2222 3938
629 210 730 264 ET
767 203 1355 266 ANNOTATIONES.
1686 199 1689 202 ’
1781 195 1907 255 427

84 353 328 388 annorum
366 335 517 385 fuisse
554 338 743 388 asserit.
814 340 983 389 Potuit
1020 346 1183 388 autem
1219 337 1351 385 inter
1384 333 1601 397 somnia,
1647 341 1698 382 et
1737 333 1909 383 subse-

85 417 243 473 quuta
273 415 407 473 gesta
428 415 477 456 et
496 408 552 456 in
577 409 859 476 Aegyptum
885 410 1230 460 abductionem
1252 407 1403 456 unius
1438 405 1556 455 anni
1591 405 1805 472 spatium
1830 405 1912 454 in-

84 488 378 529 tercurrere.

211 553 336 600 -Τοῦ
361 545 544 615 Ἰωσήφ
570 548 675 611 ἔτος
698 545 777 616 λ’.]
817 553 894 600 Ex
917 551 1102 600 tabulis
1137 549 1411 598 secundum
1443 548 1718 597 Authorem
1750 546 1914 595 Chro-

0 652 2 654 v
83 621 325 684 nologicis
356 622 420 669 ad
455 621 599 669 lacob
640 639 822 670 annum
863 628 978 677 120.
1015 629 1305 670 numeratur
1336 620 1518 685 Ioseph
1550 624 1635 673 29,
1672 618 1810 683 quasi
1833 617 1915 665 ni-

83 692 267 740 mirum
301 691 455 757 patris
485 695 567 745 90.
605 700 750 740 natus
784 693 865 742 sit.
923 694 1061 741 [dem
1093 709 1212 741 vero
1253 708 1411 739 annus
1451 690 1620 739 obiens
1645 695 1731 744 29.
1757 688 1917 737 iniens

30 767 32 770 ’
85 770 162 812 est
195 766 279 815 30.
314 762 596 848 Marginalis
620 781 855 813 numerus
882 759 937 814 λ’.
959 764 1012 811 in
1041 759 1127 831 ρλ’.
1154 762 1340 810 mutari
1365 762 1529 825 exigit.

212 828 348 894 Έως
380 853 483 884 των
503 830 697 900 χρόνων
731 830 890 886 ἀὐτοῦ
919 830 1251 896 Ἀντωνίνου]
1288 830 1620 894 Heliogabali,
1655 829 1794 878 cuius
1825 845 1919 876 ae·-

84 911 189 952 tate
215 904 415 969 scripsit
438 905 723 954 Africanus.
791 905 1122 954 Bellarminus
1149 904 1210 951 de
1237 902 1571 967 Scriptoribus
1607 899 1922 948 Ecclesiasti-

87 974 179 1024 cis.
228 975 566 1023 Possevinus
552 992 608 1023 1n
631 977 889 1041 Apparatu
915 976 974 1023 V.
996 975 1152 1023 Iulius
1176 973 1441 1021 Africanus
1464 971 1691 1037 copiose}
1730 978 1780 1018 et
1800 977 1914 1018 ante
1941 971 1993 1015 Ρ.
2019 967 2075 1016 37

85 1053 352 1124 utrumque
379 1046 715 1112 Hieronymus
752 1046 808 1094 in
849 1047 1110 1108 Catalogo,
1161 1046 1247 1108 qui
1283 1044 1343 1092 de
1386 1043 1486 1092 eius
1517 1058 1693 1107 genere
1727 1041 1833 1091 vita
1871 1047 1922 1090 et

88 1115 318 1181 scriptis:
356 1133 414 1164 ac
443 1117 642 1165 tandem
667 1118 872 1165 Vossius
901 1118 961 1165 de
984 1117 1116 1165 Hist.
1144 1114 1342 1164 Graecis
1369 1115 1456 1163 lib.
1480 1119 1528 1167 2.

232 1188 528 1252 Θαυμασίαν
560 1186 890 1254 τερέβινθον.]
931 1189 1002 1234 De
1026 1204 1123 1252 qua
1152 1186 1351 1251 copiose
1378 1185 1622 1248 Scaliger,
1658 1182 1919 1263 imponens

87 1257 233 1305 etiam
254 1258 466 1318 Lectori,
489 1258 576 1306 ubi
591 1259 691 1305 Heo
667 1259 925 1323 gesippum
941 1275 1044 1305 eam
1071 1257 1387 1322 superstitem
1410 1271 1608 1319 negasse
1625 1254 1813 1316 asserit,
1832 1253 1922 1318 qui

87 1335 282 1374 tantum
309 1344 373 1374 an
399 1337 621 1374 maneret
656 1329 747 1374 sibi
775 1329 904 1374 dixit
929 1328 1190 1376 incertum.
1263 1327 1454 1375 Certius
1481 1327 1542 1374 de
1560 1325 1648 1373 illa
1672 1325 1922 1372 disserunt

91 1397 279 1445 oculati
293 1404 438 1444 testes
451 1397 491 1443 F
493 1397 745 1444 ranciscus
762 1397 1113 1455 Quaresmius'
1098 1415 1152 1444 in
1163 1397 1514 1444 Elucidatione
1527 1404 1687 1444 terrae
1710 1404 1922 1458 sanctae,

90 1468 342 1532 Eugenius
370 1468 630 1530 Rogeiius‚
670 1475 718 1514 et
741 1468 826 1514 alii
854 1468 915 1514 de
938 1468 1092 1515 sacris
1119 1467 1596 1532 pereglinationibus
1626 1466 1892 1515 authores.

229 1533 349 1601 Ὑφ’
386 1534 443 1588 ὃν
475 1557 565 1597 τας
592 1534 789 1596 ἒκτενας
825 1534 1071 1602 ανέφερον
1103 1538 1157 1589 ἐν
1184 1543 1293 1598 ταῖς
1314 1533 1658 1604 πανηγύρεσι.]
1693 1531 1920 1596 Ἐκτενάς

92 1626 144 1658 se
169 1609 399 1672 ignorare
430 1609 614 1655 fatetur
650 1608 882 1671 Scaliger.
953 1608 1118 1655 Usitat
1153 1608 1378 1655 Ecclesia
1415 1607 1708 1656 Orientalis·
1747 1625 1920 1672 preces

90 1680 327 1730 videlicet
346 1681 680 1742 protensiores
707 1696 734 1725 a
757 1679 976 1726 Diacono
1003 1679 1429 1743 pronunciandae,
1468 1678 1646 1742 quibus
1672 1694 1766 1742 pro
1797 1695 1920 1725 cun-

94 1751 189 1799 ctis
219 1749 478 1798 hominum
511 1749 771 1813 generibus
807 1749 1055 1813 variisque
1096 1749 1342 1797 humanae
1372 1750 1505 1796 vitae
1542 1748 1919 1796 necessitatibus

92 1821 314 1871 Ecclesia
354 1819 536 1868 diserte
570 1826 619 1867 et
652 1819 895 1883 explicate
934 1820 1089 1866 Deum
1128 1819 1385 1884 Optimum
1422 1819 1694 1867 Maximum
1728 1826 1917 1883 exorat.

95 1893 285 1954 Quanti
310 1890 563 1939 faciendae
585 1889 644 1937 ab
666 1891 800 1938 omni
826 1906 943 1938 vere
974 1890 1255 1938 Christiano
1281 1889 1482 1939 homine
1505 1897 1727 1939 vetustas
1751 1906 1919 1938 earum

94 1981 123 2011 a
152 1961 564 2027 quatuordecim
549 1979 647 2008 iam
666 1961 873 2009 saeculis
897 1962 1108 2027 probata
1134 1969 1430 2011 commonet.
1500 1962 1574 2010 De
1597 1961 1700 2009 illis
1724 1960 1920 2009 abunde

92 2033 150 2082 in
170 2032 353 2082 nostris
379 2031 743 2096 Euchologicis.

233 2100 316 2155 Ἐν
341 2108 449 2163 ταῖς
472 2099 794 2170 πανηγύρεσι.
781 2099 819 2168 .]
858 2102 926 2150 Ut
949 2110 1221 2150 mercatum
1242 2102 1491 2150 Ethnicis.
1527 2103 1599 2150 ita
1631 2101 1924 2150 Christianis

96 2191 292 2223 sacrum
319 2181 626 2222 conventum
654 2173 845 2220 indicat
883 2170 1176 2241 πανήγυρις.
1243 2173 1507 2221 Ethnicam
1541 2173 1696 2222 solam
1729 2172 1922 2236 signifi-

98 2245 312 2294 cantiam
342 2251 582 2292 memorat
603 2244 833 2306 Scaliger.

234 2314 295 2364 ‘H
315 2310 366 2364 δ’
395 2333 455 2365 ου
478 2315 760 2364 κατεκαίετο
785 2314 1004 2363 δοκοῦσα
1027 2310 1400 2392 πιμπρᾶσθαι.]
1436 2312 1548 2360 His
1541 2330 1651 2362 ceu
1685 2313 1784 2362 fide
1823 2313 1923 2363 du-

96 2386 179 2434 bia
211 2385 457 2450 Scaligero
492 2384 788 2431 nutantibus
821 2390 870 2430 et
910 2400 937 2430 a
967 2383 1183 2448 praeviis
1219 2383 1386 2448 pagin.
1421 2390 1587 2431 textus
1621 2385 1798 2438 Euseb.
1832 2391 1921 2440 22.

95 2456 318 2506 rescissis
350 2463 399 2503 et
439 2455 705 2526 expunctis
749 2453 929 2501 certius
968 2454 1305 2502 testimonium
1337 2453 1505 2501 reddit
1541 2455 1830 2503 Eustathius
1856 2455 1919 2502 'ab

97 2528 285 2575 Allatio
318 2526 494 2575 editus.
567 2525 621 2576 ἐν
659 2527 697 2592 ᾧ
723 2519 854 2611 τόπῳ
881 2522 1074 2590 ὑπῆρχε
1099 2524 1182 2574 καὶ
1205 2522 1242 2588 ἦ
1262 2523 1566 2589 τερέβινθος,
1597 2520 1696 2589 υφ’
1723 2519 1759 2597 ᾗ
1781 2525 1921 2592 ἐκρυ-

98 2609 200 2662 ψεν
226 2593 405 2680 Ἰακώβ
439 2615 528 2646 του
567 2578 753 2661 Λαβαν
779 2614 839 2644 τα
865 2594 1068 2644 εἷ’·ὄωλα
1105 2590 1218 2659 ἥτις
1253 2593 1380 2656 ἐστὶ,
1416 2593 1499 2644 καὶ
1530 2598 1627 2645 νῦν
1668 2577 1738 2655 εἰς
1772 2594 1923 2661 τιμὴν

99 2687 202 2718 των
229 2663 490 2734 προγόνων
524 2686 625 2717 υπο
658 2684 759 2715 των
796 2659 1152 2751 πλησιοχώρων
1188 2659 1535 2752 θρησκεύεται.
1574 2665 1644 2716 ἔτι
1678 2686 1773 2734 γαρ
1809 2665 1922 2734 ἄχρι

99 2741 193 2789 τοῦ
219 2738 368 2804 δεῦρο
399 2733 535 2803 παρὰ
562 2755 649 2787 τον
676 2731 898 2820 πρεμνόν
924 2731 1082 2800 αυτῆς
1114 2733 1280 2802 βωμὸς
1297 2774 1311 2798 ‚
1348 2730 1437 2800 ἐφ’
1465 2732 1521 2786 ὃν
1543 2733 1606 2786 τά
1628 2755 1679 2787 τε
1702 2736 1921 2788 ὁλοκαυ-

99 2827 326 2873 τωματα,
363 2806 449 2858 καὶ
473 2826 562 2867 τας
597 2806 776 2870 εκατομ
781 2808 874 2871 βας
899 2801 1167 2891 ἀνέφερον·
1204 2802 1335 2856 εἶναί
1360 2805 1411 2856 τέ
1437 2822 1593 2869 φασιν
1617 2802 1808 2874 ῥάβδον
1831 2805 1922 2859 oev’-

101 2877 196 2944 τήν
218 2875 330 2939 ἓνὸς
356 2897 457 2928 των
494 2876 898 2939 ἐπιξενωθέντων
929 2872 1147 2964 α’γγέλων
1179 2881 1250 2945 τῷ
1273 2873 1515 2963 Ἀβρααμε
1546 2874 1714 2964 ἤνπερ
1735 2899 1802 2929 τω
1838 2874 1921 2930 τό·-

101 2967 182 3032 πῳ
202 2945 310 3000 τότε
337 2944 515 3016 παρών
542 2943 849 3012 ἒφῦτευσενε
885 2947 971 2997 καὶ
1004 2947 1053 3009 ἐξ
1082 2943 1237 3013 αὐτῆς
1262 2946 1299 3015 ἦ
1325 2943 1631 3016 οἷξιάγαστος
1647 2946 1772 3015 αὕτη
1802 2946 1924 3001 ἆνε-

104 3037 214 3083 φυη
253 3017 556 3102 τερέβινθος.
605 3017 907 3082 υφαφθεῖσα
938 3038 1032 3104 γαρ
1063 3014 1154 3084 ὅλη
1187 3038 1292 3086 πυρ
1312 3020 1527 3087 γίνεται,
1562 3019 1648 3070 καὶ
1673 3022 1920 3086 νομίζεται

103 3092 260 3141 πᾶσιν
283 3090 354 3147 εἰς
375 3085 517 3140 κόνιν
548 3088 602 3140 ἐκ
623 3093 713 3153 τῆς
742 3085 930 3154 φλογος
954 3084 1281 3142 αναλύεσθαι.
1335 3092 1727 3156 κατασβεσθεῖσα
1753 3091 1920 3155 μέντοι

104 3155 286 3224 ασινῆς
321 3154 410 3222 όλη
449 3158 533 3209 καὶ
573 3153 805 3225 ακέραιος
835 3161 1098 3212 δείκνυται.
1182 3163 1259 3208 Eo
1296 3161 1396 3208 loci
1433 3161 1557 3226 (quo
1586 3161 1830 3210 Abraham
1869 3168 1919 3209 et

105 3228 284 3295 Ioseph
307 3227 509 3295 sepulti)
546 3230 717 3277 stabat
753 3230 1097 3294 Terebintlzas,
1135 3231 1230 3278 sub
1262 3250 1367 3296 qua
1387 3231 1577 3280 Laban
1600 3231 1918 3279 sinuclaclzra

108 3299 258 3349 Iacob
286 3300 572 3349 occultavit.
645 3302 728 3348 Ea
741 3311 1054 3365 perseverat.-
1091 3312 1136 3350 et
1160 3305 1217 3350 in
1240 3305 1495 3350 maiorum
1522 3304 1755 3353 honorem
1783 3319 1816 3348 a
1844 3303 1918 3349 vi-

108 3373 239 3417 cini-9
275 3370 456 3416 incolis
481 3373 753 3435 praecipuo
788 3371 972 3419 honore
997 3375 1195 3424 colitur.
1282 3373 1375 3422 Ad
1401 3377 1509 3423 eius·
1536 3375 1664 3420 enim
1696 3374 1919 3436 stipitem

109 3444 161 3488 in
187 3439 482 3488 hodiernum
504 3458 662 3505 usque
687 3440 817 3488 diem
843 3443 1006 3489 altare
1031 3454 1243 3492 erectum
1270 3454 1366 3505 est,
1405 3443 1479 3491 ad
1504 3441 1644 3506 quod
1675 3441 1918 3490 holocau-

110 3521 192 3559 sta
216 3521 260 3559 et
283 3511 603 3560 laecatombas
640 3507 913 3579 (sacrificia
941 3520 989 3562 et
1022 3531 1194 3580 preces
1217 3532 1364 3579 quam
1386 3513 1543 3562 nihilo
1572 3511 1731 3562 secius
1758 3530 1915 3581 expo-
