2222 3938
675 199 774 255 ΕΤ
808 196 1393 255 ANNOTATIONES.
1824 187 1948 247 407

123 326 383 384 Eusebius·⁴
408 328 494 377 hio
517 345 713 393 ponens
742 333 828 383 70.
869 326 1262 396 Chronologiam
1304 328 1502 378 Cainan
1547 326 1797 388 omiserit,
1851 343 1952 375 non

127 420 228 452 uno
255 401 454 450 nomine
478 397 904 464 reprehendendus
925 409 1011 453 est.
1058 399 1512 466 Reprehendendus
1554 396 1708 461 magis
1744 396 1951 445 Latinus

124 475 398 538 interpres,
434 469 520 518 vel
541 469 751 518 Librarii
773 470 1065 534 incusandi,
1102 471 1191 537 qui
1215 470 1322 520 eius
1356 487 1539 520 nomen
1570 475 1621 518 et
1651 474 1862 518 aetatem
1895 467 1952 516 in

123 542 323 594 Latinos
349 556 518 589 omnes
547 540 744 589 codices
768 541 1065 590 intulerunt.
1534 535 1541 542 ’

260 607 521 677 Ἐπέζησεν
548 610 631 677 ἔτη
652 608 761 676 υλ’.]
796 612 974 660 Tribus
1016 611 1289 660 unitatibus
1325 627 1352 659 e
1380 617 1620 676 corrupto
1650 616 1794 657 textu
1826 602 1950 676 vly'.

124 682 411 750 expunctis,
461 681 625 730 Heber
653 683 771 735 564.
807 690 856 729 et
882 690 997 748 post
1022 682 1350 733 παιδοποιίαν
1385 681 1506 735 460.
1534 681 1720 728 vixisse
1752 678 1951 742 colligi-

123 763 235 811 tur,
273 752 372 802 hoc
394 760 559 817 pacto,
598 752 764 801 Heber
791 754 908 807 134.
937 751 1119 802 Phalec
1149 756 1263 807 130.
1286 753 1457 816 Ragau
1483 754 1598 806 132.
1621 749 1812 800 Seruch
1835 753 1951 804 130.

123 823 324 875 Nachor
355 826 437 876 38.
461 822 584 877 564.

262 889 459 964 ssssyr']
496 892 797 942 Redundant
816 901 917 942 tres
942 893 1064 942 istae
1086 890 1362 940 numerales
1387 891 1443 939 in
1472 898 1616 939 textu
1632 926 1648 953 ‚
1684 890 1782 939 nisi
1803 905 1953 956 prae-

121 964 347 1033 positum
379 963 531 1026 velis,
569 963 661 1024 ἕως
695 968 788 1015 τοῦ
812 958 983 1033 Ιβῆῥπῖ
1020 971 1070 1013 et
1093 961 1410 1011 subiunxeris
1445 961 1583 1022 ἔτους
1615 965 1709 1012 τοῦ
1738 955 1949 1026 κόσμου.

123 1039 384 1098 Retentae,
437 1042 486 1082 et
527 1051 639 1082 cum
678 1035 787 1082 aliis
823 1042 1138 1099 comparatae
1171 1032 1493 1081 difficultates
1532 1048 1611 1080 eas
1649 1032 1880 1096 pariunt,
1925 1047 1954 1078 a

125 1107 331 1172 quibus,
366 1104 408 1153 si
430 1114 706 1170 superesset
731 1107 865 1154 inter
885 1106 1054 1167 vivos,
1091 1121 1185 1152 nec
1211 1103 1452 1152 Eusebius
1474 1102 1641 1167 ipsum
1667 1119 1718 1149 se
1740 1101 1956 1151 eximere

123 1184 309 1244 posset.
368 1177 502 1224 Pone
543 1176 874 1224 etenimvcum
903 1176 1169 1238 Africano,
1208 1175 1294 1239 qui
1328 1177 1411 1227 70.
1450 1173 1786 1237 Interpretum
1811 1178 1956 1219 textu

124 1249 311 1310 utitur,
348 1246 618 1311 Arphaxad
645 1264 775 1294 anno
808 1247 963 1301 2242.
987 1254 1186 1294 natum:
1225 1245 1351 1292 adde
1382 1244 1504 1291 hinc
1537 1242 1808 1307 Arphaxad
1840 1248 1956 1290 ante

122 1318 440 1385 τεκνογονίας
476 1317 742 1365 terminum
782 1335 939 1365 annos
980 1318 1095 1371 135.
1135 1316 1246 1363 Sala
1284 1318 1400 1368 130.
1432 1314 1596 1361 Heber
1625 1314 1739 1366 134.
1773 1310 1955 1360 Phalec

126 1393 246 1444 130.
280 1395 328 1436 et
363 1387 468 1434 eius
502 1388 637 1436 vitae
663 1388 885 1452 reliquos
911 1393 1031 1442 209,
1055 1388 1205 1452 plane
1242 1385 1432 1449 colligis
1465 1388 1620 1441 2980.
1652 1383 1795 1430 illinc
1817 1399 1956 1443 vero,

123 1461 189 1509 ad
213 1458 366 1514 2242.
395 1458 588 1506 eosdem
611 1459 823 1522 adiunge
842 1475 1015 1508 rursus
1045 1457 1313 1523 Arphaxad
1344 1457 1458 1509 135.
1491 1454 1603 1502 Sala
1642 1456 1757 1507 130.
1792 1453 1958 1511 Heber

127 1530 248 1584 134.
281 1527 461 1578 Phalec
499 1532 616 1583 130.
649 1530 820 1593 Ragau
857 1533 973 1584 132.
1013 1537 1061 1576 et
1083 1527 1274 1576 Seruch
1310 1525 1526 1589 (lenique
1551 1524 1635 1578 75.
1660 1540 1902 1573 summam
1928 1539 1957 1569 a

123 1600 282 1667 priori
298 1600 491 1647 duobus
515 1599 840 1662 deficientem,
863 1600 918 1647 id
944 1606 1020 1647 est
1042 1603 1195 1653 2978.
1218 1596 1371 1646 elicis.
1392 1598 1560 1643 Statue
1586 1610 1701 1645 cum
1725 1593 1954 1657 Georgio,

127 1671 214 1720 cui
245 1678 415 1718 textus
448 1674 531 1723 70.
570 1670 835 1735 Interpret.
868 1669 920 1717 in
955 1686 1109 1717 manu
1147 1676 1247 1731 est,
1283 1667 1372 1716 ubi
1400 1666 1631 1714 maiorem
1668 1672 1957 1730 computum

126 1740 373 1806 sequitur,
408 1739 680 1805 Arphaxad
702 1740 833 1788 anno
853 1740 1011 1794 2243.
1031 1740 1194 1787 lucem
1224 1736 1498 1803 aspexisse:
1534 1735 1785 1800 prioribus
1817 1750 1958 1783 sum-

125 1813 220 1860 mis
256 1811 378 1859 hinc
410 1811 620 1873 additis,
667 1815 821 1865 2981.
853 1828 1041 1859 summa
1081 1808 1313 1872 emergit3
1364 1824 1428 1855 ex
1470 1806 1579 1854 aliis
1616 1806 1771 1853 altera
1801 1808 1959 1859 2979.

122 1883 348 1932 habetur.
398 1881 551 1945 Finge
577 1883 728 1929 tertio
763 1898 826 1929 ex
850 1881 1075 1942 Eusebii,
1110 1886 1261 1945 prout
1290 1893 1594 1943 exponemus
1632 1876 1812 1936 modo,
1849 1873 1960 1922 cal·-

20 1983 23 1987 ,
124 1954 251 2002 culis
273 1951 545 2018 Arphaxad
574 1953 715 2000 annis
741 1952 934 2000 duobus
957 1951 1148 1999 diluvio
1172 1949 1500 2015 posteriorem
1528 1959 1662 1994 ‘anno
1691 1944 1845 2002 2244.
1869 1960 1959 2008 ge·-

124 2025 314 2073 nitum:
352 2022 473 2070 hinc
506 2040 568 2070 ex
598 2023 849 2088 prioribus
885 2022 1088 2071 summis
1128 2038 1257 2068 anno
1288 2025 1443 2074 2982.
1467 2017 1713 2080 moritur;
1751 2033 1816 2064 ex
1846 2014 1958 2063 aliis

127 2112 257 2143 anno
284 2092 474 2141 Seruch
499 2096 584 2148 75.
609 2094 786 2141 mundi
808 2097 961 2147 2980.
995 2098 1350 2141 numerantur}
1390 2106 1541 2154 quare
1565 2086 1756 2135 Seruch
1791 2102 1961 2133 anno-

125 2182 241 2215 rum
264 2180 501 2211 numerus
522 2164 788 2212 mendosus
813 2172 912 2225 est,
953 2171 1000 2210 et
1028 2179 1090 2209 ex
1119 2169 1284 2209 mente
1312 2159 1509 2208 Eusebii
1536 2158 1766 2223 proxime
1791 2172 1960 2220 expo—
1988 2193 1990 2196 .

128 2236 223 2284 sita
245 2233 512 2282 mutandus
539 2233 593 2279 in
620 2238 703 2286 77.
725 2242 784 2281 ut
817 2250 929 2281 cum
962 2232 1086 2280 lethi
1123 2230 1394 2295 Arphaxad
1418 2237 1642 2292 tempore
1678 2225 1958 2285 conveniat,

129 2313 180 2355 et
211 2322 236 2351 a
277 2303 612 2363 correctione,
651 2319 798 2366 quam
839 2302 1043 2366 Georgii
1074 2301 1200 2350 ratio
1241 2300 1422 2364 exigit,
1459 2299 1522 2347 ad
1555 2296 1826 2361 marginem
1853 2294 1958 2344 fixa

130 2376 409 2438 discrepare
438 2389 539 2419 non
563 2372 869 2421 observetur.
1469 2419 1473 2425 ,

51 2439 54 2445 ’
269 2446 383 2507 Pag.
423 2446 507 2495 87.
546 2439 691 2492 Μετὰ
712 2441 766 2494 δὲ
787 2440 872 2493 τὸν
903 2439 1103 2506 Φαλέκ.]
1140 2440 1253 2489 Non
1285 2445 1483 2487 mortuo
1512 2435 1726 2498 Phalec,
1758 2433 1846 2483 sed
1873 2451 1956 2483 or·-

131 2515 247 2566 dine
269 2514 330 2562 ad
354 2530 462 2561 eum
492 2520 704 2563 servat0.

266 2580 445 2650 Ῥαγᾶβ
479 2578 747 2651 γενόμενος
789 2581 911 2634 ἐτῶν
950 2576 1089 2647 ρλε’.]
1140 2579 1220 2628 Ex
1252 2577 1397 2627 editis
1427 2580 1513 2633 70.
1551 2574 1768 2640 Scaliger
1802 2572 1958 2623 resti-

128 2656 230 2707 tuit
282 2659 308 2704 λ
359 2689 373 2704 .

251 2653 528 2791 ςΕςΙτέζησεν
568 2722 650 2788 ἔτη
691 2718 827 2791 ριθ’.]
878 2721 950 2769 Ita
986 2727 1217 2768 numerat
1248 2725 1418 2766 textus
1451 2716 1703 2764 Hebraeus
1739 2713 1956 2762 Graecus

131 2802 216 2853 70.
248 2797 433 2862 Interp.
471 2799 587 2847 125.
624 2810 686 2842 ex
722 2801 934 2856 utroque
965 2790 1190 2839 deductis
1217 2788 1406 2836 Tharae
1439 2792 1526 2841 70.
1558 2785 1678 2833 hinc
1702 2785 1786 2838 55.
1814 2783 1958 2831 illinc

132 2869 217 2922 49.
250 2868 384 2917 vitae
414 2864 660 2914 Abraham
691 2870 970 2912 remanente
1009 2877 1161 2926 quare
1184 2854 1268 2919 οζ’.
1305 2859 1361 2906 in
1399 2851 1502 2924 μθ’.
1534 2854 1955 2905 commutandum.

136 2939 351 2988 Consule
375 2935 724 2984 Samaritarum
748 2933 1041 2982 laterculum
1074 2933 1127 2978 in
1153 2930 1303 2978 idem.

284 3005 355 3058 Τοέ
385 3003 549 3057 πάντα
582 3002 843 3073 συνάγεται
878 2999 1068 3071 ,γρπδ’.]
1105 2999 1304 3048 Diluvio
1329 3015 1393 3048 ex
1420 2997 1619 3046 Eusebii
1652 2992 1856 3044 calculis
1894 2990 1958 3038 ad

140 3094 326 3127 annum
364 3077 424 3124 ab
464 3084 577 3125 ortu
612 3075 787 3124 mundi
813 3077 967 3131 2242.
1009 3071 1310 3127 constituto,
1359 3077 1408 3116 et
1439 3068 1638 3116 biennio
1677 3071 1794 3131 post
1825 3077 1956 3109 anno

141 3149 297 3203 2244.
326 3146 593 3211 Arphaxa'd
622 3146 676 3194 in
703 3148 866 3194 lucem
899 3144 1200 3209 prodeunte,
1238 3140 1301 3187 ad
1333 3138 1556 3188 Abrahae
1586 3137 1798 3186 natalem
1825 3131 1956 3179 diem

140 3218 320 3281 reliqui
342 3217 459 3264 anni
483 3217 783 3279 colliguntur
805 3214 899 3262 hac
922 3214 1125 3262 ratione.
1171 3209 1441 3276 Arphaxad
1462 3209 1631 3257 aetatis
1658 3205 1770 3259 135.
1797 3217 1957 3265 gene-

143 3295 223 3339 rat
259 3288 398 3344 Sala,
447 3288 622 3334 mundi
657 3290 808 3340 2379.
846 3285 954 3332 Sala
997 3284 1057 3331 fit
1094 3290 1232 3348 pater
1269 3281 1433 3329 Heber
1479 3287 1594 3344 post
1641 3289 1796 3322 annos
1838 3273 1954 3322 130.

143 3358 316 3408 mundi
340 3358 493 3411 2509.
515 3357 677 3405 Heber
700 3372 945 3404 annorum
972 3354 1087 3407 134.
1120 3351 1329 3417 suscipit
1355 3350 1559 3409 Phalec‚
1600 3347 1751 3399 2643.
1777 3340 1958 3418 Phulqc

147 3429 316 3477 aetatis
339 3430 453 3481 130.
488 3434 716 3492 procreat
741 3428 909 3491 Ragau
934 3427 1085 3477 2773.
1119 3441 1144 3471 e
1171 3424 1335 3486 Ragau
1361 3422 1519 3469 oritur
1552 3413 1737 3464 Seruch
1753 3449 1765 3474 ,
1804 3418 1959 3476 patris

146 3500 279 3550 vitae
313 3501 426 3554 132.
448 3497 503 3547 id
529 3504 600 3548 est
633 3496 806 3547 mundi
843 3495 997 3550 2905.
1024 3493 1210 3543 Seruch
1250 3492 1391 3540 annis
1429 3493 1541 3543 130.
1578 3493 1725 3534 natus
1761 3488 1958 3548 generat
