2222 3938
300 204 427 263 372
837 258 840 262 .
914 211 1492 273 EMENDATIONES

299 340 449 398 habes
481 360 508 390 a
529 342 704 391 mundi
717 341 930 391 exordio
958 341 1112 396 4172.
1136 342 1331 390 Eusebii
1361 345 1563 394 calculis
1590 353 1957 410 congruentem.
1997 386 1999 388 .
2028 347 2126 396 Ec-

139 410 193 454 V.
219 411 272 456 15
303 414 422 479 quid
444 415 660 477 Scaliger
684 413 954 462 Eusebium
981 413 1051 472 εἰς
1074 409 1128 463 τὸ
1149 409 1316 482 Ιδυοηῖ
1342 412 1455 479 ἤτοι
1479 421 1550 485 τῷ
1568 414 1570 416 ’
1586 425 1678 466 etc.
1721 411 2020 466 scribentem
2041 418 2128 466 in-

301 484 476 532 ducit?
513 484 712 533 Eusebii
737 501 802 532 an
829 484 1030 547 Georgii
1056 492 1349 548 excerptum
1374 485 1659 535 huiusmodi
1680 487 1743 534 sit
1762 487 1869 552 ipse
1891 497 2126 552 exponat.

298 555 524 620 Exponit
554 563 686 602 certe
712 562 762 602 et
785 571 1004 603 errorem
1037 554 1310 602 admissum
1334 556 1518 604 fatetur
1540 557 1772 606 Animad.
1795 574 1904 622 pag.
1929 560 2048 612 250.

445 628 556 675 Τῶν
578 620 634 675 o'.
655 625 943 693 γλωσσῶν.]
981 625 1282 687 Linguarum
1306 643 1566 676 numerum
1587 646 1615 674 a
1637 630 1719 680 SS.
1753 629 1844 679 ΡΡ.
1871 628 2128 676 nonnullis

292 713 357 744 ex
388 694 629 742 Gentibus
655 700 741 748 72.
772 697 1034 743 collectum
1062 695 1322 760 Scriptura
1344 703 1493 747 tacet.
1570 699 1687 746 Eius
1728 698 1956 747 meminit
1979 700 2129 762 Euse-

291 767 403 816 bius
439 766 493 812 in
532 765 782 813 Chronico
804 803 816 827 ‚
866 765 1178 830 Epiphanius
1217 766 1306 813 sub
1345 768 1536 815 Panarii
1580 769 1867 830 exordium,
1923 776 1972 816 et
2003 769 2127 818 Hae-

289 835 390 886 resi
414 839 496 888 39.
519 834 822 898 Augustinus
855 836 939 886 lib.
974 839 1056 890 16.
1091 836 1151 884 de
1179 836 1325 889 Civit.
1352 838 1442 886 Dei
1488 855 1596 904 cap.
1634 842 1684 892 3.
1719 847 1768 888 et
1804 844 1886 894 11.
1916 839 2130 907 Prosper

290 907 378 957 lib.
405 911 454 959 2.
482 904 543 954 de
569 906 743 958 Vocat.
776 908 916 954 Gent.
949 913 998 953 et
1024 906 1128 956 alii.

436 974 540 1026 Καὶ
569 980 663 1028 τοῦ
685 977 807 1028 υἱοῦ
828 972 1008 1027 τούτου
1037 980 1241 1028 Καϊνᾶν
1266 973 1407 1044 τνη’.]
1448 979 1713 1028 Eusebiani
1733 987 1902 1030 textus
1933 997 2131 1046 repara..

293 1054 455 1094 torem
470 1048 773 1110 Scaligerum
793 1048 1065 1096 benevolus
1079 1049 1257 1096 Lector
1283 1053 1650 1116 contempletur
1671 1068 1780 1115 pag.
1816 1055 1900 1105 11.
1920 1051 2051 1099 linea
2077 1052 2128 1105 5.

292 1115 469 1164 Viden'
504 1125 564 1164 ut
599 1118 717 1166 solis
759 1118 916 1184 ipsius
946 1118 1099 1167 radiis
1132 1120 1317 1168 scribat
1330 1121 1425 1171 ’καὶ
1449 1126 1542 1173 τοῦ
1572 1122 1692 1172 υἱοῦ
1713 1117 1894 1172 τούτου
1928 1124 2130 1172 Καϊνᾶν
2205 1142 2211 1146 “

293 1182 417 1252 τνη’.
491 1187 558 1236 At
587 1196 719 1237 certe
747 1189 934 1236 Cainan
958 1188 1109 1236 istum
1137 1189 1386 1238 Chronico
1413 1209 1516 1239 non
1540 1191 1749 1240 inseruit
1774 1191 2030 1253 Eusebius,
2067 1208 2131 1240 ex

292 1275 393 1322 quo
428 1265 596 1305 tantae
619 1259 680 1306 de
718 1258 808 1307 illo
849 1259 1035 1324 passim
1067 1260 1203 1324 apud
1231 1261 1496 1324 Georgium
1538 1256 1788 1326 querelae,
1823 1278 1885 1310 ex
1921 1263 2023 1310 eius
2053 1262 2130 1310 in-

294 1346 466 1392 quam,
491 1329 768 1391 *omissione
796 1330 1123 1395 stupiditatis,
1151 1331 1476 1395 negligentiae
1493 1373 1506 1394 ‚
1542 1333 1724 1381 erroris
1751 1333 1990 1381 Eusebius
2009 1333 2129 1381 adeo

132 1402 184 1445 P.
212 1402 267 1446 16
297 1401 579 1463 frequenter
609 1401 897 1463 damnatus,
933 1409 992 1447 ut
1013 1401 1246 1449 nonnihil
1270 1403 1325 1449 in
1350 1420 1406 1450 eo
1433 1404 1496 1451 ad
1517 1421 1727 1469 poenam
1752 1403 1998 1452 trahendo
2022 1404 2131 1452 im-

295 1477 544 1535 portunus
577 1479 625 1518 et
653 1471 925 1519 inclemens
953 1472 1194 1535 Georgius
1223 1475 1484 1537 Syncellus
1521 1492 1624 1522 esse
1653 1475 1898 1523 videatur.
1968 1475 2130 1522 Euse-

291 1541 363 1588 bii
390 1548 557 1588 tamen
585 1542 918 1607 interpolator
942 1543 1162 1606 Scaliger
1183 1544 1371 1591 Cainan
1393 1546 1448 1592 in
1461 1545 1658 1594 Eusebii
1680 1552 1879 1593 textum
1909 1545 2046 1609 quasi
2068 1560 2132 1592 ex

289 1612 396 1659 eius
419 1612 585 1660 verbis
609 1615 779 1661 refert.
854 1613 994 1677 Sapit
1017 1614 1257 1677 Georgius
1281 1615 1551 1663 Eusebium
1577 1615 1859 1664 omissionis
1879 1616 2130 1676 incusam,

289 1700 354 1730 an
381 1682 564 1747 desipit
593 1684 811 1747 Scaliger
835 1683 1047 1733 Eusebio
1072 1684 1235 1733 invito
1260 1693 1310 1733 et
1335 1686 1641 1751 stupiditatis
1675 1687 1877 1734 nomine
1899 1686 2127 1734 damnato

289 1769 400 1818 pag.
427 1753 511 1805 54.
539 1758 623 1806 79.
654 1755 870 1807 85.169.
948 1754 1134 1800 Cainan
1174 1757 1446 1803 secundum
1474 1756 1528 1803 in
1557 1757 1663 1804 eius
1699 1757 1886 1822 scripta
1914 1756 2131 1824 ἐμβρον-

290 1819 452 1887 τήτως
479 1824 741 1871 intrudens
759 1823 783 1870 ’Β
823 1824 960 1883 Quae
987 1823 1076 1873 hic
1105 1824 1411 1875 observanda
1434 1827 1659 1893 superius
1690 1827 1959 1893 praemissa
1981 1844 2129 1893 repe-

289 1894 388 1941 ries
419 1893 481 1940 ad
502 1909 611 1957 pag.
638 1895 722 1947 42.
747 1902 906 1942 notas.

431 1964 530 2024 Εἰς
552 1968 721 2015 πᾶσαν
737 1962 832 2030 τήν
857 1965 1161 2033 οἰκουμένην
1185 1963 1384 2034 οὕτως.]
1425 1968 1591 2018 Alium
1617 1968 1879 2017 divisionis
1901 1967 2128 2017 ordinem

285 2032 340 2080 :In
369 2032 618 2083 Chronico
649 2036 891 2087 Alexand.
922 2038 1286 2087 animadvertes
1317 2041 1484 2088 statim
1514 2041 1568 2087 in
1593 2040 1781 2087 limine.

436 2109 546 2155 Τῶν
571 2100 662 2170 οβ’.
702 2107 872 2157 ἐθνῶν
900 2103 1156 2174 timinam]
1228 2111 1320 2157 Illa
1364 2111 1635 2176 desumpsit
1673 2109 1872 2157 Author
1910 2125 1973 2156 ex
1999 2109 2127 2161 Iose-

285 2172 377 2239 phi
400 2175 565 2239 Antiq.
588 2177 676 2223 lib.
706 2181 751 2228 1.
779 2194 886 2241 cap.
911 2183 960 2230 7.
985 2196 1082 2243 quo
1112 2189 1290 2227 cuncta
1312 2182 1571 2229 nationum
1593 2181 1756 2246 capita
1782 2187 2128 2245 exponuntur:

288 2246 503 2292 Graecae
532 2247 933 2311 pronuntiationi
967 2250 1196 2297 vciniora
1226 2259 1344 2316 post
1375 2251 1642 2317 Iosephum
1672 2250 1870 2298 Author
1890 2249 2126 2299 reddidit.

284 2315 329 2363 A
359 2316 570 2379 Georgio
598 2325 852 2366 mutuatus
884 2327 960 2366 est
991 2321 1239 2368 Cedrenus
1267 2321 1501 2370 editionis
1529 2322 1707 2386 Regiae
1730 2338 1826 2386 pag
1854 2325 1935 2375 12.
1964 2338 1992 2367 a
2018 2328 2128 2368 ter-

285 2403 374 2448 go:
414 2386 520 2434 hiat
545 2395 712 2435 tamen
737 2389 913 2436 iisdem
940 2390 995 2437 in
1017 2391 1142 2439 locis
1181 2391 1436 2456 exemplar
1457 2401 1727 2457 utrumque
1752 2399 1801 2439 et
1825 2391 2012 2439 editum
2039 2392 2127 2438 Ce-

284 2457 431 2503 dreni
466 2465 514 2505 et
541 2458 739 2522 Georgii
759 2459 860 2507 MS.
889 2467 937 2507 et
958 2460 1256 2509 Vaticanum
1282 2463 1491 2511 Cedreni
1534 2481 1685 2528 opera
1724 2461 2011 2509 amicissimi
2037 2461 2127 2508 Al-

283 2526 396 2573 latii
418 2529 698 2576 consultum
717 2529 894 2578 iisdem
917 2531 1109 2579 lacunis
1134 2533 1357 2581 deforme
1383 2542 1456 2582 est
1469 2551 1486 2595 3
1526 2533 1874 2596 communique
1896 2531 2126 2579 testimo-

284 2595 370 2642 nio
395 2598 547 2661 primi
576 2600 776 2662 Georgii
800 2600 1114 2666 Autographi
1153 2603 1402 2652 defectum
1439 2613 1670 2668 arguunt.
1742 2602 2018 2650 Nonnullas
2062 2617 2125 2648 ex

282 2666 496 2731 Iosepho
514 2670 612 2716 suis
633 2670 757 2718 locis
781 2673 973 2736 replevi
995 2673 1226 2736 lacunas,
1266 2674 1481 2738 reliquas
1506 2691 1735 2740 reparare
1753 2671 1996 2737 Iosephus
2015 2671 2124 2737 ipse

284 2753 390 2785 non
417 2739 638 2802 potuisse
663 2748 876 2789 *testatur
901 2742 1036 2790 notis
1059 2745 1397 2807 sequentibus.

424 2803 529 2871 Ἀφ’
561 2803 626 2860 οὗ
658 2812 877 2877 Λυδοί.]
929 2812 1217 2862 Chronicon
1256 2814 1669 2863 Alexandrinum.
1720 2807 1890 2874 Λοΰδ,
1927 2811 2122 2872 scribit,

281 2875 336 2936 ἐξ
363 2870 426 2926 οὗ
451 2881 725 2942 Μαζῶνες,
764 2881 850 2932 καὶ
872 2885 1078 2948 Μῆδοι,
1116 2883 1204 2936 καὶ
1227 2884 1434 2954 Πέρσαι.
1499 2884 1721 2933 Raderus
1749 2882 1970 2932 restituit
1999 2879 2123 2932 Μά-

289 2965 458 3007 κωνες.

424 3013 605 3083 Σύροι]
645 3019 796 3070 Idem.
823 3016 1004 3073 Ἐκταί.

429 3085 721 3154 Τράχωνες.]
751 3091 886 3140 Idem
908 3094 1207 3144 Μαδιναῖοι.
1244 3093 1469 3142 Raderus
1491 3092 1768 3160 improprie
1790 3089 2119 3142 Madianicae

285 3156 521 3208 reddidit.

426 3227 739 3296 Μαγαρὸοί.]
778 3231 931 3282 Idem.
966 3231 1147 3282 Λυδοί.

423 3294 714 3365 Ἀρμένιοι.]
753 3301 908 3350 Idem.
948 3302 1226 3367 Γαρφηνοί.

424 3365 726 3435 Μεσήνιοι.]
765 3372 920 3421 Idem.
955 3367 1270 3437 Ἀλασσηνοί.

425 3440 663 3506 Καϊνᾶν.]
703 3441 861 3501 Quem
893 3449 1025 3491 tacet
1048 3442 1288 3492 Eusebius
1303 3481 1319 3506 ‚
1356 3450 1597 3492 memorat
1618 3443 1800 3493 iterum
1825 3442 2041 3507 Scaliger
2059 3441 2116 3489 in

285 3509 402 3558 ficto
429 3510 628 3559 Eusebii
658 3519 819 3563 textu.
