2112 3854
794 224 1292 283 DISSERTATIO.
1875 218 1963 283 19'

135 356 327 424 primus
354 372 509 404 annus
531 354 716 404 Christi
742 355 833 407 sit:
868 374 916 421 p.
949 362 996 410 2.
1022 357 1076 407 A.
1106 358 1163 406 B.
1195 374 1245 422 p.
1267 359 1319 412 3.
1343 355 1398 406 Β.
1413 355 1459 422 ⁷)
1506 356 1676 421 Itaque
1704 357 1945 405 Genealo-

137 428 242 490 g-iae
265 426 492 475 Iudaicae
521 427 738 475 inlibris
767 427 955 475 Veteris
977 428 1297 491 Testamenti,
1337 445 1458 493 quos
1493 445 1520 476 a
1560 427 1753 491 Spiritu
1779 427 1948 476 sanct'o

136 497 334 544 inflatos
359 513 463 544 esse
494 498 683 561 pluries
717 497 885 545 laudat
921 515 971 562 p.
1005 498 1056 550 4.
1087 498 1144 545 B.
1189 499 1241 545 C.
1276 515 1513 547 summam
1544 498 1719 547 tribuit
1749 498 1952 562 diligen.

135 568 282 629 tiam,
321 584 379 614 ac
416 566 796 631 Chronologiae,
845 583 908 614 ex
941 566 1020 614 his
1064 569 1393 633 compositae,
1427 586 1506 617 res
1546 575 1704 632 gestas
1742 568 1951 617 aliorum

134 638 435 720 populorum
458 644 692 701 tanquam
712 655 791 685 res
812 638 1018 685 secundi
1040 638 1229 686 ordinis
1262 639 1475 690 subiicit.

246 707 458 755 Primus
487 708 638 771 igitur
672 715 720 756 et
749 710 1060 789 praecipuus
1074 711 1221 770 fona,
1260 726 1285 756 e
1321 728 1419 774 quo
1455 709 1692 773 Georgius
1722 709 1951 757 Chrono—

135 777 389 862 graphiam
426 777 621 840 hausit,
672 786 746 826 est
782 777 818 843 ἦ
853 773 1305 839 θεόπνευστος
1339 777 1587 847 γραφὴ,
1635 777 1792 829 κατοέ
1838 799 1951 843 την

136 866 266 898 των
302 843 342 898 o'
369 847 732 928 ἑρμηνείαν.
805 849 980 896 Rarius
1011 849 1141 896 enim
1169 850 1337 898 Patres
1364 851 1611 898 Ecclesiae
1633 851 1827 913 linguae
1848 851 1954 897 He-

135 918 327 966 braicae
349 919 498 983 periti
525 926 691 982 erant,
730 927 777 967 et
805 936 1100 983 quamquam
1127 919 1366 983 Georgius
1392 921 1737 983 Genealogiam
1763 938 1788 968 e
1810 920 1951 968 libris

137 989 473 1036 Hebraeorum
506 1006 609 1037 non
645 990 867 1052 negligit,
918 997 1084 1037 tamen
1119 990 1299 1037 nullibi
1336 998 1678 1054 argumentum
1718 991 1954 1056 occurrit,

137 1075 251 1106 eum
279 1059 475 1122 linguae
499 1059 767 1107 Hebraicae
791 1077 1002 1123 gnarum
1035 1059 1448 1111 suisse.1nserit
1475 1059 1671 1125 quidem
1701 1061 1956 1109 interdum

135 1128 386 1178 velsiones
420 1147 602 1177 vocum
637 1130 1018 1192 Hebraica1um,
1066 1138 1122 1177 ut
1154 1147 1265 1195 pag.
1300 1132 1347 1185 5.
1374 1132 1433 1180 Ι).
1484 1126 1660 1215 Ἀδοῖμ
1700 1126 1956 1196 ω’νὸμασεν

138 1196 315 1260 Εύαν,
353 1196 380 1250 ὃ
412 1196 732 1266 ἑρμηνεύεται
764 1195 889 1266 ζωή,
925 1217 1037 1266 pag.
1076 1205 1157 1254 10.
1190 1201 1242 1248 C
1279 1196 1604 1268 ἑρμηνεύεται
1631 1221 1722 1268 γαρ
1749 1200 1779 1252 ὁ
1806 1198 1958 1261 Ἐνως

137 1268 320 1321 ωσανεὶ
355 1266 655 1336 ανθρωπος,
691 1290 816 1321 κατα
846 1268 934 1321 τόν
964 1267 1228 1354 Ἑβραϊκὸν
1259 1291 1418 1334 νουνς
1463 1290 1515 1338 p·
1558 1274 1640 1325 15.
1670 1273 1724 1319 Β.
1762 1272 1832 1332 εἰς
1861 1276 1958 1339 γῆν

134 1338 447 1405 καλουμένην
471 1338 599 1402 Νόδ,
630 1337 740 1405 ἥτις
761 1338 1181 1407 μεθερμηνεύεται
1201 1341 1479 1407 τρέμουσαι
1515 1358 1578 1389 ex
1597 1341 1711 1388 his·
1695 1342 1815 1407 ipsis
1837 1359 1957 1390 vero

135 1409 448 1458 versionibus
483 1411 794 1475 maximeque
833 1428 859 1458 e
896 1412 1090 1459 ratione
1132 1411 1320 1458 citandi
1359 1407 1722 1479 (ἑρμηνεύεται)
1763 1413 1961 1476 colligo,

137 1480 405 1543 Georgium
442 1489 658 1529 caeteros
691 1481 938 1529 Ecclesiae
961 1488 1126 1547 patres
1164 1481 1427 1529 intellectu
1463 1483 1659 1545 linguae
1691 1483 1962 1530 Hebraicae

134 1568 239 1599 non
276 1567 548 1640 superasse.
622 1552 916 1612 (Conferas
902 1551 1127 1616 inprimis
1162 1568 1271 1615 pag.
1299 1555 1383 1604 37.
1411 1552 1462 1598 C.
1501 1549 1750 1619 Νεμβρωδ
1775 1550 1960 1620 ἤρξατο

137 1617 267 1671 εἶναι
290 1639 320 1687 γ
335 1623 354 1672 ί
369 1642 396 1688 y
412 1640 480 1680 ας
501 1619 582 1670 ἐπὶ
608 1624 697 1685 τῆς
721 1640 814 1688 γης
834 1641 880 1671 κ.
892 1640 930 1670 τ.
946 1626 1007 1684 λ.)
1036 1621 1205 1684 Neque
1228 1629 1411 1668 temere
1426 1622 1706 1669 versionem
1722 1623 1961 1671 Graecam

130 1694 235 1741 τῶν
264 1710 289 1741 ο
329 1691 469 1755 sequi
494 1690 586 1737 sibi
605 1691 820 1741 videtur.
892 1692 1015 1739 Nam
1040 1693 1152 1737 Deo
1180 1693 1461 1755 inspirante
1493 1688 1762 1761 (ἒπιπνοία
1795 1691 1960 1756 Θεοῦ)

134 1769 297 1809 totum
330 1769 521 1809 textum
545 1761 844 1810 Hebraicum
871 1761 1221 1826 interpretatos
1246 1778 1348 1810 esse
1376 1779 1401 1809 e
1426 1761 1555 1809 libro
1577 1762 1784 1810 Aristaei
1805 1771 1853 1810 et
1877 1765 1962 1811 lo-

135 1830 290 1896 sepho
318 1851 367 1898 p.
390 1837 509 1886 272.
540 1833 590 1882 C.
616 1841 801 1894 narrat,
838 1839 896 1879 ut
917 1834 1221 1880 Ptolemaeus
1245 1830 1594 1897 Philadelphus
1616 1841 1664 1881 et
1687 1834 1960 1882 Demetrius

135 1901 394 1951 Phalereus
416 1909 465 1948 et
488 1902 635 1950 multi
658 1902 742 1950 alii
766 1902 1114 1967 sapientissimi
1137 1902 1617 1965 Alexandrinorum,
1658 1903 1962 1969 interpreta-

134 1972 272 2020 tione
310 1973 557 2039 perlecta‚
606 1972 744 2021 hunc
780 1975 940 2021 solum
973 1975 1156 2022 librum
1192 1991 1218 2020 a
1254 1974 1341 2021 Dei
1379 1974 1559 2038 spiritu
1596 1973 1826 2021 inflatum
1859 1991 1962 2022 esse

136 2044 350 2091 confessi
374 2043 493 2093 sint.
522 2039 568 2111 ⁸)
596 2071 666 2081 —
700 2045 824 2092 Tum
847 2061 1080 2092 numeros
1109 2044 1336 2091 codicum
1363 2044 1724 2093 Hebraicorum
1747 2047 1962 2092 minores

136 2114 363 2162 omnibus
388 2114 756 2163 Historicorum
778 2115 1074 2163 testimoniis
1108 2114 1462 2164 contradicere.
1532 2115 1622 2162 His
1657 2115 1787 2162 enim
1824 2133 1963 2164 acce-

134 2184 235 2250 ptis
271 2202 299 2231 a
327 2185 517 2233 diluvio
541 2202 696 2250 usque
721 2187 783 2234 ad
821 2186 1067 2234 Abraham
1098 2203 1254 2233 annos
1290 2186 1604 2234 solummodo
1634 2190 1739 2239 292
1767 2186 1958 2250 colligi3

134 2255 376 2319 Noenque
396 2271 552 2318 ‘erg0‚
606 2257 694 2320 qui
728 2257 870 2304 annis
904 2259 1008 2311 350
1046 2256 1237 2305 diluvio
1264 2255 1586 2321 superfuerit,
1623 2257 1777 2303 vitam
1807 2273 1962 2320 usque

137 2325 203 2372 311
226 2327 293 2378 58
317 2342 502 2372 annum
523 2326 747 2375 Abrahae
770 2327 1083 2392 produxisse.
1111 2353 1176 2365 -
1216 2327 1434 2390 I)enique
1457 2325 1824 2390 antiquissimos
1847 2327 1961 2374 illos

136 2393 400 2443 hominum
424 2396 666 2458 longioris
690 2399 797 2445 aevi
822 2399 989 2460 fuisse,
1019 2404 1076 2445 ut
1095 2397 1292 2459 longius
1315 2397 1555 2461 temporis
1578 2395 1807 2460 spatium,
1839 2414 1966 2461 pro-

138 2463 413 2513 creationes
450 2465 671 2513 filiorum
709 2468 1012 2532 procedens,
1049 2468 1203 2530 magis
1226 2484 1252 2513 e
1284 2474 1462 2514 natura
1487 2483 1655 2514 rerum
1686 2466 1775 2528 sit,
1814 2484 1965 2532 quam

137 2535 356 2584 brevius.
432 2536 763 2595 Quamobrem
787 2537 1002 2586 minores
1028 2553 1274 2585 annorum
1299 2553 1558 2597 numeros,
1593 2536 1649 2583 111
1683 2535 1824 2584 libris
1857 2537 1964 2584 He-

136 2605 320 2654 braicis
349 2613 462 2654 ante
487 2606 704 2654 filiorum
738 2609 1130 2672 procreationem
1174 2614 1503 2672 computatos,
1536 2606 1596 2653 ab
1624 2606 1748 2671 ipsis
1775 2607 1964 2656 Iudaeis

139 2676 446 2739 excogitatos
487 2693 588 2724 esse
623 2679 754 2726 Geor
756 2678 865 2740 gius
891 2678 1201 2743 suspicatur,
1237 2687 1298 2725 ut
1331 2676 1644 2743 praecocium
1675 2678 1965 2743 nuptiaium

137 2746 388 2794 licentiam
426 2749 667 2795 nonnulla
698 2748 962 2798 habuerint
997 2748 1293 2797 auctoritate
1329 2748 1596 2797 munitam:
1645 2764 1754 2834 pag.
1792 2748 1875 2801 84.
1913 2749 1965 2797 C.

139 2816 197 2868 D
215 2853 230 2879 ‚
268 2834 377 2882 pag.
407 2821 489 2871 89
517 2819 571 2869 B.
603 2819 653 2868 C.
684 2815 730 2887 ⁹)

197 2912 249 2967 7)
281 2913 384 2967 Pag.
407 2914 504 2956 321.
528 2913 579 2955 B.
611 2929 772 2957 omnem
795 2914 918 2957 huius
939 2913 1090 2971 scripti
1116 2914 1302 2958 laborem
1338 2927 1429 2957 eam
1457 2914 1511 2958 ob
1537 2926 1704 2957 causam
1727 2917 1966 2971 susceptum

254 2984 348 3011 esse
379 2975 547 3022 narrat,
578 2977 625 3014 ut
654 2972 873 3023 ostendat,
913 2972 1048 3024 diem,
1088 2986 1169 3028 quo
1203 2978 1322 3014 terra
1360 2977 1507 3014 creata
1539 2972 1631 3024 sit,
1651 2972 1838 3015 eumdem
1873 2987 1967 3014 esse

255 3026 366 3068 diem
386 3027 512 3080 anni,
542 3042 623 3083 quo
651 3034 799 3072 sancta
832 3003 967 3084 V'irgo
998 3004 1129 3072 filium
1160 3028 1423 3085 unigenitum
1447 3029 1528 3071 Dei
1552 3028 1821 3084 conceperit,
1853 3043 1968 3071 eum·

255 3083 450 3138 demque,
481 3099 562 3141 quo
584 3085 781 3128 Christus
804 3100 829 3128 a
847 3086 1024 3128 mortuis
1045 3086 1344 3138 resurrexerit,
1372 3100 1524 3142 nempe
1543 3091 1738 3128 octavum
1758 3086 1970 3128 calendas

257 3140 441 3211 Apriles.
579 3143 630 3198 8)
666 3143 762 3185 Hac
800 3157 901 3199 pag.
931 3145 1027 3188 272
1061 3144 1111 3185 C.
1153 3143 1371 3212 corrigasz
1413 3141 1759 3212 ἐξελιπάρησενς
1799 3142 1972 3200 1).καζ

261 3196 512 3254 Θεοδέκτης
532 3197 767 3255 τραγικόςτ
797 3201 951 3255 legitur
970 3200 1048 3244 καὶ
1077 3199 1324 3251 Θεόδεκτος
1355 3198 1630 3257 στρατηγόςε
1673 3199 1867 3241 conferas
1892 3214 1970 3242 ve-

258 3269 307 3297 ro
336 3255 963 3314 IosephiAntiquXII.c.2.
998 3257 1153 3311 §.133
1195 3263 1239 3300 et
1268 3272 1367 3329 pag.
1397 3261 1496 3302 273.
1527 3259 1578 3300 A.
1608 3254 1847 3310 ἐξωνήσεσι
1873 3270 1971 3300 ver-

257 3311 354 3354 bum
393 3313 514 3355 nihili
543 3321 634 3366 est;
675 3315 795 3370 lego:
835 3312 1015 3359 δώδεκα
1057 3314 1281 3370 μυριάδες
1315 3313 1559 3359 Ἰουδαίων
1598 3313 1974 3368 ἐξωνηθεῑσαι

260 3369 508 3425 βασιλικοῖς
530 3369 727 3427 χρήμασι
761 3373 826 3423 εἰς
856 3370 942 3427 τὴν
972 3369 1229 3417 Ἰουδαίαν
1257 3371 1628 3428 ἐξαπεστάλησαν.
1741 3371 1814 3439 9)
1852 3371 1975 3413 Haec

261 3439 360 3481 pag.
386 3429 456 3472 89.
487 3428 577 3470 eius
605 3436 702 3472 sunt
736 3431 895 3472 verba:
926 3461 954 3482 ,‚
942 3444 1082 3486 ‚quum
1116 3430 1249 3486 igitur
1275 3429 1576 3497 interpretatio
1600 3443 1693 3470 των
1715 3422 1754 3465 0'
1779 3441 1831 3469 ex
1861 3427 1976 3469 anti-

263 3496 361 3537 qu0‚
390 3490 440 3526 ut
458 3486 648 3538 videtur,
679 3491 723 3529 et
746 3500 829 3529 11011
852 3501 1055 3542 perverso
1078 3489 1227 3529 codice
1245 3487 1461 3530 Hebraico
1485 3485 1684 3528 traducta
1705 3487 1793 3535 θείς
1823 3483 1974 3526 merito

265 3539 403 3583 ubivis
424 3541 502 3585 hac
527 3543 592 3585 usi
622 3557 762 3587 sumus
781 3543 825 3586 in
846 3544 1061 3601 praesenti
1083 3543 1464 3600 chronographia3
1493 3540 1743 3600 praesertim
1774 3554 1897 3597 quum
1931 3546 1975 3581 et
