<?xml version="1.0" encoding="UTF-8"?>
<!DOCTYPE html PUBLIC "-//W3C//DTD XHTML 1.0 Transitional//EN"
    "http://www.w3.org/TR/xhtml1/DTD/xhtml1-transitional.dtd">
<html xmlns="http://www.w3.org/1999/xhtml" xml:lang="en" lang="en">
 <head>
  <title>
</title>
<meta http-equiv="Content-Type" content="text/html;charset=utf-8" />
  <meta name='ocr-system' content='tesseract 3.04.00' />
  <meta name='ocr-capabilities' content='ocr_page ocr_carea ocr_par ocr_line ocrx_word'/>
</head>
<body>
  <div class='ocr_page' id='page_1' title='image "./corpusscriptorum21niebuoft_0031.png"; bbox 0 0 2112 3854; ppageno 0'>
   <div class='ocr_carea' id='block_1_1' title="bbox 803 193 1976 255">
    <p class='ocr_par' dir='ltr' id='par_1_1' title="bbox 803 193 1976 255">
     <span class='ocr_line' id='line_1_1' title="bbox 803 193 1976 255; baseline -0.003 -4"><span class='ocrx_word' id='word_1_1' title='bbox 803 196 1312 255; x_wconf 58' lang='lat' dir='ltr'><strong>DISSERTATIO.</strong></span> <span class='ocrx_word' id='word_1_2' title='bbox 1897 193 1976 248; x_wconf 80' lang='grc'><strong>21</strong></span> 
     </span>
    </p>
   </div>
   <div class='ocr_carea' id='block_1_2' title="bbox 60 325 1978 3200">
    <p class='ocr_par' dir='ltr' id='par_1_2' title="bbox 137 325 1976 1095">
     <span class='ocr_line' id='line_1_2' title="bbox 147 325 1975 395; baseline -0.001 -18"><span class='ocrx_word' id='word_1_3' title='bbox 147 330 256 395; x_wconf 86' lang='lat' dir='ltr'><strong>gius</strong></span> <span class='ocrx_word' id='word_1_4' title='bbox 283 328 494 378; x_wconf 88' lang='lat' dir='ltr'><strong>Eusebio</strong></span> <span class='ocrx_word' id='word_1_5' title='bbox 521 328 725 392; x_wconf 81' lang='lat' dir='ltr'><strong>tribuit,</strong></span> <span class='ocrx_word' id='word_1_6' title='bbox 760 345 865 376; x_wconf 89' lang='lat' dir='ltr'><strong>non</strong></span> <span class='ocrx_word' id='word_1_7' title='bbox 886 345 1005 378; x_wconf 88' lang='lat' dir='ltr'><strong>vero</strong></span> <span class='ocrx_word' id='word_1_8' title='bbox 1027 329 1183 390; x_wconf 87' lang='lat' dir='ltr'><strong>illam,</strong></span> <span class='ocrx_word' id='word_1_9' title='bbox 1219 327 1545 393; x_wconf 78' lang='lat' dir='ltr'><strong>Mathusalam</strong></span> <span class='ocrx_word' id='word_1_10' title='bbox 1570 325 1855 392; x_wconf 70' lang='grc' dir='ltr'><strong><em>ὑπερβῆναι</em></strong></span> <span class='ocrx_word' id='word_1_11' title='bbox 1892 325 1975 377; x_wconf 81' lang='grc' dir='ltr'><strong>τὸν</strong></span> 
     </span>
     <span class='ocr_line' id='line_1_3' title="bbox 144 396 1974 465; baseline -0.003 -14"><span class='ocrx_word' id='word_1_12' title='bbox 144 396 512 464; x_wconf 78' lang='grc' dir='ltr'><strong><em>κατακλυσμὸν;</em></strong></span> <span class='ocrx_word' id='word_1_13' title='bbox 562 408 610 447; x_wconf 89' lang='lat' dir='ltr'><strong>et</strong></span> <span class='ocrx_word' id='word_1_14' title='bbox 646 400 701 446; x_wconf 91' lang='lat' dir='ltr'><strong>in</strong></span> <span class='ocrx_word' id='word_1_15' title='bbox 741 399 1059 462; x_wconf 80' lang='lat' dir='ltr'><strong>sequentibus</strong></span> <span class='ocrx_word' id='word_1_16' title='bbox 1084 399 1227 448; x_wconf 88' lang='lat' dir='ltr'><strong>lineis</strong></span> <span class='ocrx_word' id='word_1_17' title='bbox 1251 416 1360 465; x_wconf 87' lang='lat' dir='ltr'><strong>pag.</strong></span> <span class='ocrx_word' id='word_1_18' title='bbox 1402 405 1484 452; x_wconf 89' lang='lat'><strong>20.</strong></span> <span class='ocrx_word' id='word_1_19' title='bbox 1528 398 1768 460; x_wconf 83' lang='lat' dir='ltr'><strong>Georgius</strong></span> <span class='ocrx_word' id='word_1_20' title='bbox 1811 398 1974 445; x_wconf 90' lang='lat' dir='ltr'><strong>solum</strong></span> 
     </span>
     <span class='ocr_line' id='line_1_4' title="bbox 147 467 1976 535; baseline -0.003 -17"><span class='ocrx_word' id='word_1_21' title='bbox 147 478 321 518; x_wconf 87' lang='lat' dir='ltr'><strong>contra</strong></span> <span class='ocrx_word' id='word_1_22' title='bbox 359 470 560 516; x_wconf 65' lang='lat' dir='ltr'><strong>brevius</strong></span> <span class='ocrx_word' id='word_1_23' title='bbox 593 469 726 516; x_wconf 87' lang='lat' dir='ltr'><strong>vitae</strong></span> <span class='ocrx_word' id='word_1_24' title='bbox 761 469 975 534; x_wconf 89' lang='lat' dir='ltr'><strong>spatium</strong></span> <span class='ocrx_word' id='word_1_25' title='bbox 1004 478 1191 535; x_wconf 80' lang='lat' dir='ltr'><strong>pugnat</strong></span> <span class='ocrx_word' id='word_1_26' title='bbox 1209 507 1222 531; x_wconf 94' lang='lat'><strong>,</strong></span> <span class='ocrx_word' id='word_1_27' title='bbox 1261 470 1395 534; x_wconf 91' lang='lat' dir='ltr'><strong>quod</strong></span> <span class='ocrx_word' id='word_1_28' title='bbox 1422 467 1720 518; x_wconf 79' lang='lat' dir='ltr'><strong>Mathusalae</strong></span> <span class='ocrx_word' id='word_1_29' title='bbox 1745 467 1976 515; x_wconf 83' lang='lat' dir='ltr'><strong>tribuen-</strong></span> 
     </span>
     <span class='ocr_line' id='line_1_5' title="bbox 147 536 1975 606; baseline -0.001 -18"><span class='ocrx_word' id='word_1_30' title='bbox 147 540 267 588; x_wconf 84' lang='lat' dir='ltr'><strong>dum</strong></span> <span class='ocrx_word' id='word_1_31' title='bbox 295 556 398 587; x_wconf 90' lang='lat' dir='ltr'><strong>esse</strong></span> <span class='ocrx_word' id='word_1_32' title='bbox 418 539 652 587; x_wconf 86' lang='lat' dir='ltr'><strong>nonnulli</strong></span> <span class='ocrx_word' id='word_1_33' title='bbox 690 539 994 603; x_wconf 86' lang='lat' dir='ltr'><strong>putaverint.</strong></span> <span class='ocrx_word' id='word_1_34' title='bbox 1066 541 1320 588; x_wconf 87' lang='lat' dir='ltr'><strong>Praeterea</strong></span> <span class='ocrx_word' id='word_1_35' title='bbox 1346 557 1459 606; x_wconf 88' lang='lat' dir='ltr'><strong>pag.</strong></span> <span class='ocrx_word' id='word_1_36' title='bbox 1487 545 1570 592; x_wconf 93' lang='lat'><strong>20.</strong></span> <span class='ocrx_word' id='word_1_37' title='bbox 1599 541 1752 587; x_wconf 78' lang='grc' dir='ltr'><em>πᾶσιν</em></span> <span class='ocrx_word' id='word_1_38' title='bbox 1794 536 1975 602; x_wconf 79' lang='grc' dir='ltr'><strong><em>ὁμολο-</em></strong></span> 
     </span>
     <span class='ocr_line' id='line_1_6' title="bbox 145 604 1975 676; baseline -0.003 -16"><span class='ocrx_word' id='word_1_39' title='bbox 145 604 394 676; x_wconf 75' lang='grc' dir='ltr'><strong><em>γούμενόν</em></strong></span> <span class='ocrx_word' id='word_1_40' title='bbox 420 609 544 671; x_wconf 79' lang='grc' dir='ltr'><strong><em>ἐστι,</em></strong></span> <span class='ocrx_word' id='word_1_41' title='bbox 586 608 734 674; x_wconf 79' lang='lat' dir='ltr'><strong>apud</strong></span> <span class='ocrx_word' id='word_1_42' title='bbox 756 627 921 656; x_wconf 74' lang='lat' dir='ltr'><strong>omnes</strong></span> <span class='ocrx_word' id='word_1_43' title='bbox 932 628 1030 674; x_wconf 80' lang='lat' dir='ltr'><strong>pro</strong></span> <span class='ocrx_word' id='word_1_44' title='bbox 1057 613 1280 672; x_wconf 73' lang='lat' dir='ltr'><strong>confesso</strong></span> <span class='ocrx_word' id='word_1_45' title='bbox 1306 611 1543 672; x_wconf 77' lang='lat' dir='ltr'><strong>habetur,</strong></span> <span class='ocrx_word' id='word_1_46' title='bbox 1578 607 1898 657; x_wconf 85' lang='lat' dir='ltr'><strong>Mathusalam</strong></span> <span class='ocrx_word' id='word_1_47' title='bbox 1927 616 1975 656; x_wconf 89' lang='lat' dir='ltr'><strong>et</strong></span> 
     </span>
     <span class='ocr_line' id='line_1_7' title="bbox 143 677 1971 747; baseline -0.002 -19"><span class='ocrx_word' id='word_1_48' title='bbox 143 679 480 743; x_wconf 85' lang='lat' dir='ltr'><strong>longissimam</strong></span> <span class='ocrx_word' id='word_1_49' title='bbox 506 697 625 745; x_wconf 86' lang='lat' dir='ltr'><strong>prae</strong></span> <span class='ocrx_word' id='word_1_50' title='bbox 647 679 850 743; x_wconf 87' lang='lat' dir='ltr'><strong>reliquis</strong></span> <span class='ocrx_word' id='word_1_51' title='bbox 871 679 1156 728; x_wconf 89' lang='lat' dir='ltr'><strong>hominibus</strong></span> <span class='ocrx_word' id='word_1_52' title='bbox 1178 681 1330 730; x_wconf 83' lang='lat' dir='ltr'><strong>vitam</strong></span> <span class='ocrx_word' id='word_1_53' title='bbox 1344 681 1586 747; x_wconf 84' lang='lat' dir='ltr'><strong>peregisse</strong></span> <span class='ocrx_word' id='word_1_54' title='bbox 1615 698 1638 725; x_wconf 89' lang='lat' dir='ltr'><strong>e</strong></span> <span class='ocrx_word' id='word_1_55' title='bbox 1653 688 1674 726; x_wconf 80' lang='lat' dir='ltr'><strong>t</strong></span> <span class='ocrx_word' id='word_1_56' title='bbox 1701 677 1738 724; x_wconf 86' lang='lat' dir='ltr'><strong>d</strong></span> <span class='ocrx_word' id='word_1_57' title='bbox 1747 680 1766 724; x_wconf 80' lang='lat' dir='ltr'><strong>i</strong></span> <span class='ocrx_word' id='word_1_58' title='bbox 1783 678 1805 723; x_wconf 86' lang='lat' dir='ltr'><em>l</em></span> <span class='ocrx_word' id='word_1_59' title='bbox 1817 680 1931 727; x_wconf 72' lang='grc' dir='ltr'><strong>ιινί</strong></span> <span class='ocrx_word' id='word_1_60' title='bbox 1944 696 1971 724; x_wconf 94' lang='grc' dir='ltr'><strong><em>ο</em></strong></span> 
     </span>
     <span class='ocr_line' id='line_1_8' title="bbox 137 746 1974 815; baseline -0.001 -19"><span class='ocrx_word' id='word_1_61' title='bbox 137 751 400 814; x_wconf 68' lang='lat' dir='ltr'><strong>perii-ss</strong></span> <span class='ocrx_word' id='word_1_62' title='bbox 415 769 453 797; x_wconf 87' lang='lat' dir='ltr'><strong>e.</strong></span> <span class='ocrx_word' id='word_1_63' title='bbox 527 750 691 813; x_wconf 91' lang='lat' dir='ltr'><strong>(Unde</strong></span> <span class='ocrx_word' id='word_1_64' title='bbox 719 749 849 797; x_wconf 90' lang='lat' dir='ltr'><strong>hanc</strong></span> <span class='ocrx_word' id='word_1_65' title='bbox 875 751 1052 797; x_wconf 87' lang='lat' dir='ltr'><strong>famam</strong></span> <span class='ocrx_word' id='word_1_66' title='bbox 1072 752 1380 815; x_wconf 84' lang='lat' dir='ltr'><strong>perceperit,</strong></span> <span class='ocrx_word' id='word_1_67' title='bbox 1427 746 1634 815; x_wconf 88' lang='lat' dir='ltr'><strong>nescio).</strong></span> <span class='ocrx_word' id='word_1_68' title='bbox 1707 749 1862 810; x_wconf 75' lang='lat' dir='ltr'><strong>igitur</strong></span> <span class='ocrx_word' id='word_1_69' title='bbox 1883 764 1974 795; x_wconf 90' lang='lat' dir='ltr'><strong>su-</strong></span> 
     </span>
     <span class='ocr_line' id='line_1_9' title="bbox 145 819 1972 884; baseline 0 -18"><span class='ocrx_word' id='word_1_70' title='bbox 145 819 396 884; x_wconf 88' lang='lat' dir='ltr'><strong>spicatur,</strong></span> <span class='ocrx_word' id='word_1_71' title='bbox 432 819 757 868; x_wconf 87' lang='lat' dir='ltr'><strong>Mathusalam</strong></span> <span class='ocrx_word' id='word_1_72' title='bbox 789 837 892 867; x_wconf 91' lang='lat' dir='ltr'><strong>non</strong></span> <span class='ocrx_word' id='word_1_73' title='bbox 920 837 1049 868; x_wconf 91' lang='lat' dir='ltr'><strong>anno</strong></span> <span class='ocrx_word' id='word_1_74' title='bbox 1080 821 1255 867; x_wconf 88' lang='lat' dir='ltr'><strong>mundi</strong></span> <span class='ocrx_word' id='word_1_75' title='bbox 1303 824 1461 882; x_wconf 84' lang='lat'><strong>1287,</strong></span> <span class='ocrx_word' id='word_1_76' title='bbox 1499 821 1584 868; x_wconf 84' lang='lat' dir='ltr'><strong>sed</strong></span> <span class='ocrx_word' id='word_1_77' title='bbox 1622 823 1759 872; x_wconf 86' lang='lat'><strong>1273</strong></span> <span class='ocrx_word' id='word_1_78' title='bbox 1798 825 1972 866; x_wconf 86' lang='lat' dir='ltr'><strong>natum</strong></span> 
     </span>
     <span class='ocr_line' id='line_1_10' title="bbox 145 888 1971 954; baseline -0.001 -17"><span class='ocrx_word' id='word_1_79' title='bbox 145 905 270 937; x_wconf 86' lang='lat' dir='ltr'><strong>esse:</strong></span> <span class='ocrx_word' id='word_1_80' title='bbox 292 888 407 938; x_wconf 90' lang='lat' dir='ltr'><strong>huic</strong></span> <span class='ocrx_word' id='word_1_81' title='bbox 422 906 636 954; x_wconf 90' lang='lat' dir='ltr'><strong>namque</strong></span> <span class='ocrx_word' id='word_1_82' title='bbox 655 894 755 943; x_wconf 86' lang='lat'><strong>969</strong></span> <span class='ocrx_word' id='word_1_83' title='bbox 773 890 890 936; x_wconf 89' lang='lat' dir='ltr'><strong>anni</strong></span> <span class='ocrx_word' id='word_1_84' title='bbox 907 890 1040 938; x_wconf 85' lang='lat' dir='ltr'><strong>vitae</strong></span> <span class='ocrx_word' id='word_1_85' title='bbox 1057 890 1359 938; x_wconf 80' lang='lat' dir='ltr'><strong>Mathusalae</strong></span> <span class='ocrx_word' id='word_1_86' title='bbox 1380 890 1634 938; x_wconf 86' lang='lat' dir='ltr'><strong>coniuncti</strong></span> <span class='ocrx_word' id='word_1_87' title='bbox 1652 889 1869 937; x_wconf 88' lang='lat' dir='ltr'><strong>reddunt</strong></span> <span class='ocrx_word' id='word_1_88' title='bbox 1886 906 1971 935; x_wconf 90' lang='lat' dir='ltr'><strong>an-</strong></span> 
     </span>
     <span class='ocr_line' id='line_1_11' title="bbox 142 959 1972 1024; baseline -0.001 -17"><span class='ocrx_word' id='word_1_89' title='bbox 142 976 266 1008; x_wconf 88' lang='lat' dir='ltr'><strong>num</strong></span> <span class='ocrx_word' id='word_1_90' title='bbox 283 959 358 1007; x_wconf 91' lang='lat' dir='ltr'><strong>bis</strong></span> <span class='ocrx_word' id='word_1_91' title='bbox 384 960 696 1007; x_wconf 88' lang='lat' dir='ltr'><strong>millesimum</strong></span> <span class='ocrx_word' id='word_1_92' title='bbox 720 960 1106 1008; x_wconf 89' lang='lat' dir='ltr'><strong>ducentesimum</strong></span> <span class='ocrx_word' id='word_1_93' title='bbox 1129 961 1553 1024; x_wconf 87' lang='lat' dir='ltr'><strong>quadragesimum</strong></span> <span class='ocrx_word' id='word_1_94' title='bbox 1580 959 1878 1021; x_wconf 87' lang='lat' dir='ltr'><strong>secundum,</strong></span> <span class='ocrx_word' id='word_1_95' title='bbox 1915 959 1972 1006; x_wconf 89' lang='lat' dir='ltr'><strong>in</strong></span> 
     </span>
     <span class='ocr_line' id='line_1_12' title="bbox 143 1029 1969 1095; baseline -0.002 -17"><span class='ocrx_word' id='word_1_96' title='bbox 143 1046 287 1095; x_wconf 86' lang='lat' dir='ltr'><strong>quem</strong></span> <span class='ocrx_word' id='word_1_97' title='bbox 309 1046 492 1077; x_wconf 90' lang='lat' dir='ltr'><strong>annum</strong></span> <span class='ocrx_word' id='word_1_98' title='bbox 510 1030 751 1078; x_wconf 88' lang='lat' dir='ltr'><strong>diluvium</strong></span> <span class='ocrx_word' id='word_1_99' title='bbox 771 1047 971 1094; x_wconf 90' lang='lat' dir='ltr'><strong>quoque</strong></span> <span class='ocrx_word' id='word_1_100' title='bbox 989 1030 1220 1092; x_wconf 78' lang='lat' dir='ltr'><strong>incurrit,</strong></span> <span class='ocrx_word' id='word_1_101' title='bbox 1243 1048 1337 1094; x_wconf 89' lang='lat' dir='ltr'><strong>quo</strong></span> <span class='ocrx_word' id='word_1_102' title='bbox 1352 1030 1626 1078; x_wconf 87' lang='lat' dir='ltr'><strong>Mathusala</strong></span> <span class='ocrx_word' id='word_1_103' title='bbox 1646 1029 1867 1077; x_wconf 89' lang='lat' dir='ltr'><strong>sublatus</strong></span> <span class='ocrx_word' id='word_1_104' title='bbox 1884 1037 1969 1081; x_wconf 75' lang='lat' dir='ltr'><strong>est.</strong></span> 
     </span>
    </p>

    <p class='ocr_par' dir='ltr' id='par_1_3' title="bbox 131 1099 1965 2079">
     <span class='ocr_line' id='line_1_13' title="bbox 274 1099 1963 1165; baseline -0.001 -18"><span class='ocrx_word' id='word_1_105' title='bbox 274 1100 399 1148; x_wconf 89' lang='lat' dir='ltr'><strong>Dein</strong></span> <span class='ocrx_word' id='word_1_106' title='bbox 433 1117 546 1165; x_wconf 85' lang='lat' dir='ltr'><strong>pag.</strong></span> <span class='ocrx_word' id='word_1_107' title='bbox 588 1106 671 1154; x_wconf 81' lang='lat'><strong>22.</strong></span> <span class='ocrx_word' id='word_1_108' title='bbox 711 1101 768 1149; x_wconf 91' lang='lat' dir='ltr'><strong>B.</strong></span> <span class='ocrx_word' id='word_1_109' title='bbox 813 1101 1018 1164; x_wconf 82' lang='lat' dir='ltr'><strong>legitur:</strong></span> <span class='ocrx_word' id='word_1_110' title='bbox 1066 1101 1252 1163; x_wconf 90' lang='lat' dir='ltr'><strong>„Anno</strong></span> <span class='ocrx_word' id='word_1_111' title='bbox 1293 1104 1432 1154; x_wconf 86' lang='grc'><strong>2236</strong></span> <span class='ocrx_word' id='word_1_112' title='bbox 1460 1100 1731 1149; x_wconf 87' lang='lat' dir='ltr'><strong>Mathusala</strong></span> <span class='ocrx_word' id='word_1_113' title='bbox 1777 1099 1913 1146; x_wconf 86' lang='lat' dir='ltr'><strong>obiit.</strong></span> <span class='ocrx_word' id='word_1_114' title='bbox 1930 1099 1963 1124; x_wconf 88' lang='lat'><strong>“</strong></span> 
     </span>
     <span class='ocr_line' id='line_1_14' title="bbox 143 1169 1965 1234; baseline -0.002 -17"><span class='ocrx_word' id='word_1_115' title='bbox 143 1169 283 1218; x_wconf 92' lang='lat' dir='ltr'><strong>Ordo</strong></span> <span class='ocrx_word' id='word_1_116' title='bbox 326 1187 647 1219; x_wconf 88' lang='lat' dir='ltr'><strong>numerorum</strong></span> <span class='ocrx_word' id='word_1_117' title='bbox 685 1170 896 1234; x_wconf 87' lang='lat' dir='ltr'><strong>probat,</strong></span> <span class='ocrx_word' id='word_1_118' title='bbox 926 1170 1042 1218; x_wconf 75' lang='lat' dir='ltr'><strong>&#39;hoc</strong></span> <span class='ocrx_word' id='word_1_119' title='bbox 1079 1172 1190 1219; x_wconf 85' lang='lat' dir='ltr'><strong>loco</strong></span> <span class='ocrx_word' id='word_1_120' title='bbox 1228 1188 1444 1219; x_wconf 88' lang='lat' dir='ltr'><strong>errorem</strong></span> <span class='ocrx_word' id='word_1_121' title='bbox 1480 1171 1666 1219; x_wconf 87' lang='lat' dir='ltr'><strong>scribae</strong></span> <span class='ocrx_word' id='word_1_122' title='bbox 1699 1186 1802 1217; x_wconf 91' lang='lat' dir='ltr'><strong>non</strong></span> <span class='ocrx_word' id='word_1_123' title='bbox 1839 1185 1965 1229; x_wconf 74' lang='lat' dir='ltr'><strong>esse,</strong></span> 
     </span>
     <span class='ocr_line' id='line_1_15' title="bbox 140 1240 1965 1304; baseline -0.001 -17"><span class='ocrx_word' id='word_1_124' title='bbox 140 1240 385 1304; x_wconf 88' lang='lat' dir='ltr'><strong>Georgius</strong></span> <span class='ocrx_word' id='word_1_125' title='bbox 417 1258 560 1298; x_wconf 87' lang='lat' dir='ltr'><strong>vero,</strong></span> <span class='ocrx_word' id='word_1_126' title='bbox 598 1241 787 1288; x_wconf 84' lang='lat' dir='ltr'><strong>sontem</strong></span> <span class='ocrx_word' id='word_1_127' title='bbox 822 1241 1045 1289; x_wconf 86' lang='lat' dir='ltr'><strong>indicare</strong></span> <span class='ocrx_word' id='word_1_128' title='bbox 1074 1242 1282 1301; x_wconf 82' lang='lat' dir='ltr'><strong>oblitus,</strong></span> <span class='ocrx_word' id='word_1_129' title='bbox 1319 1241 1457 1289; x_wconf 92' lang='lat' dir='ltr'><strong>hunc</strong></span> <span class='ocrx_word' id='word_1_130' title='bbox 1486 1257 1743 1289; x_wconf 87' lang='lat' dir='ltr'><strong>numerum</strong></span> <span class='ocrx_word' id='word_1_131' title='bbox 1774 1256 1836 1287; x_wconf 80' lang='lat' dir='ltr'><strong>ex</strong></span> <span class='ocrx_word' id='word_1_132' title='bbox 1859 1240 1965 1286; x_wconf 90' lang='lat' dir='ltr'><strong>Eu-</strong></span> 
     </span>
     <span class='ocr_line' id='line_1_16' title="bbox 133 1310 1965 1375; baseline -0.002 -17"><span class='ocrx_word' id='word_1_133' title='bbox 133 1310 271 1358; x_wconf 80' lang='lat' dir='ltr'><strong>sebio</strong></span> <span class='ocrx_word' id='word_1_134' title='bbox 297 1311 488 1373; x_wconf 87' lang='lat' dir='ltr'><strong>sumsit,</strong></span> <span class='ocrx_word' id='word_1_135' title='bbox 518 1311 594 1358; x_wconf 88' lang='lat' dir='ltr'><strong>uti</strong></span> <span class='ocrx_word' id='word_1_136' title='bbox 616 1311 811 1375; x_wconf 88' lang='lat' dir='ltr'><strong>saepius</strong></span> <span class='ocrx_word' id='word_1_137' title='bbox 839 1312 1049 1359; x_wconf 86' lang='lat' dir='ltr'><strong>aliorum</strong></span> <span class='ocrx_word' id='word_1_138' title='bbox 1075 1312 1395 1375; x_wconf 86' lang='lat' dir='ltr'><strong>computandi</strong></span> <span class='ocrx_word' id='word_1_139' title='bbox 1416 1312 1648 1374; x_wconf 85' lang='lat' dir='ltr'><strong>rationes,</strong></span> <span class='ocrx_word' id='word_1_140' title='bbox 1672 1326 1965 1373; x_wconf 88' lang='lat' dir='ltr'><strong>quamquam</strong></span> 
     </span>
     <span class='ocr_line' id='line_1_17' title="bbox 139 1381 1964 1446; baseline 0.003 -19"><span class='ocrx_word' id='word_1_141' title='bbox 139 1397 220 1428; x_wconf 89' lang='lat' dir='ltr'><strong>eas</strong></span> <span class='ocrx_word' id='word_1_142' title='bbox 256 1397 361 1428; x_wconf 86' lang='lat' dir='ltr'><strong>non</strong></span> <span class='ocrx_word' id='word_1_143' title='bbox 397 1381 599 1446; x_wconf 88' lang='lat' dir='ltr'><strong>probet,</strong></span> <span class='ocrx_word' id='word_1_144' title='bbox 649 1382 838 1430; x_wconf 88' lang='lat' dir='ltr'><strong>inserit.</strong></span> <span class='ocrx_word' id='word_1_145' title='bbox 908 1382 1033 1429; x_wconf 87' lang='lat' dir='ltr'><strong>Nam</strong></span> <span class='ocrx_word' id='word_1_146' title='bbox 1067 1382 1109 1428; x_wconf 91' lang='lat' dir='ltr'><strong>si</strong></span> <span class='ocrx_word' id='word_1_147' title='bbox 1146 1381 1421 1429; x_wconf 83' lang='lat' dir='ltr'><strong>Mathusala</strong></span> <span class='ocrx_word' id='word_1_148' title='bbox 1451 1382 1509 1430; x_wconf 89' lang='lat' dir='ltr'><strong>A.</strong></span> <span class='ocrx_word' id='word_1_149' title='bbox 1547 1382 1612 1430; x_wconf 84' lang='lat' dir='ltr'><strong>M.</strong></span> <span class='ocrx_word' id='word_1_150' title='bbox 1649 1383 1784 1433; x_wconf 82' lang='lat'>1287</span> <span class='ocrx_word' id='word_1_151' title='bbox 1818 1387 1964 1427; x_wconf 61' lang='lat' dir='ltr'><strong>natus</strong></span> 
     </span>
     <span class='ocr_line' id='line_1_18' title="bbox 139 1448 1965 1516; baseline -0.001 -19"><span class='ocrx_word' id='word_1_152' title='bbox 139 1458 215 1497; x_wconf 88' lang='lat' dir='ltr'><strong>est</strong></span> <span class='ocrx_word' id='word_1_153' title='bbox 233 1485 247 1508; x_wconf 87' lang='lat'>‚</span> <span class='ocrx_word' id='word_1_154' title='bbox 286 1458 335 1498; x_wconf 92' lang='lat' dir='ltr'><strong>et</strong></span> <span class='ocrx_word' id='word_1_155' title='bbox 358 1468 486 1499; x_wconf 91' lang='lat' dir='ltr'><strong>anno</strong></span> <span class='ocrx_word' id='word_1_156' title='bbox 515 1452 648 1499; x_wconf 85' lang='lat' dir='ltr'><strong>vitae</strong></span> <span class='ocrx_word' id='word_1_157' title='bbox 674 1455 774 1504; x_wconf 89' lang='grc'><strong>167</strong></span> <span class='ocrx_word' id='word_1_158' title='bbox 797 1448 884 1502; x_wconf 75' lang='grc' dir='ltr'><strong>τόν</strong></span> <span class='ocrx_word' id='word_1_159' title='bbox 909 1451 1120 1498; x_wconf 85' lang='lat' dir='ltr'><strong>Lamech</strong></span> <span class='ocrx_word' id='word_1_160' title='bbox 1146 1452 1343 1514; x_wconf 82' lang='lat' dir='ltr'><strong>genuit,</strong></span> <span class='ocrx_word' id='word_1_161' title='bbox 1381 1458 1428 1499; x_wconf 92' lang='lat' dir='ltr'><strong>et</strong></span> <span class='ocrx_word' id='word_1_162' title='bbox 1451 1455 1556 1506; x_wconf 87' lang='lat'><strong>782</strong></span> <span class='ocrx_word' id='word_1_163' title='bbox 1581 1458 1694 1516; x_wconf 91' lang='lat' dir='ltr'><strong>post</strong></span> <span class='ocrx_word' id='word_1_164' title='bbox 1725 1466 1965 1514; x_wconf 87' lang='lat' dir='ltr'><strong>procrea-</strong></span> 
     </span>
     <span class='ocr_line' id='line_1_19' title="bbox 133 1519 1960 1584; baseline 0.001 -17"><span class='ocrx_word' id='word_1_165' title='bbox 133 1520 329 1567; x_wconf 81' lang='lat' dir='ltr'><strong>tionem·</strong></span> <span class='ocrx_word' id='word_1_166' title='bbox 348 1524 443 1571; x_wconf 77' lang='grc' dir='ltr'><strong>τοῦ</strong></span> <span class='ocrx_word' id='word_1_167' title='bbox 467 1520 679 1569; x_wconf 87' lang='lat' dir='ltr'><strong>Lamech</strong></span> <span class='ocrx_word' id='word_1_168' title='bbox 705 1520 870 1584; x_wconf 84' lang='lat' dir='ltr'><strong>vixit3</strong></span> <span class='ocrx_word' id='word_1_169' title='bbox 904 1529 1130 1569; x_wconf 86' lang='lat' dir='ltr'><strong>mortuus</strong></span> <span class='ocrx_word' id='word_1_170' title='bbox 1158 1529 1230 1570; x_wconf 87' lang='lat' dir='ltr'><strong>est</strong></span> <span class='ocrx_word' id='word_1_171' title='bbox 1256 1539 1384 1569; x_wconf 88' lang='lat' dir='ltr'><strong>anno</strong></span> <span class='ocrx_word' id='word_1_172' title='bbox 1411 1522 1544 1570; x_wconf 86' lang='lat' dir='ltr'><strong>vitae</strong></span> <span class='ocrx_word' id='word_1_173' title='bbox 1568 1522 1698 1578; x_wconf 74' lang='grc'>949,</span> <span class='ocrx_word' id='word_1_174' title='bbox 1738 1528 1787 1568; x_wconf 87' lang='lat' dir='ltr'><strong>et</strong></span> <span class='ocrx_word' id='word_1_175' title='bbox 1811 1521 1868 1568; x_wconf 90' lang='lat' dir='ltr'><strong>A.</strong></span> <span class='ocrx_word' id='word_1_176' title='bbox 1894 1519 1960 1570; x_wconf 90' lang='grc' dir='ltr'><strong>Μ.</strong></span> 
     </span>
     <span class='ocr_line' id='line_1_20' title="bbox 137 1585 802 1660; baseline -0.005 -17"><span class='ocrx_word' id='word_1_177' title='bbox 137 1585 304 1660; x_wconf 86' lang='grc'><strong>(1287</strong></span> <span class='ocrx_word' id='word_1_178' title='bbox 328 1587 383 1647; x_wconf 82' lang='lat' dir='ltr'><strong>·l·</strong></span> <span class='ocrx_word' id='word_1_179' title='bbox 410 1591 510 1644; x_wconf 83' lang='lat'><strong>949</strong></span> <span class='ocrx_word' id='word_1_180' title='bbox 536 1589 624 1656; x_wconf 88' lang='lat'><strong>=)</strong></span> <span class='ocrx_word' id='word_1_181' title='bbox 651 1595 802 1645; x_wconf 82' lang='lat'><strong>2236.</strong></span> 
     </span>
     <span class='ocr_line' id='line_1_21' title="bbox 135 1659 1960 1725; baseline 0 -17"><span class='ocrx_word' id='word_1_182' title='bbox 135 1691 138 1693; x_wconf 60' lang='lat'>&gt;</span> <span class='ocrx_word' id='word_1_183' title='bbox 261 1661 373 1724; x_wconf 90' lang='lat' dir='ltr'><strong>Pag.</strong></span> <span class='ocrx_word' id='word_1_184' title='bbox 399 1662 514 1714; x_wconf 84' lang='lat'><strong>114.</strong></span> <span class='ocrx_word' id='word_1_185' title='bbox 542 1661 598 1712; x_wconf 88' lang='lat' dir='ltr'><strong>A.</strong></span> <span class='ocrx_word' id='word_1_186' title='bbox 614 1663 668 1709; x_wconf 91' lang='lat' dir='ltr'><strong>B.</strong></span> <span class='ocrx_word' id='word_1_187' title='bbox 705 1668 870 1708; x_wconf 87' lang='lat' dir='ltr'><strong>autem</strong></span> <span class='ocrx_word' id='word_1_188' title='bbox 903 1659 1190 1708; x_wconf 75' lang='lat' dir='ltr'><strong>traditionis</strong></span> <span class='ocrx_word' id='word_1_189' title='bbox 1216 1661 1370 1723; x_wconf 91' lang='lat' dir='ltr'><strong>illius,</strong></span> <span class='ocrx_word' id='word_1_190' title='bbox 1387 1677 1535 1725; x_wconf 89' lang='lat' dir='ltr'><strong>quam</strong></span> <span class='ocrx_word' id='word_1_191' title='bbox 1561 1677 1667 1725; x_wconf 86' lang='lat' dir='ltr'><strong>pag.</strong></span> <span class='ocrx_word' id='word_1_192' title='bbox 1683 1664 1767 1713; x_wconf 92' lang='lat'><strong>20.</strong></span> <span class='ocrx_word' id='word_1_193' title='bbox 1793 1677 1960 1708; x_wconf 88' lang='lat' dir='ltr'><strong>omnes</strong></span> 
     </span>
     <span class='ocr_line' id='line_1_22' title="bbox 135 1729 1960 1796; baseline 0.001 -19"><span class='ocrx_word' id='word_1_194' title='bbox 135 1729 459 1779; x_wconf 84' lang='lat' dir='ltr'><strong>certissimam</strong></span> <span class='ocrx_word' id='word_1_195' title='bbox 490 1748 590 1779; x_wconf 90' lang='lat' dir='ltr'><strong>esse</strong></span> <span class='ocrx_word' id='word_1_196' title='bbox 617 1731 941 1796; x_wconf 87' lang='lat' dir='ltr'><strong>profitentur,</strong></span> <span class='ocrx_word' id='word_1_197' title='bbox 981 1731 1101 1779; x_wconf 90' lang='lat' dir='ltr'><strong>adeo</strong></span> <span class='ocrx_word' id='word_1_198' title='bbox 1139 1731 1325 1779; x_wconf 87' lang='lat' dir='ltr'><strong>oblitus</strong></span> <span class='ocrx_word' id='word_1_199' title='bbox 1355 1739 1457 1789; x_wconf 90' lang='lat' dir='ltr'><strong>est,</strong></span> <span class='ocrx_word' id='word_1_200' title='bbox 1493 1738 1552 1778; x_wconf 89' lang='lat' dir='ltr'><strong>ut</strong></span> <span class='ocrx_word' id='word_1_201' title='bbox 1583 1749 1610 1777; x_wconf 91' lang='lat' dir='ltr'><strong>a</strong></span> <span class='ocrx_word' id='word_1_202' title='bbox 1636 1730 1844 1778; x_wconf 79' lang='lat' dir='ltr'><strong>veritate</strong></span> <span class='ocrx_word' id='word_1_203' title='bbox 1867 1731 1960 1778; x_wconf 88' lang='lat' dir='ltr'><strong>ab-</strong></span> 
     </span>
     <span class='ocr_line' id='line_1_23' title="bbox 131 1799 1960 1866; baseline 0 -18"><span class='ocrx_word' id='word_1_204' title='bbox 131 1799 338 1850; x_wconf 83' lang='lat' dir='ltr'><strong>horrere</strong></span> <span class='ocrx_word' id='word_1_205' title='bbox 366 1802 410 1848; x_wconf 90' lang='lat' dir='ltr'><strong>ei</strong></span> <span class='ocrx_word' id='word_1_206' title='bbox 445 1818 547 1848; x_wconf 91' lang='lat' dir='ltr'><strong>non</strong></span> <span class='ocrx_word' id='word_1_207' title='bbox 573 1803 824 1863; x_wconf 86' lang='lat' dir='ltr'><strong>videatur,</strong></span> <span class='ocrx_word' id='word_1_208' title='bbox 867 1800 1191 1850; x_wconf 85' lang='lat' dir='ltr'><strong>Mathusalam</strong></span> <span class='ocrx_word' id='word_1_209' title='bbox 1228 1804 1378 1849; x_wconf 74' lang='lat' dir='ltr'><strong>emnia</strong></span> <span class='ocrx_word' id='word_1_210' title='bbox 1403 1799 1689 1866; x_wconf 71' lang='lat' dir='ltr'><strong>quindecim</strong></span> <span class='ocrx_word' id='word_1_211' title='bbox 1718 1799 1787 1866; x_wconf 89' lang='lat'><strong>1⁰)</strong></span> <span class='ocrx_word' id='word_1_212' title='bbox 1826 1801 1960 1848; x_wconf 88' lang='lat' dir='ltr'><strong>dilu-</strong></span> 
     </span>
     <span class='ocr_line' id='line_1_24' title="bbox 133 1871 1958 1937; baseline 0.001 -19"><span class='ocrx_word' id='word_1_213' title='bbox 133 1871 272 1919; x_wconf 80' lang='lat' dir='ltr'><strong>vium</strong></span> <span class='ocrx_word' id='word_1_214' title='bbox 297 1888 574 1937; x_wconf 72' lang='lat' dir='ltr'><strong>superasse:</strong></span> <span class='ocrx_word' id='word_1_215' title='bbox 614 1889 909 1937; x_wconf 88' lang='lat' dir='ltr'><strong>quamquam</strong></span> <span class='ocrx_word' id='word_1_216' title='bbox 933 1872 1063 1919; x_wconf 86' lang='lat' dir='ltr'><strong>enim</strong></span> <span class='ocrx_word' id='word_1_217' title='bbox 1089 1872 1311 1936; x_wconf 86' lang='lat' dir='ltr'><strong>ignotum</strong></span> <span class='ocrx_word' id='word_1_218' title='bbox 1337 1872 1428 1933; x_wconf 89' lang='lat' dir='ltr'><strong>sit,</strong></span> <span class='ocrx_word' id='word_1_219' title='bbox 1470 1889 1569 1936; x_wconf 92' lang='lat' dir='ltr'><strong>quo</strong></span> <span class='ocrx_word' id='word_1_220' title='bbox 1593 1873 1704 1919; x_wconf 89' lang='lat' dir='ltr'><strong>loco</strong></span> <span class='ocrx_word' id='word_1_221' title='bbox 1733 1879 1958 1920; x_wconf 88' lang='lat' dir='ltr'><strong>servatus</strong></span> 
     </span>
     <span class='ocr_line' id='line_1_25' title="bbox 132 1940 1959 2008; baseline 0 -19"><span class='ocrx_word' id='word_1_222' title='bbox 132 1940 227 2004; x_wconf 84' lang='lat' dir='ltr'><strong>sit;</strong></span> <span class='ocrx_word' id='word_1_223' title='bbox 269 1942 425 1990; x_wconf 90' lang='lat' dir='ltr'><strong>Deum</strong></span> <span class='ocrx_word' id='word_1_224' title='bbox 453 1950 621 1990; x_wconf 88' lang='lat' dir='ltr'><strong>tamen</strong></span> <span class='ocrx_word' id='word_1_225' title='bbox 651 1943 827 1990; x_wconf 90' lang='lat' dir='ltr'><strong>modos</strong></span> <span class='ocrx_word' id='word_1_226' title='bbox 862 1943 1100 2008; x_wconf 87' lang='lat' dir='ltr'><strong>locosque</strong></span> <span class='ocrx_word' id='word_1_227' title='bbox 1127 1960 1297 2002; x_wconf 89' lang='lat' dir='ltr'><strong>nosse,</strong></span> <span class='ocrx_word' id='word_1_228' title='bbox 1335 1942 1515 2008; x_wconf 87' lang='lat' dir='ltr'><strong>quibus</strong></span> <span class='ocrx_word' id='word_1_229' title='bbox 1540 1941 1844 2006; x_wconf 88' lang='lat' dir='ltr'><strong>Mathusala,</strong></span> <span class='ocrx_word' id='word_1_230' title='bbox 1880 1942 1959 1990; x_wconf 82' lang='lat' dir='ltr'><strong>uti</strong></span> 
     </span>
     <span class='ocr_line' id='line_1_26' title="bbox 131 2011 816 2079; baseline 0 -18"><span class='ocrx_word' id='word_1_231' title='bbox 131 2011 308 2061; x_wconf 85' lang='lat' dir='ltr'><strong>Enoch</strong></span> <span class='ocrx_word' id='word_1_232' title='bbox 323 2049 337 2074; x_wconf 89' lang='lat'>‚</span> <span class='ocrx_word' id='word_1_233' title='bbox 372 2014 559 2061; x_wconf 88' lang='lat' dir='ltr'><strong>servari</strong></span> <span class='ocrx_word' id='word_1_234' title='bbox 581 2013 816 2079; x_wconf 83' lang='lat' dir='ltr'><strong>potuerit.</strong></span> 
     </span>
    </p>

    <p class='ocr_par' dir='ltr' id='par_1_4' title="bbox 60 2081 1978 3200">
     <span class='ocr_line' id='line_1_27' title="bbox 265 2081 1959 2147; baseline -0.001 -17"><span class='ocrx_word' id='word_1_235' title='bbox 265 2083 374 2130; x_wconf 89' lang='lat' dir='ltr'><strong>Non</strong></span> <span class='ocrx_word' id='word_1_236' title='bbox 401 2100 563 2132; x_wconf 88' lang='lat' dir='ltr'><strong>errare</strong></span> <span class='ocrx_word' id='word_1_237' title='bbox 596 2083 719 2131; x_wconf 86' lang='lat' dir='ltr'><strong>mihi</strong></span> <span class='ocrx_word' id='word_1_238' title='bbox 752 2083 952 2144; x_wconf 89' lang='lat' dir='ltr'><strong>videor,</strong></span> <span class='ocrx_word' id='word_1_239' title='bbox 990 2083 1033 2131; x_wconf 88' lang='lat' dir='ltr'><strong>si</strong></span> <span class='ocrx_word' id='word_1_240' title='bbox 1065 2082 1196 2131; x_wconf 88' lang='lat' dir='ltr'><strong>hanc</strong></span> <span class='ocrx_word' id='word_1_241' title='bbox 1225 2100 1394 2133; x_wconf 88' lang='lat' dir='ltr'><strong>veram</strong></span> <span class='ocrx_word' id='word_1_242' title='bbox 1429 2082 1628 2147; x_wconf 82' lang='lat' dir='ltr'><strong>Georgii</strong></span> <span class='ocrx_word' id='word_1_243' title='bbox 1663 2081 1959 2130; x_wconf 79' lang='lat' dir='ltr'><strong>sententiam</strong></span> 
     </span>
     <span class='ocr_line' id='line_1_28' title="bbox 60 2152 1955 2219; baseline 0.001 -19"><span class='ocrx_word' id='word_1_244' title='bbox 60 2160 65 2171; x_wconf 80' lang='lat'><strong><em>¹</em></strong></span> <span class='ocrx_word' id='word_1_245' title='bbox 128 2169 238 2200; x_wconf 84' lang='lat' dir='ltr'><strong>esse</strong></span> <span class='ocrx_word' id='word_1_246' title='bbox 273 2170 486 2218; x_wconf 79' lang='lat' dir='ltr'><strong>ponam3</strong></span> <span class='ocrx_word' id='word_1_247' title='bbox 536 2155 770 2219; x_wconf 88' lang='lat' dir='ltr'><strong>quoniam</strong></span> <span class='ocrx_word' id='word_1_248' title='bbox 803 2154 888 2201; x_wconf 85' lang='lat' dir='ltr'><strong>illa</strong></span> <span class='ocrx_word' id='word_1_249' title='bbox 932 2155 1141 2202; x_wconf 89' lang='lat' dir='ltr'><strong>mutatio</strong></span> <span class='ocrx_word' id='word_1_250' title='bbox 1182 2154 1301 2202; x_wconf 87' lang='lat' dir='ltr'><strong>anni</strong></span> <span class='ocrx_word' id='word_1_251' title='bbox 1334 2154 1610 2203; x_wconf 80' lang='lat' dir='ltr'><strong>nativitatis</strong></span> <span class='ocrx_word' id='word_1_252' title='bbox 1647 2152 1955 2202; x_wconf 84' lang='lat' dir='ltr'><strong>Mathusalae</strong></span> 
     </span>
     <span class='ocr_line' id='line_1_29' title="bbox 133 2224 1954 2289; baseline 0 -19"><span class='ocrx_word' id='word_1_253' title='bbox 133 2231 311 2272; x_wconf 88' lang='lat' dir='ltr'><strong>contra</strong></span> <span class='ocrx_word' id='word_1_254' title='bbox 342 2224 535 2271; x_wconf 89' lang='lat' dir='ltr'><strong>codices</strong></span> <span class='ocrx_word' id='word_1_255' title='bbox 568 2243 595 2271; x_wconf 91' lang='lat' dir='ltr'><strong>a</strong></span> <span class='ocrx_word' id='word_1_256' title='bbox 634 2224 845 2288; x_wconf 88' lang='lat' dir='ltr'><strong>Georgio</strong></span> <span class='ocrx_word' id='word_1_257' title='bbox 877 2224 1110 2288; x_wconf 87' lang='lat' dir='ltr'><strong>probatos</strong></span> <span class='ocrx_word' id='word_1_258' title='bbox 1141 2231 1355 2289; x_wconf 87' lang='lat' dir='ltr'><strong>pugnat,</strong></span> <span class='ocrx_word' id='word_1_259' title='bbox 1394 2232 1569 2273; x_wconf 88' lang='lat' dir='ltr'><strong>contra</strong></span> <span class='ocrx_word' id='word_1_260' title='bbox 1607 2240 1822 2288; x_wconf 89' lang='lat' dir='ltr'><strong>quorum</strong></span> <span class='ocrx_word' id='word_1_261' title='bbox 1857 2239 1954 2270; x_wconf 84' lang='lat' dir='ltr'><strong>au-.</strong></span> 
     </span>
     <span class='ocr_line' id='line_1_30' title="bbox 132 2293 1955 2359; baseline -0.001 -19"><span class='ocrx_word' id='word_1_262' title='bbox 132 2293 412 2341; x_wconf 85' lang='lat' dir='ltr'><strong>ctoritatem</strong></span> <span class='ocrx_word' id='word_1_263' title='bbox 438 2311 657 2359; x_wconf 89' lang='lat' dir='ltr'><strong>pugnare</strong></span> <span class='ocrx_word' id='word_1_264' title='bbox 682 2295 923 2358; x_wconf 89' lang='lat' dir='ltr'><strong>Georgius</strong></span> <span class='ocrx_word' id='word_1_265' title='bbox 950 2311 1053 2341; x_wconf 90' lang='lat' dir='ltr'><strong>non</strong></span> <span class='ocrx_word' id='word_1_266' title='bbox 1079 2296 1218 2344; x_wconf 90' lang='lat' dir='ltr'><strong>solet.</strong></span> <span class='ocrx_word' id='word_1_267' title='bbox 1290 2296 1354 2343; x_wconf 85' lang='lat' dir='ltr'><strong>Et</strong></span> <span class='ocrx_word' id='word_1_268' title='bbox 1377 2295 1420 2342; x_wconf 91' lang='lat' dir='ltr'><strong>si</strong></span> <span class='ocrx_word' id='word_1_269' title='bbox 1444 2295 1550 2343; x_wconf 88' lang='lat' dir='ltr'><strong>vita</strong></span> <span class='ocrx_word' id='word_1_270' title='bbox 1573 2293 1955 2358; x_wconf 77' lang='lat' dir='ltr'><strong>suppeditasset,</strong></span> 
     </span>
     <span class='ocr_line' id='line_1_31' title="bbox 130 2361 1954 2431; baseline -0.001 -21"><span class='ocrx_word' id='word_1_271' title='bbox 130 2371 194 2410; x_wconf 85' lang='lat' dir='ltr'><strong>ut</strong></span> <span class='ocrx_word' id='word_1_272' title='bbox 217 2380 342 2428; x_wconf 88' lang='lat' dir='ltr'><strong>opus</strong></span> <span class='ocrx_word' id='word_1_273' title='bbox 371 2380 524 2427; x_wconf 91' lang='lat' dir='ltr'><strong>usque</strong></span> <span class='ocrx_word' id='word_1_274' title='bbox 563 2366 626 2412; x_wconf 88' lang='lat' dir='ltr'><strong>ad</strong></span> <span class='ocrx_word' id='word_1_275' title='bbox 649 2382 787 2412; x_wconf 84' lang='lat' dir='ltr'><strong>suam</strong></span> <span class='ocrx_word' id='word_1_276' title='bbox 813 2372 1017 2412; x_wconf 88' lang='lat' dir='ltr'><strong>aetatem</strong></span> <span class='ocrx_word' id='word_1_277' title='bbox 1048 2362 1128 2431; x_wconf 91' lang='lat' dir='ltr'><strong>(A.</strong></span> <span class='ocrx_word' id='word_1_278' title='bbox 1161 2373 1276 2430; x_wconf 85' lang='lat' dir='ltr'><strong>post</strong></span> <span class='ocrx_word' id='word_1_279' title='bbox 1304 2364 1419 2413; x_wconf 83' lang='lat' dir='ltr'><strong>Chr.</strong></span> <span class='ocrx_word' id='word_1_280' title='bbox 1446 2361 1596 2429; x_wconf 88' lang='lat'><strong>800),</strong></span> <span class='ocrx_word' id='word_1_281' title='bbox 1635 2381 1776 2426; x_wconf 89' lang='lat' dir='ltr'><strong>quem</strong></span> <span class='ocrx_word' id='word_1_282' title='bbox 1803 2363 1954 2410; x_wconf 89' lang='lat' dir='ltr'><strong>finem</strong></span> 
     </span>
     <span class='ocr_line' id='line_1_32' title="bbox 132 2431 1952 2500; baseline 0.001 -20"><span class='ocrx_word' id='word_1_283' title='bbox 132 2433 228 2481; x_wconf 79' lang='lat' dir='ltr'><strong>sibi</strong></span> <span class='ocrx_word' id='word_1_284' title='bbox 256 2442 609 2499; x_wconf 87' lang='lat' dir='ltr'><strong>proposuerat,</strong></span> <span class='ocrx_word' id='word_1_285' title='bbox 655 2435 959 2500; x_wconf 84' lang='lat' dir='ltr'><strong>perducere,</strong></span> <span class='ocrx_word' id='word_1_286' title='bbox 1006 2443 1151 2498; x_wconf 87' lang='lat' dir='ltr'><strong>atque</strong></span> <span class='ocrx_word' id='word_1_287' title='bbox 1185 2435 1565 2482; x_wconf 82' lang='lat' dir='ltr'><strong>elaborationem</strong></span> <span class='ocrx_word' id='word_1_288' title='bbox 1600 2433 1754 2482; x_wconf 86' lang='lat' dir='ltr'><strong>totius</strong></span> <span class='ocrx_word' id='word_1_289' title='bbox 1789 2431 1952 2497; x_wconf 87' lang='lat' dir='ltr'><strong>operis</strong></span> 
     </span>
     <span class='ocr_line' id='line_1_33' title="bbox 130 2503 1953 2568; baseline -0.002 -16"><span class='ocrx_word' id='word_1_290' title='bbox 130 2511 354 2568; x_wconf 88' lang='lat' dir='ltr'><strong>repetere</strong></span> <span class='ocrx_word' id='word_1_291' title='bbox 391 2503 658 2568; x_wconf 79' lang='lat' dir='ltr'><strong>potuisset3</strong></span> <span class='ocrx_word' id='word_1_292' title='bbox 706 2504 843 2551; x_wconf 89' lang='lat' dir='ltr'><strong>illam</strong></span> <span class='ocrx_word' id='word_1_293' title='bbox 877 2504 1227 2552; x_wconf 83' lang='lat' dir='ltr'><strong>dissensionem</strong></span> <span class='ocrx_word' id='word_1_294' title='bbox 1256 2505 1481 2552; x_wconf 86' lang='lat' dir='ltr'><strong>locorum</strong></span> <span class='ocrx_word' id='word_1_295' title='bbox 1519 2520 1628 2567; x_wconf 86' lang='lat' dir='ltr'><strong>pag.</strong></span> <span class='ocrx_word' id='word_1_296' title='bbox 1664 2508 1759 2564; x_wconf 90' lang='lat'><strong>20,</strong></span> <span class='ocrx_word' id='word_1_297' title='bbox 1796 2509 1865 2556; x_wconf 89' lang='lat'><strong>22</strong></span> <span class='ocrx_word' id='word_1_298' title='bbox 1904 2510 1953 2549; x_wconf 89' lang='lat' dir='ltr'><strong>et</strong></span> 
     </span>
     <span class='ocr_line' id='line_1_34' title="bbox 134 2572 1951 2638; baseline -0.004 -11"><span class='ocrx_word' id='word_1_299' title='bbox 134 2574 236 2627; x_wconf 83' lang='grc'><strong>114</strong></span> <span class='ocrx_word' id='word_1_300' title='bbox 263 2580 392 2622; x_wconf 86' lang='lat' dir='ltr'><strong>certe</strong></span> <span class='ocrx_word' id='word_1_301' title='bbox 417 2591 527 2622; x_wconf 88' lang='lat' dir='ltr'><strong>eum</strong></span> <span class='ocrx_word' id='word_1_302' title='bbox 557 2576 865 2623; x_wconf 87' lang='lat' dir='ltr'><strong>sublaturum</strong></span> <span class='ocrx_word' id='word_1_303' title='bbox 890 2574 1040 2622; x_wconf 87' lang='lat' dir='ltr'><strong>fuisse</strong></span> <span class='ocrx_word' id='word_1_304' title='bbox 1064 2591 1352 2638; x_wconf 85' lang='lat' dir='ltr'><strong>persuasum</strong></span> <span class='ocrx_word' id='word_1_305' title='bbox 1374 2573 1544 2624; x_wconf 80' lang='lat' dir='ltr'><strong>habeo,</strong></span> <span class='ocrx_word' id='word_1_306' title='bbox 1581 2602 1638 2610; x_wconf 88' lang='lat'><em>-</em></span> <span class='ocrx_word' id='word_1_307' title='bbox 1674 2574 1739 2620; x_wconf 90' lang='lat' dir='ltr'><strong>At</strong></span> <span class='ocrx_word' id='word_1_308' title='bbox 1761 2572 1951 2637; x_wconf 89' lang='lat' dir='ltr'><strong>imper-</strong></span> 
     </span>
     <span class='ocr_line' id='line_1_35' title="bbox 131 2642 1952 2710; baseline -0.002 -19"><span class='ocrx_word' id='word_1_309' title='bbox 131 2645 345 2706; x_wconf 86' lang='lat' dir='ltr'><strong>fectum,</strong></span> <span class='ocrx_word' id='word_1_310' title='bbox 384 2653 675 2710; x_wconf 85' lang='lat' dir='ltr'><strong>praereptus</strong></span> <span class='ocrx_word' id='word_1_311' title='bbox 704 2652 887 2704; x_wconf 88' lang='lat' dir='ltr'><strong>morte,</strong></span> <span class='ocrx_word' id='word_1_312' title='bbox 923 2644 1125 2708; x_wconf 87' lang='lat' dir='ltr'><strong>reliquit</strong></span> <span class='ocrx_word' id='word_1_313' title='bbox 1153 2662 1304 2710; x_wconf 87' lang='lat' dir='ltr'><strong>opus,</strong></span> <span class='ocrx_word' id='word_1_314' title='bbox 1337 2643 1435 2691; x_wconf 89' lang='lat' dir='ltr'><strong>iam</strong></span> <span class='ocrx_word' id='word_1_315' title='bbox 1460 2644 1513 2691; x_wconf 92' lang='lat' dir='ltr'><strong>in</strong></span> <span class='ocrx_word' id='word_1_316' title='bbox 1536 2642 1833 2710; x_wconf 81' lang='lat' dir='ltr'><strong>Diocletiani</strong></span> <span class='ocrx_word' id='word_1_317' title='bbox 1853 2643 1952 2689; x_wconf 88' lang='lat' dir='ltr'><strong>im-</strong></span> 
     </span>
     <span class='ocr_line' id='line_1_36' title="bbox 129 2714 1950 2780; baseline -0.002 -18"><span class='ocrx_word' id='word_1_318' title='bbox 129 2714 272 2780; x_wconf 79' lang='lat' dir='ltr'><strong>perio</strong></span> <span class='ocrx_word' id='word_1_319' title='bbox 294 2714 502 2779; x_wconf 83' lang='lat' dir='ltr'><strong>finiens;</strong></span> <span class='ocrx_word' id='word_1_320' title='bbox 539 2716 844 2778; x_wconf 84' lang='lat' dir='ltr'><strong>tradiditque</strong></span> <span class='ocrx_word' id='word_1_321' title='bbox 869 2714 1028 2762; x_wconf 88' lang='lat' dir='ltr'><strong>amico</strong></span> <span class='ocrx_word' id='word_1_322' title='bbox 1061 2715 1373 2779; x_wconf 67' lang='lat' dir='ltr'><strong>ZVzeoplzani,</strong></span> <span class='ocrx_word' id='word_1_323' title='bbox 1411 2716 1494 2778; x_wconf 91' lang='lat' dir='ltr'><strong>qui</strong></span> <span class='ocrx_word' id='word_1_324' title='bbox 1516 2731 1641 2778; x_wconf 88' lang='lat' dir='ltr'><strong>opus</strong></span> <span class='ocrx_word' id='word_1_325' title='bbox 1664 2720 1950 2775; x_wconf 84' lang='lat' dir='ltr'><strong>susceptum</strong></span> 
     </span>
     <span class='ocr_line' id='line_1_37' title="bbox 131 2783 1949 2851; baseline -0.001 -19"><span class='ocrx_word' id='word_1_326' title='bbox 131 2785 461 2847; x_wconf 78' lang='lat' dir='ltr'><strong>continuavit,</strong></span> <span class='ocrx_word' id='word_1_327' title='bbox 484 2793 634 2850; x_wconf 88' lang='lat' dir='ltr'><strong>atque</strong></span> <span class='ocrx_word' id='word_1_328' title='bbox 654 2804 680 2833; x_wconf 89' lang='lat' dir='ltr'><strong>a</strong></span> <span class='ocrx_word' id='word_1_329' title='bbox 707 2785 999 2833; x_wconf 87' lang='lat' dir='ltr'><strong>Diocletiani</strong></span> <span class='ocrx_word' id='word_1_330' title='bbox 1022 2785 1325 2851; x_wconf 88' lang='lat' dir='ltr'><strong>temporibus</strong></span> <span class='ocrx_word' id='word_1_331' title='bbox 1343 2784 1408 2833; x_wconf 85' lang='lat' dir='ltr'><strong>ad</strong></span> <span class='ocrx_word' id='word_1_332' title='bbox 1432 2784 1685 2833; x_wconf 70' lang='lat' dir='ltr'><strong>Michaelis</strong></span> <span class='ocrx_word' id='word_1_333' title='bbox 1710 2791 1760 2831; x_wconf 87' lang='lat' dir='ltr'><strong>et</strong></span> <span class='ocrx_word' id='word_1_334' title='bbox 1783 2783 1949 2830; x_wconf 84' lang='lat' dir='ltr'><strong>Theo-</strong></span> 
     </span>
     <span class='ocr_line' id='line_1_38' title="bbox 129 2851 1950 2922; baseline -0.001 -20"><span class='ocrx_word' id='word_1_335' title='bbox 129 2854 356 2922; x_wconf 84' lang='lat' dir='ltr'><strong>phylacti</strong></span> <span class='ocrx_word' id='word_1_336' title='bbox 393 2856 498 2903; x_wconf 88' lang='lat' dir='ltr'><strong>eius</strong></span> <span class='ocrx_word' id='word_1_337' title='bbox 522 2856 613 2904; x_wconf 91' lang='lat' dir='ltr'><strong>filii</strong></span> <span class='ocrx_word' id='word_1_338' title='bbox 647 2855 909 2921; x_wconf 82' lang='lat' dir='ltr'><strong>imperium</strong></span> <span class='ocrx_word' id='word_1_339' title='bbox 947 2851 1002 2921; x_wconf 91' lang='lat' dir='ltr'><strong>(i.</strong></span> <span class='ocrx_word' id='word_1_340' title='bbox 1039 2872 1078 2904; x_wconf 92' lang='lat' dir='ltr'><strong>e.</strong></span> <span class='ocrx_word' id='word_1_341' title='bbox 1104 2873 1260 2921; x_wconf 89' lang='lat' dir='ltr'><strong>usque</strong></span> <span class='ocrx_word' id='word_1_342' title='bbox 1294 2855 1357 2903; x_wconf 89' lang='lat' dir='ltr'><strong>ad</strong></span> <span class='ocrx_word' id='word_1_343' title='bbox 1391 2872 1574 2903; x_wconf 88' lang='lat' dir='ltr'><strong>annum</strong></span> <span class='ocrx_word' id='word_1_344' title='bbox 1600 2858 1703 2908; x_wconf 88' lang='lat'><strong>822</strong></span> <span class='ocrx_word' id='word_1_345' title='bbox 1727 2870 1752 2900; x_wconf 94' lang='lat' dir='ltr'><strong>e</strong></span> <span class='ocrx_word' id='word_1_346' title='bbox 1778 2860 1950 2901; x_wconf 86' lang='lat' dir='ltr'><strong>nostra</strong></span> 
     </span>
     <span class='ocr_line' id='line_1_39' title="bbox 132 2922 1978 2990; baseline -0.002 -18"><span class='ocrx_word' id='word_1_347' title='bbox 132 2926 522 2990; x_wconf 87' lang='lat' dir='ltr'><strong>computatione)</strong></span> <span class='ocrx_word' id='word_1_348' title='bbox 556 2926 840 2974; x_wconf 83' lang='lat' dir='ltr'><strong>Chronicon</strong></span> <span class='ocrx_word' id='word_1_349' title='bbox 875 2925 1131 2988; x_wconf 85' lang='lat' dir='ltr'><strong>congessit.</strong></span> <span class='ocrx_word' id='word_1_350' title='bbox 1204 2925 1355 2990; x_wconf 92' lang='lat' dir='ltr'><strong>(Vide</strong></span> <span class='ocrx_word' id='word_1_351' title='bbox 1382 2924 1694 2990; x_wconf 88' lang='lat' dir='ltr'><strong>Theophanis</strong></span> <span class='ocrx_word' id='word_1_352' title='bbox 1720 2922 1946 2970; x_wconf 88' lang='lat' dir='ltr'><strong>Chrono-</strong></span> <span class='ocrx_word' id='word_1_353' title='bbox 1975 2933 1978 2937; x_wconf 88' lang='grc'><strong><em>’</em></strong></span> 
     </span>
     <span class='ocr_line' id='line_1_40' title="bbox 128 2993 1947 3062; baseline -0.003 -18"><span class='ocrx_word' id='word_1_354' title='bbox 128 2995 384 3060; x_wconf 86' lang='lat' dir='ltr'><strong>graphiam</strong></span> <span class='ocrx_word' id='word_1_355' title='bbox 413 2996 467 3043; x_wconf 91' lang='lat' dir='ltr'><strong>in</strong></span> <span class='ocrx_word' id='word_1_356' title='bbox 495 2997 828 3062; x_wconf 85' lang='lat' dir='ltr'><strong>Scriptoribus</strong></span> <span class='ocrx_word' id='word_1_357' title='bbox 851 2996 1163 3061; x_wconf 81' lang='lat' dir='ltr'><strong>Byzantinis,</strong></span> <span class='ocrx_word' id='word_1_358' title='bbox 1199 2997 1338 3044; x_wconf 84' lang='lat' dir='ltr'><strong>Torn.</strong></span> <span class='ocrx_word' id='word_1_359' title='bbox 1365 2995 1443 3043; x_wconf 94' lang='lat' dir='ltr'><strong>VI.</strong></span> <span class='ocrx_word' id='word_1_360' title='bbox 1470 3014 1519 3061; x_wconf 90' lang='lat' dir='ltr'><strong>p.</strong></span> <span class='ocrx_word' id='word_1_361' title='bbox 1549 2998 1597 3049; x_wconf 88' lang='lat'><strong>3.</strong></span> <span class='ocrx_word' id='word_1_362' title='bbox 1625 2994 1673 3048; x_wconf 85' lang='lat'><strong>4.</strong></span> <span class='ocrx_word' id='word_1_363' title='bbox 1711 2993 1824 3041; x_wconf 86' lang='lat' dir='ltr'><strong>edit.</strong></span> <span class='ocrx_word' id='word_1_364' title='bbox 1853 2994 1947 3040; x_wconf 85' lang='lat' dir='ltr'><strong>Pa-</strong></span> 
     </span>
     <span class='ocr_line' id='line_1_41' title="bbox 128 3064 1947 3134; baseline -0.003 -18"><span class='ocrx_word' id='word_1_365' title='bbox 128 3066 236 3130; x_wconf 86' lang='lat' dir='ltr'><strong>ris.)</strong></span> <span class='ocrx_word' id='word_1_366' title='bbox 306 3067 515 3116; x_wconf 87' lang='lat' dir='ltr'><strong>Errores</strong></span> <span class='ocrx_word' id='word_1_367' title='bbox 554 3075 718 3116; x_wconf 87' lang='lat' dir='ltr'><strong>autem</strong></span> <span class='ocrx_word' id='word_1_368' title='bbox 761 3083 865 3117; x_wconf 86' lang='lat' dir='ltr'><strong>non</strong></span> <span class='ocrx_word' id='word_1_369' title='bbox 902 3066 1109 3132; x_wconf 87' lang='lat' dir='ltr'><strong>delevit,</strong></span> <span class='ocrx_word' id='word_1_370' title='bbox 1158 3083 1320 3134; x_wconf 86' lang='lat' dir='ltr'><strong>neque</strong></span> <span class='ocrx_word' id='word_1_371' title='bbox 1357 3066 1684 3117; x_wconf 81' lang='lat' dir='ltr'><strong>dissensiones</strong></span> <span class='ocrx_word' id='word_1_372' title='bbox 1718 3064 1947 3113; x_wconf 90' lang='lat' dir='ltr'><strong>locorum</strong></span> 
     </span>
     <span class='ocr_line' id='line_1_42' title="bbox 132 3137 1297 3200; baseline 0.009 -18"><span class='ocrx_word' id='word_1_373' title='bbox 132 3137 443 3200; x_wconf 83' lang='lat' dir='ltr'><strong>quorundam</strong></span> <span class='ocrx_word' id='word_1_374' title='bbox 470 3139 690 3189; x_wconf 86' lang='lat' dir='ltr'><strong>sustulit.</strong></span> <span class='ocrx_word' id='word_1_375' title='bbox 1294 3153 1297 3157; x_wconf 85' lang='grc'><strong>’</strong></span> 
     </span>
    </p>
   </div>
   <div class='ocr_carea' id='block_1_3' title="bbox 192 3266 1952 3565">
    <p class='ocr_par' dir='ltr' id='par_1_5' title="bbox 192 3266 1952 3565">
     <span class='ocr_line' id='line_1_43' title="bbox 192 3266 1948 3334; baseline -0.005 -15"><span class='ocrx_word' id='word_1_376' title='bbox 192 3274 268 3329; x_wconf 91' lang='grc'><strong>10)</strong></span> <span class='ocrx_word' id='word_1_377' title='bbox 299 3271 375 3331; x_wconf 75' lang='grc' dir='ltr'><strong>ἔτη</strong></span> <span class='ocrx_word' id='word_1_378' title='bbox 399 3272 449 3319; x_wconf 87' lang='grc' dir='ltr'><strong>ιε’</strong></span> <span class='ocrx_word' id='word_1_379' title='bbox 473 3276 518 3318; x_wconf 84' lang='lat' dir='ltr'><strong>iu</strong></span> <span class='ocrx_word' id='word_1_380' title='bbox 540 3275 756 3320; x_wconf 84' lang='lat' dir='ltr'><strong>codicibus</strong></span> <span class='ocrx_word' id='word_1_381' title='bbox 777 3277 1074 3334; x_wconf 84' lang='lat' dir='ltr'><strong>manuscriptis</strong></span> <span class='ocrx_word' id='word_1_382' title='bbox 1093 3277 1266 3334; x_wconf 78' lang='lat' dir='ltr'><strong>legitur,</strong></span> <span class='ocrx_word' id='word_1_383' title='bbox 1288 3289 1426 3332; x_wconf 87' lang='lat' dir='ltr'><strong>neque</strong></span> <span class='ocrx_word' id='word_1_384' title='bbox 1450 3289 1542 3319; x_wconf 91' lang='lat' dir='ltr'><strong>cum</strong></span> <span class='ocrx_word' id='word_1_385' title='bbox 1568 3275 1712 3316; x_wconf 88' lang='lat' dir='ltr'><strong>Goaro</strong></span> <span class='ocrx_word' id='word_1_386' title='bbox 1731 3273 1845 3314; x_wconf 86' lang='lat' dir='ltr'><strong>muto</strong></span> <span class='ocrx_word' id='word_1_387' title='bbox 1863 3266 1948 3313; x_wconf 82' lang='grc' dir='ltr'><strong>ιδ’.-</strong></span> 
     </span>
     <span class='ocr_line' id='line_1_44' title="bbox 247 3329 1950 3390; baseline -0.003 -17"><span class='ocrx_word' id='word_1_388' title='bbox 247 3332 418 3388; x_wconf 84' lang='lat' dir='ltr'><strong>saepius</strong></span> <span class='ocrx_word' id='word_1_389' title='bbox 440 3333 548 3375; x_wconf 89' lang='lat' dir='ltr'><strong>enim</strong></span> <span class='ocrx_word' id='word_1_390' title='bbox 576 3334 854 3390; x_wconf 80' lang='lat' dir='ltr'><strong>Chronologi,</strong></span> <span class='ocrx_word' id='word_1_391' title='bbox 884 3335 937 3378; x_wconf 85' lang='lat' dir='ltr'><strong>ad</strong></span> <span class='ocrx_word' id='word_1_392' title='bbox 960 3336 1124 3378; x_wconf 89' lang='lat' dir='ltr'><strong>modum</strong></span> <span class='ocrx_word' id='word_1_393' title='bbox 1149 3336 1441 3385; x_wconf 85' lang='lat' dir='ltr'><strong>Romanorum,</strong></span> <span class='ocrx_word' id='word_1_394' title='bbox 1470 3339 1514 3375; x_wconf 85' lang='lat' dir='ltr'><strong>et</strong></span> <span class='ocrx_word' id='word_1_395' title='bbox 1533 3345 1682 3374; x_wconf 89' lang='lat' dir='ltr'><strong>annum</strong></span> <span class='ocrx_word' id='word_1_396' title='bbox 1707 3329 1760 3369; x_wconf 87' lang='lat' dir='ltr'><strong>de</strong></span> <span class='ocrx_word' id='word_1_397' title='bbox 1777 3342 1874 3382; x_wconf 90' lang='lat' dir='ltr'><strong>quo,</strong></span> <span class='ocrx_word' id='word_1_398' title='bbox 1905 3330 1950 3369; x_wconf 83' lang='lat' dir='ltr'><strong>et</strong></span> 
     </span>
     <span class='ocr_line' id='line_1_45' title="bbox 247 3384 1952 3447; baseline -0.004 -15"><span class='ocrx_word' id='word_1_399' title='bbox 247 3402 398 3432; x_wconf 80' lang='lat' dir='ltr'><strong>annum</strong></span> <span class='ocrx_word' id='word_1_400' title='bbox 424 3389 478 3432; x_wconf 85' lang='lat' dir='ltr'><strong>ad</strong></span> <span class='ocrx_word' id='word_1_401' title='bbox 504 3405 628 3446; x_wconf 88' lang='lat' dir='ltr'><strong>quem</strong></span> <span class='ocrx_word' id='word_1_402' title='bbox 651 3393 868 3443; x_wconf 76' lang='lat' dir='ltr'><strong>referunt,</strong></span> <span class='ocrx_word' id='word_1_403' title='bbox 898 3397 1155 3447; x_wconf 86' lang='lat' dir='ltr'><strong>computant.</strong></span> <span class='ocrx_word' id='word_1_404' title='bbox 1215 3391 1410 3446; x_wconf 83' lang='lat' dir='ltr'><strong>Scaliger</strong></span> <span class='ocrx_word' id='word_1_405' title='bbox 1443 3402 1609 3445; x_wconf 85' lang='lat' dir='ltr'><strong>quoque</strong></span> <span class='ocrx_word' id='word_1_406' title='bbox 1636 3387 1677 3427; x_wconf 88' lang='lat' dir='ltr'><strong>in</strong></span> <span class='ocrx_word' id='word_1_407' title='bbox 1699 3384 1952 3427; x_wconf 82' lang='lat' dir='ltr'><strong>Eusebianis</strong></span> 
     </span>
     <span class='ocr_line' id='line_1_46' title="bbox 246 3441 1951 3508; baseline -0.005 -16"><span class='ocrx_word' id='word_1_408' title='bbox 246 3458 348 3501; x_wconf 79' lang='lat' dir='ltr'><strong>pag·</strong></span> <span class='ocrx_word' id='word_1_409' title='bbox 366 3442 414 3503; x_wconf 74' lang='grc' dir='ltr'><strong>Ι4.</strong></span> <span class='ocrx_word' id='word_1_410' title='bbox 443 3446 664 3491; x_wconf 86' lang='lat' dir='ltr'><strong>lectionem</strong></span> <span class='ocrx_word' id='word_1_411' title='bbox 686 3449 1064 3506; x_wconf 83' lang='lat' dir='ltr'><strong>manuscriptorum</strong></span> <span class='ocrx_word' id='word_1_412' title='bbox 1092 3448 1251 3500; x_wconf 82' lang='lat' dir='ltr'><strong>edidit3</strong></span> <span class='ocrx_word' id='word_1_413' title='bbox 1278 3446 1428 3491; x_wconf 83' lang='lat' dir='ltr'><strong>tribuit</strong></span> <span class='ocrx_word' id='word_1_414' title='bbox 1442 3460 1544 3488; x_wconf 83' lang='lat' dir='ltr'><strong>vero</strong></span> <span class='ocrx_word' id='word_1_415' title='bbox 1571 3441 1951 3508; x_wconf 34' lang='lat' dir='ltr'><strong>Eusebiouopinio-</strong></span> 
     </span>
     <span class='ocr_line' id='line_1_47' title="bbox 248 3499 1879 3565; baseline -0.002 -20"><span class='ocrx_word' id='word_1_416' title='bbox 248 3516 341 3546; x_wconf 85' lang='lat' dir='ltr'><strong>nem</strong></span> <span class='ocrx_word' id='word_1_417' title='bbox 355 3532 367 3555; x_wconf 91' lang='lat'><strong>,</strong></span> <span class='ocrx_word' id='word_1_418' title='bbox 397 3502 681 3548; x_wconf 67' lang='lat' dir='ltr'><strong>Mathusalae).</strong></span> <span class='ocrx_word' id='word_1_419' title='bbox 700 3505 858 3552; x_wconf 81' lang='lat' dir='ltr'><strong>diluvio</strong></span> <span class='ocrx_word' id='word_1_420' title='bbox 878 3506 1150 3565; x_wconf 73' lang='lat' dir='ltr'><strong>superstitem</strong></span> <span class='ocrx_word' id='word_1_421' title='bbox 1171 3506 1327 3559; x_wconf 79' lang='lat' dir='ltr'><strong>fuisse,</strong></span> <span class='ocrx_word' id='word_1_422' title='bbox 1355 3519 1466 3562; x_wconf 85' lang='lat' dir='ltr'><strong>quae</strong></span> <span class='ocrx_word' id='word_1_423' title='bbox 1491 3516 1573 3548; x_wconf 84' lang='lat' dir='ltr'><strong>uon</strong></span> <span class='ocrx_word' id='word_1_424' title='bbox 1601 3499 1780 3544; x_wconf 71' lang='lat' dir='ltr'><strong>Eusebix</strong></span> <span class='ocrx_word' id='word_1_425' title='bbox 1801 3505 1879 3543; x_wconf 81' lang='lat' dir='ltr'><strong>est.</strong></span> 
     </span>
    </p>
   </div>
  </div>
 </body>
</html>
