2222 3938
662 181 760 236 ET
805 147 1420 237 ANNoTATIONEs(
1836 172 1957 242 501

130 311 245 361 aliis
268 309 578 373 adversariis,
613 328 743 359 unus
768 329 867 377 quo
894 330 1006 362 cum
1033 313 1092 361 de
1129 313 1341 361 oleastro
1376 317 1615 375 certaret,
1649 311 1853 361 relictus
1880 329 1963 374 es·-

134 390 241 444 set,
274 381 362 430 ille
386 381 557 430 eodem
575 381 792 446 impetu,
834 391 884 431 et
918 384 1125 450 pedibus
1143 390 1471 450 praeventum
1497 383 1853 431 Arrachionem
1876 385 1961 432 in-

130 452 320 514 cinxit,
359 460 408 500 et
443 452 671 500 manibus
712 454 901 502 collum
937 454 1233 503 obstrinxit:
1284 454 1405 502 Eius
1442 454 1652 518 digitum
1679 453 1960 506 Arrachion

130 523 276 590 pedis
300 522 502 586 infregit
517 560 531 583 ,
572 530 621 570 et
645 523 764 572 dum
787 527 1122 588 strangulatus
1140 526 1237 573 iam
1258 525 1472 572 animam
1502 532 1694 590 ageret,
1727 541 1848 590 prae
1867 525 1961 573 di..

130 594 224 658 giti
249 593 446 655 dolore,
484 593 795 642 adversarius
828 595 1000 643 eodem
1030 597 1266 661 temporis
1296 603 1547 644 momento
1582 596 1788 645 corruit.
1823 595 1962 647 Elaei

131 665 300 728 itaque
328 662 650 712 Arrachionis
675 665 906 713 cadaveri
927 666 1192 715 victoriam
1215 674 1264 713 et
1289 683 1522 715 coronam
1548 666 1807 731 praeconis
1835 684 1961 717 voce

132 735 498 783 adiudicarunt.
571 735 705 782 Haec
749 735 853 783 ille.
928 736 1124 785 Author
1158 736 1514 784 Arrachionem
1560 737 1672 785 ide'o
1722 754 1960 787 coronam

131 805 366 871 adeptum
388 804 607 868 iudicat,
648 806 784 870 quod
806 804 1114 870 antagonista
1143 807 1394 872 posterior
1417 807 1628 855 animam
1654 807 1903 859 emisisset.

278 878 382 926 Τοῦ
415 869 786 942 ἄνταγωνιστοῦ
821 877 1077 943 κλωμένου
1115 879 1209 927 τοῦ
1241 874 1400 937 ποδός
1434 873 1531 927 ’ὑπ’
1569 873 1772 943 mixed-J
1821 879 1960 945 Legit

130 952 367 1011 corrupte
402 953 452 994 et
487 947 659 994 mutile
683 947 899 1012 Scaliger
920 947 1100 1013 pagina
1127 948 1209 1001 42.
1237 941 1611 1013 οἷνταγωνιστοῦ
1646 949 1960 1015 Κλεομένους

128 1019 239 1067 τοῦ.
306 1053 324 1073 ,.
390 1054 410 1074 ἱ.
484 1054 495 1065 .
570 1054 582 1065 .
656 1054 669 1066 .
739 1015 890 1078 ποδὸς
915 1014 1009 1069 ὑπ’
1035 1014 1211 1069 αὐτοῦ.
1283 1018 1428 1070 Unde
1453 1017 1775 1067 Arrachionis
1800 1015 1960 1068 Auta-'-

128 1086 373 1151 gonistam
409 1095 557 1136 vocet
593 1088 931 1149 Cleomenem,
980 1097 1028 1136 et
1072 1088 1194 1153 quid
1230 1087 1286 1135 in
1323 1089 1502 1137 lacuna
1541 1089 1808 1153 desideret,
1852 1092 1960 1157 ipse

127 1156 391 1221 edisserat,
425 1159 510 1206 vel
542 1158 713 1209 lumen
750 1159 953 1207 meridie
991 1166 1221 1227 quaerat:
1269 1159 1455 1224 alioqui
1492 1160 1671 1226 planus
1705 1167 1779 1209 est
1811 1161 1876 1211 M.
1905 1164 1956 1214 S.

126 1235 322 1291 textus,
361 1236 409 1276 et
433 1230 618 1277 frustra
643 1238 906 1294 torquetur
924 1231 980 1277 in
1004 1230 1160 1278 Notis.

268 1300 558 1364 Σιμωνίδης
584 1297 837 1365 ἤκμαζεν]
873 1300 1022 1349 Hunc
1050 1309 1098 1349 et
1124 1307 1405 1364 sequentem
1425 1298 1693 1348 articulum
1715 1299 1956 1351 Eusebius

127 1369 193 1419 ad
216 1369 302 1423 55.
331 1368 617 1417 Chronicon
639 1370 882 1419 Alexand.
911 1371 972 1418 ad
998 1374 1079 1424 53.
1116 1372 1313 1435 Olymp.
1339 1378 1561 1419 revocat.

265 1437 531 1490 ἩΛυδῶν
553 1441 816 1506 βασιλεία.]
853 1441 1002 1501 Quod
1026 1441 1249 1490 Petavius
1274 1441 1405 1488 libro
1435 1445 1518 1494 10.
1542 1440 1603 1488 de
1620 1439 1761 1491 Doct.
1786 1442 1958 1507 Temp.

127 1526 238 1575 cap.
268 1510 318 1563 5.
345 1510 612 1574 desiderat,
648 1512 903 1577 Lydorum
925 1513 1160 1561 videlicet
1181 1511 1321 1576 regni
1345 1511 1577 1559 notitiam
1608 1511 1775 1576 quoad
1805 1506 1956 1566 finem

126 1588 177 1629 et
199 1580 507 1647 primordia,
545 1583 809 1646 Syncellus
835 1583 1057 1648 exponit.

266 1652 379 1716 Pag·
416 1652 537 1706 240.
575 1657 795 1719 Κροῖσος
829 1651 955 1703 navo?
989 1648 1167 1720 Κύρου
1207 1646 1542 1720 στρατεύσας]
1598 1652 1676 1700 Ex
1711 1649 1789 1698 his
1831 1667 1958 1714 quae

122 1721 322 1788 placent
343 1739 529 1770 summa
554 1723 779 1787 decerpit
805 1724 1023 1788 Scaliger
1046 1740 1157 1789 pag.
1184 1723 1272 1776 43.
1300 1723 1364 1770 ad
1384 1723 1651 1785 marginem
1677 1739 1703 1768 a
1726 1720 1954 1769 Librario

123 1800 295 1841 notata
316 1792 372 1840 in
390 1793 563 1843 fictum
583 1794 781 1843 Eusebii
806 1802 1002 1843 textum
1029 1794 1273 1844 intrudit:
1311 1800 1360 1842 et
1379 1792 1442 1840 ad
1459 1799 1645 1843 rectam
1666 1791 1955 1858 prosodiam

123 1862 184 1917 ab
213 1864 416 1912 oraculo
438 1865 687 1929 prolatum
717 1882 914 1913 carmen
939 1864 1193 1916 exscribit.

318 1937 538 2001 Κροῖσος
557 1932 714 1986 ’Ἅλυν
749 1932 928 2001 διαβοὶς
963 1930 1181 2002 μεγάλην
1218 1928 1438 1999 δύναμιν
1472 1928 1750 1984 καταλύσει.

263 1999 441 2070 Κύρου
469 2008 568 2055 τῶν
595 2009 806 2073 Περσῶν
839 2005 931 2057 ἔτει
964 2002 1058 2071 test]
1096 2006 1174 2053 Ex
1200 2004 1574 2068 chronologicis
1610 2002 1792 2052 tabulis
1825 2019 1952 2068 pro-

121 2073 284 2125 banda
306 2076 599 2139 emendatio,
634 2085 692 2124 ut
715 2085 764 2125 et
793 2093 1028 2142 sequens,
1067 2068 1161 2140 qua
1184 2071 1311 2143 ,2¹75ss
1350 2075 1462 2125 vice
1489 2093 1526 2143 ,s
1529 2109 1792 2123 ......
1830 2072 1951 2119 sub-

121 2146 377 2208 stituitur,
414 2163 507 2193 nec
545 2164 646 2194 non
683 2147 856 2207 tertia,
897 2164 994 2211 qua
1026 2147 1138 2211 quis
1171 2145 1346 2194 mundi
1385 2146 1535 2192 suerit
1573 2160 1731 2190 annus
1763 2142 1949 2207 Ioacim

121 2216 430 2266 Pontificatu.
453 2225 766 2266 consecratus
793 2234 855 2265 ex
876 2218 983 2265 solo
1009 2215 1336 2282 praecessoris
1374 2215 1485 2265 Iesu
1515 2214 1607 2262 filii
1629 2213 1830 2262 Iosedec
1855 2229 1951 2260 an·-

120 2303 304 2336 norum
331 2294 532 2351 aspectu
559 2287 845 2338 coniicitur.

265 2353 545 2423 Καμβύσης
571 2353 694 2407 navo?
717 2352 1029 2424 Ἶώσηππον]
1066 2355 1198 2404 Haec
1222 2356 1437 2417 referre,
1477 2371 1579 2403 non
1604 2369 1819 2402 asserere
1843 2351 1948 2402 Au-

122 2427 319 2477 thorem
347 2429 492 2476 docet
516 2428 751 2493 proprius
777 2428 880 2476 eius
903 2435 1180 2490 computus.

260 2496 380 2551 Ἀπό
406 2493 778 2566 Ναβονασᾶρου
801 2497 896 2549 ἔτει
916 2495 1062 2564 σμβ’.]
1100 2492 1213 2555 σλςῑ.
1251 2494 1307 2543 id
1328 2502 1401 2543 est
1431 2497 1549 2549 236.
1587 2493 1830 2542 duntaxat
1861 2509 1947 2542 re·-

121 2587 274 2636 pono.
321 2569 447 2618 Aera
475 2569 718 2632 siquidem
745 2567 1047 2616 Nabonasari
1076 2584 1205 2614 anno
1230 2565 1404 2613 mundi
1434 2564 1588 2618 4747.
1611 2565 1784 2628 affixa,
1812 2565 1946 2612 solos

122 2643 243 2694 236.
279 2657 436 2688 annos
473 2640 698 2705 postulat
736 2639 1015 2700 addendos,
1051 2646 1111 2685 ut
1146 2636 1322 2684 deinde
1357 2637 1514 2689 4983.
1544 2635 1735 2684 reddat.
1806 2634 1944 2682 Alias

123 2710 240 2758 anni
264 2711 385 2765 242.
412 2710 926 2759 aeraeNabonasareae
942 2707 1180 2767 adiuncti,
1208 2723 1392 2754 annum
1417 2705 1667 2770 Cambysis
1695 2709 1744 2759 6.
1770 2722 1831 2753 ex
1858 2705 1946 2753 Io-

123 2781 265 2846 sephi
301 2781 385 2848 (ad
420 2781 560 2829 cuius
599 2781 786 2830 dictum
824 2780 946 2828 haec
988 2779 1259 2846 apponitur
1293 2773 1434 2842 nota)
1474 2776 1677 2826 calculis
1712 2777 1946 2824 ultimum

124 2852 390 2915 attingunt.

266 2923 376 2985 Pag·
413 2923 531 2976 245.
563 2916 656 2973 θεῖ’.
696 2919 778 2986 ἔτη
814 2919 976 2985 εἰσίν]
1023 2918 1067 2967 Α
1100 2916 1563 2967 Nabuchodonosor
1599 2920 1682 2971 19.
1713 2916 1776 2964 ad
1809 2914 1943 2963 Darii

122 2992 385 3058 Hystapsis
422 2993 718 3052 secundum,
767 3009 892 3039 unus
930 2999 976 3038 et
1012 2989 1283 3054 nonaginta
1329 2996 1658 3036 numerantur
1693 2987 1809 3034 anni
1845 2986 1944 3032 hoc

123 3070 288 3130 pacto.
357 3064 554 3128 Reliqui
589 3061 1050 3111 Nabuchodonosor
1089 3061 1175 3113 24.
1208 3059 1385 3108 Evilad
1420 3056 1688 3107 Merodach
1723 3058 1770 3110 5.
1798 3055 1944 3102 Niri-

124 3133 302 3198 glesari
338 3137 386 3186 3.
419 3134 645 3198 Astyagis
675 3138 756 3186 17.
797 3132 915 3199 Cyri
941 3136 1024 3185 31.
1065 3130 1315 3194 cambysis
1341 3133 1389 3182 8.
1428 3130 1658 3178 Fratrum
1687 3128 1943 3187 Magorum

124 3221 283 3264 unus,
323 3203 456 3252 Darii
477 3203 739 3271 Hystapsis
763 3203 882 3254 duo.
956 3204 1154 3250 Summa
1181 3205 1265 3255 91.
1291 3217 1395 3248 non
1418 3208 1474 3248 ut
1503 3198 1732 3264 imperite
1766 3195 1943 3243 Libra-

123 3275 230 3324 rius
254 3277 336 3326 83.

264 3345 377 3407 Peg·
414 3343 533 3396 246.
556 3340 677 3408 Ἕτη
702 3342 797 3394 εἶσὶ
823 3338 923 3408 ρι’.]
960 3342 1099 3391 Alter
1129 3359 1267 3391 error
1298 3338 1501 3389 Librarii
1540 3344 1758 3400 septem,
1795 3350 1941 3398 quam

123 3432 216 3481 par
241 3415 388 3474 esset,
427 3415 590 3461 minus
617 3414 898 3462 scribentis:
936 3410 1023 3480 ργ’.
1051 3414 1287 3461 nimirum
1310 3428 1411 3458 non
1435 3404 1512 3472 ρι’.
1551 3405 1765 3453 Calculis
1801 3420 1940 3453 error

127 3484 469 3535 convincitur:
509 3501 652 3542 acvex
676 3485 931 3550 superiore
952 3484 1153 3549 quidem
1179 3490 1295 3533 nota
1317 3482 1375 3528 ab
1401 3477 1596 3526 excidio
1634 3474 1940 3547 Hierusalem
