2222 3938
329 169 456 229 370
958 177 1538 235 EMENDATIONES

329 309 524 358 xandro
566 310 749 358 fatetur
787 306 1139 373 desumpsisse.
1211 308 1290 356 Ex
1324 307 1553 374 Abydeni
1595 310 1735 358 fonte
1769 310 1983 363 deduxit
2017 313 2157 365 rivus

329 381 585 446 originem.

467 448 732 517 ’Λβυδινοῦ
766 447 880 515 περὶ
915 467 1018 499 των
1053 444 1271 512 αυτων.]
1307 448 1497 498 Extant
1534 450 1679 499 etiam
1704 449 1826 500 haec
1850 454 1985 520 apud
2005 454 2157 503 Euse-

327 522 466 571 bium
494 523 606 569 loco
632 519 862 582 laudato,
900 536 961 567 ex
994 536 1094 583 quo
1122 518 1259 582 Regii
1287 522 1464 567 menda
1490 530 1800 585 reparantur.

470 575 581 653 Pag.
618 591 703 644 45.
741 588 1000 656 Διεμέρισε
1028 593 1148 639 Νωε
1171 609 1197 640 o
1230 589 1462 658 δίκαιος]
1502 592 1669 640 Partes
1697 593 1830 641 01bis
1851 601 1953 643 tres
1988 595 2155 659 aequis

324 640 641 730 portionibus
682 661 864 709 divisas
894 679 923 707 a
960 661 1065 707 Noe
1101 660 1217 707 filiis
1257 660 1418 708 tribus
1456 663 1747 727 separatim,
1794 672 1844 712 et
1883 682 1912 712 a
1949 664 2157 729 singulis

326 733 532 783 seorsim
568 740 834 798 occupatas
872 732 1026 779 refert
1063 729 1304 795 Iosephus
1343 739 1450 780 toto
1489 750 1594 798 cap.
1631 739 1680 787 7.
1715 733 1787 781 lib
1823 740 1871 788 1.
1910 734 2156 800 Antiquit.

323 806 570 865 Berosus,
617 803 702 851 vel
747 803 850 850 eius
887 802 1090 850 nomine
1130 801 1508 851 Chaldaicarum
1554 803 1922 869 Antiquitatum
1974 805 2158 855 author

320 875 409 925 lib.
438 875 488 927 4.
519 875 720 934 Ianum,
766 873 894 921 libro
927 872 1181 938 superiore
1215 872 1371 920 Noam
1397 881 1659 937 vocatum,
1702 876 1869 923 Asiam
1903 877 2156 942 Europam

321 954 370 993 et
395 945 613 994 Africam
641 945 802 992 tribus
826 944 971 1005 filiis,
1012 962 1101 992 ceu
1125 943 1438 1009 principibus
1467 962 1662 1007 earum,
1701 947 1941 1010 partitum
1962 947 2154 996 scribit.

321 1016 548 1064 Sortibus
572 1034 599 1062 a
624 1015 812 1078 generis
839 1014 1045 1062 humani
1068 1022 1354 1079 reparatore
1376 1024 1619 1064 terrarum
1642 1017 1824 1064 factam
1857 1018 2153 1067 divisionem

318 1095 491 1136 narrat
523 1086 832 1175 Epiphanius
867 1085 944 1132 his
979 1085 1161 1135 verbis.
1239 1089 1359 1136 Νωε
1394 1087 1614 1175 διαιρῶν
1642 1083 1733 1136 τόν
1764 1082 1928 1138 πάντα
1962 1083 2154 1154 κόσμον

319 1164 424 1218 τοῖς
457 1157 620 1222 τρισὶν
648 1157 783 1217 υἷοῖς
822 1150 980 1206 αὐτοῦ
1011 1159 1082 1226 τῷ
1108 1151 1225 1219 Σημ
1263 1155 1350 1206 καὶ
1378 1154 1496 1222 Χᾶμ
1534 1155 1620 1206 καὶ
1641 1151 1815 1220 Ἰᾶφεθ·
1850 1159 2026 1221 διεῖλε,
2064 1161 2152 1244 βα-

317 1225 421 1279 λων
445 1248 562 1286 τους
585 1223 799 1293 κλήρους
822 1227 876 1277 ἐν
896 1208 1315 1293 Ῥινοκορούροις,
1355 1246 1422 1286 ως
1442 1227 1479 1292 ἦ
1503 1223 1782 1277 ἀκολουθία
1809 1226 1920 1293 ἔχει,
1950 1228 2037 1279 καὶ
2062 1248 2154 1279 ον·-

318 1297 403 1349 ὁὲν
438 1293 758 1360 κενόφωνον,
797 1292 914 1347 ου’δε
947 1295 1434 1380 παραπεποιημένον.
1483 1292 1831 1384 Ῥινοκόρουρα
1868 1319 1964 1367 γαρ
2001 1298 2154 1388 ἑρμη-

314 1364 512 1419 νεύεται
541 1367 685 1418 Νεὲλ.
738 1367 823 1417 καὶ
852 1364 982 1417 ου’τω
1008 1363 1158 1430 φύσει
1183 1367 1236 1417 οἷ
1256 1363 1514 1433 ἐπιχώριοι
1544 1364 1707 1451 αὐτην
1734 1373 1993 1422 καλοῦσιν.
2043 1365 2152 1420 οἷπο

234 1451 237 1455 ‘
315 1438 371 1490 δὲ
397 1444 490 1506 τῆς
516 1437 825 1523 Εβραῖὶῖος
802 1434 1122 1504 ερμηνεύεται
1144 1441 1334 1503 κλῆροι
1380 1433 1651 1505 ἐπειδήπερ
1682 1459 1708 1489 ο
1743 1439 1905 1489 Νωε’
1883 1445 1988 1490 εκεῖ
2005 1438 2150 1505 ε’βαλε

314 1531 431 1570 τους
458 1505 674 1575 κλήρους
698 1515 802 1568 τοῖς
828 1508 990 1575 τρισὶν
1013 1510 1147 1568 υἱοῖς
1172 1504 1345 1559 αὐτοῦ
1422 1510 1531 1557 Noe
1563 1510 1705 1556 solus
1744 1511 1800 1556 in
1828 1519 1928 1556 tres
1967 1511 2151 1558 liberos

315 1583 427 1627 Sem
460 1581 620 1630 Clzczm
646 1590 693 1627 et
717 1579 928 1644 Iaplzetlz
955 1589 1116 1626 totam
1152 1578 1209 1626 ὁ]
1211 1579 1316 1626 bem
1345 1581 1635 1627 universum
1653 1583 1891 1644 partitus
1926 1590 2022 1644 est,
2068 1584 2152 1629 cui

313 1652 450 1698 nihil
470 1669 659 1701 vanum,
696 1651 890 1712 subest,
930 1661 1025 1697 aut
1049 1660 1223 1697 temere
1248 1651 1544 1713 confictum:
1581 1653 1698 1696 iecit
1727 1653 1881 1713 enim,
1918 1654 1997 1699 uti
2035 1670 2152 1699 con-

313 1732 551 1769 sentanea
574 1725 732 1784 fama
755 1723 1030 1785 vulgatum
1068 1731 1165 1781 est,
1198 1729 1356 1767 sortes
1384 1719 1532 1783 apud
1556 1720 1969 1768 Rhinoeorurum
1993 1725 2152 1788 oppi-

320 1792 460 1840 dum.
535 1795 673 1840 Nam
695 1792 1055 1839 Blzinocorzcra
1079 1792 1205 1838 Neel
1232 1793 1552 1853 interpretari
1570 1793 1767 1854 possis,
1805 1801 1850 1837 et
1874 1794 1952 1838 ita
1982 1794 2048 1841 ab
2071 1796 2150 1841 in-

311 1866 440 1911 colis·
463 1864 771 1927 appellatur.
832 1862 974 1909 Heln·
977 1865 1146 1908 aicum
1171 1870 1341 1907 autem
1357 1861 1673 1909 vocabalum
1687 1871 1845 1909 sortes
1869 1864 2147 1928 Signficat‚

309 1935 554 1998 quoniam
582 1935 692 1981 Noc
715 1932 882 1980 tribus
908 1933 982 1978 ibi
1001 1933 1143 2015 filiis
1166 1941 1322 1978 sortes
1354 1948 1479 1978 suas
1507 1935 1811 1997 assignavit.

457 2007 540 2073 Τῷ
578 1999 889 2073 &poss-57:81,
919 2006 1011 2052 τοῦ
1051 1997 1293 2067 κόσμου]
1343 2001 1447 2049 Noe
1489 2003 1550 2050 ab
1586 2003 1705 2052 orbe
1748 2002 1952 2051 condito
1991 2007 2143 2058 1642.

306 2082 481 2136 natm,
533 2074 707 2122 aetatis
737 2073 999 2139 propriae,
1049 2073 1234 2121 mundo
1273 2071 1368 2118 sibi
1393 2073 1552 2126 2576.
1592 2073 1912 2135 vindicante,
1962 2091 2143 2122 nume-

304 2146 446 2193 rabat
474 2145 594 2198 934.
620 2151 775 2209 prout
793 2146 889 2192 fert
914 2143 1059 2191 textu
1089 2142 1397 2190 emendatior
1418 2144 1600 2194 versio.
1674 2145 1920 2192 Filiorum
1932 2145 2035 2193 Noe
2061 2163 2144 2194 ae-

303 2222 430 2263 tates
459 2231 612 2278 prave
632 2214 716 2262 hic
742 2215 956 2280 positas,
997 2214 1058 2262 ad
1083 2230 1255 2262 eorum
1282 2212 1388 2261 dies
1412 2215 1598 2263 natales
1628 2214 1696 2281 (si
1722 2223 1890 2264 tamen
1921 2231 2041 2265 vera
2067 2223 2141 2264 est

308 2283 537 2349 historia)
573 2286 892 2350 reperiendas
917 2286 1095 2333 Lector
1117 2283 1441 2350 comparabit.

449 2352 824 2422 Χρυσορῤόας.]
863 2357 976 2404 Non
1013 2355 1254 2421 proprio,
1293 2355 1379 2403 sed
1421 2354 1725 2420 appellativo
1764 2354 2039 2419 vocabulo,
2077 2357 2143 2404 ob

301 2442 530 2489 agrorum
572 2427 987 2487 foecunditatem,
1027 2434 1075 2474 et
1110 2425 1350 2474 mercium
1387 2425 1777 2490 divitiarumque
1817 2427 2011 2492 copiam
2048 2445 2142 2492 per

300 2504 458 2545 totam
492 2497 776 2563 Aegyptum
816 2496 1157 2560 distributam,
1201 2496 1342 2545 Nilus
1375 2497 1561 2545 fluvius
1602 2505 1942 2562 nuncupatur.
2013 2498 2143 2546 Pro-

299 2567 400 2631 prii
421 2568 640 2616 nominis
665 2566 1036 2634 Chrysorrhoas
1060 2569 1375 2631 Damascum,
1414 2567 1723 2633 Geographis
1745 2568 1969 2631 testibus,
1993 2585 2141 2634 prae-

297 2638 576 2686 terlabitur.

442 2712 688 2774 Γαλλικῆς
717 2712 984 2774 Σπανικῆς
1011 2707 1103 2773 ‘ce-J
1147 2710 1372 2758 Γαλλιαῖν
1399 2706 1646 2766 Ἱσπανίας
1672 2725 1750 2768 τε,
1787 2707 1982 2771 placuit
2011 2709 2136 2757 Sea-

299 2775 457 2840 ligero
488 2779 678 2842 legere,
715 2787 770 2826 ut
807 2787 855 2827 et
887 2783 1027 2830 Γεοόν
1066 2786 1181 2826 ante
1212 2795 1364 2826 unam
1392 2779 1474 2827 vel
1506 2778 1711 2825 alteram
1741 2776 1937 2826 lineam.
2010 2779 2137 2827 Mihi

297 2847 437 2895 rudis
470 2856 519 2896 et
546 2849 771 2898 incultus
808 2850 995 2898 arridet
1026 2849 1256 2912 Author‚
1304 2853 1494 2911 Γειῶν,
1530 2855 1589 2894 ut
1622 2854 1671 2894 et
1701 2845 2041 2897 Theodoretus
2079 2850 2135 2898 in

298 2921 346 2970 3.
371 2918 491 2982 Reg.
517 2922 567 2971 3.
597 2928 784 2983 quaest.
816 2918 968 2986 Γηεόν
997 2937 1260 2984 reponens.
1332 2919 1433 2965 Sub
1458 2920 1706 2982 Γαλλικῆς
1732 2926 1896 2966 autem
1923 2927 1970 2967 et
1996 2925 2135 2970 Σπα-

295 2955 706 3052 mxffgovocibus,
743 3010 831 3052 το,
869 2995 963 3058 γῆς
997 2991 1080 3040 vel
1113 3009 1276 3057 χωρας
1313 2997 1475 3036 mente
1513 2987 1809 3052 capiendum
1850 2990 1995 3038 etiam
2030 2990 2130 3040 tiro

297 3057 617 3110 divinaverit.
698 3062 934 3111 Σπανίαν
978 3061 1180 3110 tandem
1218 3060 1277 3107 ab
1322 3061 1526 3122 antiquo
1565 3058 1785 3106 scribens
1821 3060 2133 3126 Epiphanius

299 3127 504 3178 Haeresi
534 3133 617 3183 66.
646 3130 912 3192 Georgium
938 3147 1111 3179 vocem
1138 3130 1339 3178 eandem
1366 3130 1656 3176 reddentem
1692 3129 1752 3176 ab
1783 3129 2131 3197 intempestiva

299 3199 613 3249 correctione
652 3200 893 3251 vindicat.
967 3203 1038 3248 De
1072 3217 1197 3249 voce
1234 3198 1456 3250 Ἱσπανία
1491 3207 1540 3247 et
1578 3200 1782 3250 Σπανία
1818 3202 1879 3250 ab
1911 3202 2129 3267 antiquis

298 3269 591 3319 authoribus
639 3279 881 3336 usurpata
926 3278 1110 3319 tractat
1153 3270 1415 3319 Maluenda
1456 3277 1629 3319 noster
1665 3271 1827 3336 Opere
1875 3272 1938 3321 de
1977 3273 2131 3321 Anti-

298 3338 502 3390 christo.

441 3410 545 3461 Καὶ
579 3406 831 3477 ἐκοιμήθη
869 3409 921 3460 ἐν
947 3406 1050 3478 ὄρει
1077 3405 1337 3478 Λουβάρ]
1387 3409 1500 3472 Quo
1533 3418 1651 3475 post
1689 3411 1934 3461 diluvium
1962 3411 2126 3460 sedem

297 3479 499 3531 videtur
521 3481 712 3545 fixisse,
749 3481 993 3532 scribente
1018 3481 1298 3548 Epiphanio
1323 3480 1491 3531 statim
1513 3482 1601 3531 sub
1619 3481 1710 3535 lib.
1735 3486 1783 3536 1.
1801 3482 2125 3550 principium.
