2112 3854
257 174 340 235 66
1063 174 1289 233 GOARI

259 309 358 359 hoc
385 308 583 375 Georgii
614 319 738 376 opus
775 324 919 357 nemo
957 308 1148 373 sapiens
1177 305 1470 369 affirmabit,
1509 306 1595 354 sed
1629 307 1736 370 vel,
1771 315 1829 356 ut
1865 307 2070 373 prodiit,

258 379 468 429 haesisse
486 382 854 461 imperfectum,
893 378 975 427 vel
997 378 1427 444 Calligraphorum
1449 376 1750 425 facinoribus
1774 378 1918 426 foeda
1939 394 2072 426 men·

262 449 434 499 darum
460 452 603 516 copia
625 450 777 498 fuisse
795 464 1088 514 respersum.
1161 446 1294 497 Haec
1318 446 1513 497 abunde
1538 447 1599 495 de
1622 443 1841 511 SynceHi
1864 446 2073 514 persona

261 527 309 568 et
336 537 508 586 opeie:
545 520 679 584 quod
703 536 856 584 porro
893 518 988 567 suit
1014 520 1170 568 eidem
1195 519 1357 585 operis
1382 517 1526 565 istius
1562 513 1891 582 suscipiendi,
1927 517 1969 565 si
1997 525 2074 565 ta·

259 607 371 638 men
401 606 660 655 assequor,
695 588 959 657 consilium
977 627 993 655 ,
1027 607 1124 656 qua
1156 607 1250 657 par
1279 596 1352 638 est
1382 587 1625 637 brevitate
1651 588 1874 652 sequitur
1904 587 2074 636 decla-

256 661 483 709 randum.

396 743 513 791 Fuit
544 750 703 791 autem
740 743 868 791 illud
904 759 1019 793 cum
1054 739 1359 829 prioribus,
1366 743 1466 790 imo
1504 737 1901 824 Chronographis
1946 725 2072 787 cun·

255 814 348 861 ctis
396 829 655 861 commune
694 814 1031 879 piopositum,
1100 822 1180 876 ut,
1241 809 1366 865 κατὰ
1412 809 1466 864 τό
1517 805 1751 876 ἐφικτόν,
1800 827 1863 858 ex
1909 807 2074 856 intimi

254 882 569 948 Theophanis
595 886 861 947 sententia,
898 885 967 933 ad
981 886 1218 950 temporis
1246 900 1525 933 mensuram
1546 890 1595 930 et
1624 881 1887 930 intervalla
1907 893 2075 928 rerum

253 953 314 1000 ab
342 971 398 1001 01
401 954 473 1001 bis
499 954 707 1002 conditu
727 955 789 1003 ad
815 962 1022 1004 aetatem
1046 972 1201 1020 usque
1225 972 1364 1004 suam
1388 961 1633 1018 gestarum
1660 949 2074 1016 compendiariam

250 1023 530 1073 institueret
555 1025 959 1090 descriptionem:
994 1026 1250 1090 privatum
1286 1042 1433 1086 vero,
1472 1031 1531 1072 ut
1553 1031 1835 1103 temporum
1858 1020 2075 1073 rationi-

249 1094 342 1142 bus
370 1095 433 1142 ad
466 1095 826 1143 exactissimum
858 1113 1096 1144 canonem
1121 1096 1392 1157 revocatiS,
1429 1094 1721 1156 cunctisque
1750 1093 1881 1142 orbis
1916 1090 2073 1145 totius

252 1164 589 1230 Principibus»,
639 1174 687 1213 et
725 1166 1026 1216 nobiliorum
1059 1166 1391 1214 Ecclesiarum
1413 1164 1729 1213 Praesulibus
1760 1163 1824 1210 ad
1857 1169 2074 1210 aetatum

251 1251 452 1282 suarum
490 1236 626 1283 sedes
653 1236 932 1300 dispositis,
971 1244 1274 1285 servatorem
1312 1252 1486 1284 verum
1519 1234 1607 1281 Dei
1637 1234 1826 1292 filium,
1865 1231 2074 1296 expletis

249 1304 309 1351 ab
335 1305 451 1352 orbe
478 1305 641 1369 posito
666 1306 806 1353 annis
839 1306 992 1360 5500.
1021 1314 1069 1354 et
1090 1306 1294 1354 ineunte
1317 1306 1469 1359 5501.
1491 1304 1672 1352 mensis
1699 1302 1848 1368 primi
1873 1310 1921 1350 et
1948 1300 2074 1350 heb-

249 1374 471 1423 domadis
493 1375 572 1422 die
586 1375 773 1439 primo,
798 1383 983 1424 secreto
1006 1376 1060 1423 in
1072 1376 1252 1425 Mariae
1270 1374 1486 1439 Virginis
1508 1383 1707 1423 uterum
1724 1374 1920 1439 illapsu,
1944 1388 2074 1420 mor-

247 1445 430 1492 talibus
460 1444 696 1493 indutum
729 1446 905 1495 exuvis
941 1463 1110 1511 parem
1141 1465 1253 1495 cum
1280 1445 1625 1512 peccatoribus
1645 1452 1872 1492 naturam
1901 1442 2071 1490 divino

204 1553 207 1555 .
247 1515 443 1562 foedere
470 1516 562 1562 sibi
584 1515 900 1566 coniunxisse
925 1517 1300 1566 demonstraret.
1358 1516 1428 1563 Ea
1451 1532 1602 1579 porro
1626 1513 1822 1561 numeri
1844 1529 2074 1562 mensura

249 1601 359 1632 cum
382 1585 614 1632 Africano
640 1603 865 1646 00110010,
901 1587 1077 1633 mediis
1099 1593 1260 1633 autem
1284 1583 1560 1632 intervallis
1582 1599 1938 1646 nonnunquam
1964 1583 2076 1650 dis-¹

246 1655 437 1717 sidens,
474 1654 761 1703 Africanum
787 1655 841 1701 in
862 1654 1109 1719 plerisque
1135 1662 1418 1720 oppugnat:
1455 1653 1509 1700 in
1533 1653 1706 1718 primis
1749 1660 1913 1701 autem
1943 1652 2071 1700 Eth-

244 1724 416 1772 nicum
439 1724 567 1773 illud
598 1726 884 1789 opinatum,
917 1741 1013 1788 quo
1047 1732 1160 1772 ante
1188 1723 1372 1772 Christi
1395 1724 1451 1771 in
1474 1731 1629 1772 terras
1655 1723 1926 1772 adventum
1959 1740 2072 1788 my-

219 1794 406 1843 riades
435 1812 678 1843 annorum
698 1795 942 1861 plurimae
978 1802 1262 1850 statuuntur
1289 1794 1674 1860 praeterlapsae,
1717 1810 1810 1842 ceu
1834 1792 1950 1841 fidei
1977 1810 2071 1859 po-

244 1864 463 1929 sitaeque
488 1883 729 1914 annorum
751 1881 968 1913 summae
986 1882 1279 1930 repugnans,
1317 1863 1470 1911 animi
1495 1864 1712 1929 stylique
1735 1880 1921 1912 summa
1943 1880 2070 1913 con·-

243 1935 464 1983 tentione
486 1937 582 1984 sibi
600 1936 841 2001 proponit
869 1936 1213 1984 evertendum:
1249 1935 1371 1996 1100,
1409 1935 1636 1999 inquam,
1675 1934 1884 1983 consilio
1917 1934 2067 1984 Bero-

245 2022 354 2052 sum
392 2005 768 2055 Chaldaicarum
802 2023 968 2055 rerum
1004 2005 1244 2069 origines,
1293 2011 1342 2052 et
1366 2003 1711 2053 Manethonem
1741 2004 2066 2070 Aegyptiacas

243 2075 558 2140 antiquitates
587 2084 993 2143 prosequentem,
1029 2076 1373 2124 Alexandrum
1396 2075 1756 2141 Polyhistorem
1786 2083 1834 2124 et
1864 2075 2066 2141 Abyde-

240 2162 365 2194 num
385 2164 516 2196 nova
543 2156 591 2196 et
616 2148 837 2195 inaudita
871 2147 1002 2196 circa
1030 2147 1210 2196 diluvii
1234 2153 1468 2196 eventum
1497 2145 1924 2195 comminiscentes
1952 2146 2066 2194 ani-

241 2233 354 2278 mo,
392 2234 637 2266 011110111111
677 2218 923 2282 myriadas
961 2218 1019 2266 ab
1061 2217 1128 2267 eis
1151 2217 1322 2280 fictas,
1360 2217 1685 2281 excogitatam
1716 2233 1914 2282 quoque
1950 2224 2065 2266 ante

239 2286 486 2337 diluvium
514 2285 588 2357 ²⁵)
628 2286 773 2355 (quae
807 2306 835 2336 a
874 2288 1104 2352 Scaligeri
1126 2287 1322 2353 scriptis
1347 2286 1481 2336 haud
1510 2284 1765 2355 abhorret)
1795 2287 2064 2352 Babylonis

238 2357 671 2421 substructionem,
685 2360 851 2407 inanes
858 2376 951 2423 que
964 2359 1024 2408 de
1037 2359 1324 2407 animalibus
1339 2358 1510 2407 Oanne
1521 2356 1612 2424 ²⁶),
1624 2357 1901 2421 Aunedoto,
1914 2358 2063 2407 Omo..

153 2452 155 2458 v
237 2444 358 2475 roca
405 2397 708 2492 caeterisque
749 2429 994 2496 portentis
1028 2430 1249 2492 fabulas,
1310 2445 1409 2493 quo
1464 2436 1629 2495 potest
1662 2435 2062 2508 argumentorum

236 2497 415 2545 robore
438 2500 723 2565 propulsat,
762 2507 810 2548 et
833 2500 1012 2550 erroris
1033 2500 1216 2548 vitium
1241 2501 1348 2549 veri
1385 2500 1574 2548 medela
1615 2499 1851 2562 castigare
1875 2499 2059 2548 studet.

234 2565 522 2615 Africanum
537 2569 715 2618 deinde
737 2566 898 2638 (cuius
922 2571 1151 2618 asseclam
1164 2569 1488 2619 Alexandrini
1515 2568 1747 2617 Chronici
1784 2575 1960 2617 auctor
1978 2565 2056 2638 ²⁷)

237 2653 289 2684 se
305 2636 543 2701 praebet),
558 2641 806 2688 communi
819 2645 886 2693 70
909 2640 1237 2707 interpretum
1251 2641 1442 2688 calculo
1464 2639 1705 2688 diluvium
1722 2638 1968 2704 posterius
1984 2656 2057 2687 as-

233 2707 508 2770 signantem
534 2706 634 2773 ²⁸)
623 2745 636 2771 ,
672 2710 1042 2774 praetermisso,
1076 2728 1222 2774 quem
1244 2712 1401 2758 Lucas
1434 2709 1488 2757 in
1522 2709 1772 2772 evangelio
1801 2717 2054 2772 memorat,

235 2777 424 2825 Gainan
446 2779 696 2838 ·,secun‹lo
737 2780 939 2843 eiusque
960 2779 1100 2827 annis
1121 2781 1325 2845 proprio
1349 2780 1578 2841 resectis,
1618 2780 1714 2828 alio
1739 2778 2054 2844 Chronogra-

232 2845 381 2912 phiae
401 2848 514 2897 loco
541 2866 643 2896 non
668 2849 855 2897 debitos
869 2850 1160 2898 mserentem
1182 2868 1363 2912 annos;
1390 2850 1546 2915 Ogygi
1559 2848 1632 2917 ²⁹)
1658 2858 1912 2915 praeterea
1924 2851 2052 2899 Deu-

233 2917 535 2982 calionisque
550 2915 620 2984 ³⁰)
647 2919 832 2968 diluvia
847 2920 1008 2985 spatio
1033 2937 1180 2985 quam
1198 2919 1404 2969 dissita
1389 2937 1442 2969 111
1461 2921 1592 2968 idem
1611 2929 1804 3002 tempus
1816 2937 2052 2970 revocan-

233 2994 362 3050 tem,
399 2995 508 3036 tum
532 2988 922 3054 Phylarcharum
955 2991 1102 3039 Iacob
1129 2991 1346 3040 filiorum
1373 2992 1560 3040 natales
1586 2991 1689 3039 dies
1719 2992 1773 3040 in
1798 2992 2050 3056 sequiores

232 3024 485 3122 terniinoS,
509 3058 797 3124 Assyriique
820 3061 959 3125 regni
990 3062 1250 3110 exordium
1274 3078 1336 3110 ex
1362 3079 1517 3126 pravo
1536 3062 1727 3110 calculo
1751 3064 2050 3111 transferen-

231 3134 332 3175 tem
357 3129 471 3176 falsi
493 3130 777 3178 convictum
800 3129 898 3200 31);
938 3131 1000 3179 ad
1025 3131 1148 3180 haec
1180 3132 1374 3180 Abdoni
1409 3132 1566 3180 iudici
1589 3130 1660 3198 32)
1688 3150 1843 3181 annos
1872 3132 2048 3197 viginti

233 3205 377 3248 textu
398 3216 534 3248 sacro
549 3200 822 3249 reluctante
837 3218 1110 3263 concessos,
1137 3210 1185 3251 et
1198 3203 1260 3252 ad
1275 3202 1502 3252 Sedeciae
1524 3220 1707 3252 annum
1722 3203 1941 3269 primum
1953 3204 2047 3252 Ba-

283 3350 363 3405 25)
387 3349 493 3406 Peg.
519 3348 574 3394 14
608 3355 653 3394 et
675 3364 795 3407 seqq.
875 3350 955 3406 26)
980 3353 1088 3410 Pag
1112 3354 1171 3397 30
1200 3358 1244 3397 et
1273 3367 1393 3411 seqq.
1480 3353 1557 3407 27)
1583 3353 1689 3412 Pag.
1710 3353 1781 3395 20.
1838 3352 1919 3408 28)
1934 3353 2041 3407 Pag-

340 3409 396 3451 62
431 3416 475 3449 et.
500 3407 606 3449 aliis.
693 3410 774 3463 29)
803 3410 908 3466 Pag.
929 3411 997 3455 70.
1044 3368 1164 3467 g30)
1183 3411 1289 3468 Pag.
1314 3411 1396 3456 105
1417 3415 1477 3453 et
1498 3425 1616 3468 seqq.
1703 3411 1782 3466 31)
1812 3410 1920 3466 Peg
1945 3409 2039 3454 165.

328 3464 418 3519 732)
450 3465 554 3520 Pag.
578 3466 661 3510 219
687 3471 730 3509 et
751 3468 852 3512 223.
