2222 3938
313 225 445 284 386
926 229 1501 286 EMENDATIONES
1566 197 1569 200 ’

316 361 640 427 confhrenda,
677 362 845 412 forsan
881 377 1075 426 quoque
1116 360 1387 411 divinanda
1401 399 1419 426 ,
1463 363 1807 430 relinquimus.
1878 363 2011 414 Haec
2045 364 2133 414 ille

316 434 544 483 Animad.
571 450 681 499 pag.
705 433 824 486 250.
950 433 953 435 ’
1288 447 1289 451 ’

453 499 694 568 Ὀθῶης.]
744 500 899 549 Addit
935 501 1152 565 Scaliger
1179 500 1262 566 ἔτη
1289 495 1349 551 λ’.
1396 501 1541 552 Haud
1575 502 1758 568 inepte.
1804 503 2134 552 succedentes

316 574 450 623 enim
486 590 621 638 reges
652 572 869 636 quinque
902 589 1146 621 annorum
1184 575 1300 634 1733.
1331 571 1433 621 suis
1468 572 1714 621 aetatibus*
1747 574 2001 640 explentes
2029 575 2135 639 pri-

316 661 454 694 mum
484 644 621 691 hunc
661 642 875 690 Othoem
914 643 1054 691 annis
1093 646 1179 696 30.
1222 659 1448 705 regnasse
1481 643 1776 707 significant.
1847 645 1946 692 Sex
1970 652 2136 693 tamen

317 731 467 780 supra
490 717 574 766 30.
606 713 805 761 mallem
830 712 1081 776 assignari.
1152 713 1274 760 Nam
1301 730 1413 760 cum
1453 713 1639 779 Phiops
1675 715 1903 762 sexennis
1929 732 2134 779 regnum

318 790 607 847 assequutus
638 783 700 831 ad
743 800 899 831 annos
945 791 1144 832 centum
1191 783 1492 849 pervenerit,
1539 801 1643 831 non
1678 785 1775 833 nisi
1811 784 1894 838 94.
1930 802 2134 849 regnum

317 854 532 902 tenuisse
563 851 975 918 deprehenditur:
1011 871 1073 903 ex
1101 871 1198 919 quo
1225 854 1342 902 anni
1367 871 1457 903 sex
1484 853 1568 902 alii
1590 853 1745 903 Othoi
1767 871 1919 919 regno
1942 855 2137 905 deside-

315 925 419 972 rari
447 923 799 972 coniiciuntur.
2120 964 2123 965 γ

463 990 588 1055 Φιός
612 993 693 1059 ἔτη
725 988 843 1061 νγ’.]
887 993 1120 1057 Scaligeri
1144 993 1532 1061 Typographum
1553 995 1734 1061 pagina
1759 996 1994 1062 Excerpt.
2017 997 2138 1050 356.

317 1080 484 1113 errare
518 1081 792 1126 censerem,
829 1064 914 1112 ubi
953 1065 1258 1128 Scaligerum
1298 1065 1379 1130 ἔτη
1413 1061 1470 1132 γ’.
1506 1065 1742 1114 Authoris
1773 1084 2014 1115 summam
2053 1062 2138 1134 σγ’.

315 1142 640 1199 reponentem
681 1134 1034 1182 animadverto.
1099 1135 1334 1199 Scaligeri
1382 1143 1544 1183 tamen
1590 1136 1981 1186 emendationem
2017 1132 2138 1206 ρνγ’.

317 1205 659 1270 conspicatus,
699 1205 999 1267 Scaligerum
1018 1204 1184 1268 ipsum
1215 1205 1358 1253 annis
1388 1205 1509 1253 totis
1535 1205 1619 1258 50.
1647 1206 1894 1256 aberrasse
1929 1207 2140 1256 decrevi.

453 1272 535 1335 Ἐξ
558 1269 940 1339 Ἐλεφαντίνης]
979 1274 1050 1321 De
1076 1291 1169 1337 qua
1195 1275 1491 1323 Heliodorus
1513 1276 1566 1322 in
1591 1274 1899 1342 Aethiopicis
1931 1277 2140 1325 abunde.

463 1345 529 1394 Οἱ
554 1343 640 1394 καὶ
665 1343 1021 1410 ἐβασίλευσαν.]
1060 1345 1129 1391 De
1156 1346 1348 1394 Nitocri
1381 1346 1485 1393 sola
1517 1353 1661 1393 textu
1694 1347 1956 1412 loquente,
1992 1347 2140 1395 lectio

315 1413 653 1462 multitudinis
680 1431 941 1462 numerum
961 1415 1119 1462 citans
1144 1416 1235 1464 vix
1252 1417 1538 1464 sustinetur.
1575 1416 1766 1465 Dubius
1792 1418 1903 1466 ideo
1927 1434 2142 1483 repono:

315 1483 354 1550 ἦ
378 1483 463 1535 καὶ
488 1484 803 1550 ἐβασίλευσεν
819 1506 838 1536 .·
874 1484 1098 1549 quamvis
1122 1503 1360 1536 numerus
1382 1482 1486 1552 σιγ’.
1514 1503 1759 1537 annorum
1783 1489 1976 1536 scilicet
1990 1488 2144 1536 trium

317 1571 469 1618 supra
496 1556 736 1603 ducentos
762 1555 818 1602 in
851 1572 1002 1619 regno
1038 1565 1326 1605 exactorum
1354 1574 1381 1604 a
1406 1556 1703 1622 quibusdam
1734 1567 1978 1622 assertus,
2013 1575 2143 1606 non-

316 1623 416 1671 nisi
447 1625 507 1672 de
529 1626 774 1689 pluribus,
812 1626 899 1690 qui
923 1628 1094 1674 forsan
1117 1627 1222 1675 eius
1246 1628 1361 1688 filii,
1401 1627 1609 1676 concedi
1631 1628 1791 1692 possit
1810 1629 2142 1679 affirmandus.

316 1693 389 1742 De
413 1695 607 1747 Nitocri
629 1696 911 1744 Herodotus
936 1696 1022 1743 lib.
1054 1702 1102 1749 2.
1135 1714 1241 1762 cap.
1270 1702 1386 1751 100.

461 1765 573 1826 Pag.
611 1767 694 1818 59.
733 1765 1048 1829 Σημειωτέον
1083 1763 1310 1831 ὅπόσον.]
1358 1764 1595 1813 Authoris
1620 1767 1892 1816 sententiae
1918 1767 2144 1817 Africani

317 1833 401 1882 vel
439 1833 639 1880 Eusebii
674 1834 823 1880 dictis
854 1835 1130 1895 admixtae,
1180 1836 1316 1900 typis
1345 1835 1485 1884 nullo
1527 1836 1666 1899 signo
1707 1839 2014 1902 coniunctis,
2061 1837 2144 1893 vel

318 1902 554 1954 varietate
581 1903 885 1968 conspicuis,
923 1902 1287 1968 exprimuntur.

461 1969 603 2022 Κατοέ
623 1968 963 2040 Ἀφρικανόν]
996 1974 1152 2021 Verba
1177 1974 1299 2024 haec
1313 1976 1369 2024 in
1386 1976 1651 2041 Dynastiae
1677 1977 1920 2043 sequentis
1938 1978 2143 2026 titulum

318 2041 681 2107 praefigantur:
731 2059 824 2092 nec
853 2044 1031 2092 Latina
1054 2045 1218 2094 versio
1257 2046 1319 2095 de
1356 2046 1581 2096 Africani
1618 2049 1823 2097 calculis
1855 2050 2144 2098 memoriam

317 2111 513 2161 habeat.
722 2134 725 2135 ⁷

370 2237 372 2239 ,
457 2181 897 2249 Ἡρακλεωτικῶν.]
933 2183 1096 2233 Mutat
1136 2185 1352 2250 Scaliger
1377 2185 1594 2252 Excerp.
1620 2206 1733 2253 pag.
1766 2189 1886 2243 356.
1913 2188 1969 2237 in
1998 2186 2143 2258 Ἦρα-

317 2256 682 2315 κλεοπολιτοῖν,
732 2270 837 2301 non
876 2255 1033 2302 male:
1086 2258 1172 2305 sed
1206 2273 1363 2320 neque
1398 2259 1692 2309 necessario,
1778 2261 1891 2308 Non
1921 2261 2142 2324 inquam,

319 2324 473 2371 male:
506 2322 956 2390 Ἡρακλεοπολιτῶν
991 2325 1123 2374 enim
1160 2325 1326 2394 (etiam
1358 2327 1683 2395 emendatius)
1721 2347 2003 2379 successura
2030 2347 2141 2396 pag.

159 2385 215 2432 V·
242 2387 301 2434 20
322 2394 506 2442 scribet
530 2394 746 2443 Author:
783 2402 835 2442 at
860 2396 1135 2460 superflue:
1180 2415 1292 2446 cum
1320 2398 1658 2447 Heracleotica
1682 2401 1891 2466 Aegypti
1917 2401 2050 2465 regio
2078 2402 2145 2449 sit

321 2481 444 2528 quae
456 2464 853 2529 Heracleopolim
875 2465 1107 2518 includit.
1144 2469 1231 2516 Est
1257 2469 1436 2516 ostium
1449 2470 1552 2517 Nili
1564 2470 1984 2533 Heracleoticum,
2009 2472 2143 2520 idem

318 2535 456 2596 quod
481 2535 815 2600 Canopicum:
854 2536 918 2584 ad
945 2537 1077 2585 illud
1099 2547 1173 2586 est
1202 2539 1572 2605 Heracleopolis
1601 2541 1790 2603 civitas,
1827 2549 1883 2589 ut
1908 2550 1956 2589 et
1976 2543 2144 2590 nomi-

317 2603 396 2650 nis
436 2604 654 2654 eiusdem
688 2607 841 2654 altera
881 2606 944 2654 ad
970 2608 1239 2658 Pelusium.
1302 2611 1515 2658 Consule
1542 2611 1875 2676 Stephanum,
1907 2613 2141 2675 Plinium,

322 2673 677 2738 Ptolemaeum,
706 2677 1011 2740 Strabonem,
1051 2687 1100 2727 et
1123 2697 1187 2729 ex
1209 2679 1288 2729 his
1309 2681 1568 2731 Ortelium.
1639 2683 1709 2730 De
1733 2682 2023 2731 Heracleote
2042 2683 2145 2731 No-

318 2758 401 2790 mo
437 2744 676 2808 privatim
703 2747 1048 2802 Ptolemaeum.

463 2813 565 2863 Καὶ
577 2812 677 2866 ὖπό
694 2819 1013 2883 κροκοδείλου
1041 2818 1333 2888 διεφθάρη]
1361 2821 1451 2868 His
1475 2822 1536 2870 de
1557 2839 1643 2870 suo
1671 2821 1888 2886 Scaliger
1900 2822 2142 2889 Excerpt.

319 2897 429 2946 Pag-
454 2885 573 2937 356.
599 2885 753 2937 addit.
795 2886 924 2953 ὁμοῦ
950 2893 1052 2940 τῶν
1073 2890 1217 2942 ἐννέα
1241 2894 1543 2942 δυναστειῶν
1569 2891 1651 2956 ἔτη
1681 2888 1816 2960 ,βλδᾍ

467 2955 532 3003 Οἱ
563 2953 884 3018 ἐβασίλευσαν
918 2958 1000 3024 ἔτη
1039 2957 1186 3026 ρπε’.]
1237 2962 1500 3026 Subiungit
1527 2961 1606 3010 his
1635 2978 1846 3011 rursum.
1883 2960 2019 3029 ὁμοῦ
2039 2965 2143 3014 τῶν

317 3018 439 3073 δέκα
460 3023 763 3076 δυναστειῶν
792 3027 873 3092 ἔτη
902 3027 1067 3097 Ιβσιθῖ

456 3092 766 3160 Σέσωστρις]
807 3098 945 3157 Quae
978 3099 1062 3147 hic
1102 3107 1338 3165 corrupta
1365 3117 1426 3148 ex
1457 3102 1607 3167 paulo
1634 3103 1953 3154 inferioribus
1977 3121 2141 3153 emen-

317 3160 525 3212 dantur:
562 3171 610 3211 et
635 3163 721 3212 hic
746 3166 937 3231 integra
964 3169 1058 3215 alia
1080 3169 1285 3218 inferius
1312 3188 1414 3219 non
1438 3189 1556 3219 sana
1580 3183 1829 3240 reparant.
1891 3177 1964 3225 De
1993 3177 2142 3224 Seso-

315 3232 410 3280 stri
448 3241 497 3282 et
539 3233 686 3298 gestis
735 3236 836 3284 eius
870 3237 957 3286 hic
992 3240 1274 3288 memoratis
1313 3240 1593 3291 Herodotus
1643 3246 1729 3294 lib.
1777 3252 1826 3300 2.
1866 3263 1973 3312 cap.
2023 3251 2141 3300 102.

321 3300 502 3354 ὁτέοισι
525 3301 614 3369 μὲν
639 3303 831 3357 ἐθνέων
852 3302 1131 3373 ἀλκίμοισιν
1149 3306 1463 3377 ἐνετύγχανε,
1500 3313 1586 3365 καὶ
1611 3315 1786 3376 δεινῶς
1809 3314 2139 3384 γλιχομένοισι

317 3372 432 3440 περὶ
469 3373 782 3441 ἐλευθερίης,
819 3373 1038 3429 τούτοισι
1074 3378 1165 3444 μὲν
1200 3377 1380 3447 στήλας
1419 3378 1593 3450 οἷνίστη
1621 3387 1690 3447 εἷς
1713 3384 1804 3448 τοὶς
1827 3383 2017 3454 χώρας,
2054 3384 2138 3437 διοέ

316 3441 618 3509 γραμμάτων
637 3442 874 3512 λεγούσας
896 3444 968 3510 τό,
995 3468 1046 3500 τε
1068 3449 1283 3517 ἑωυτοῦ,
1318 3452 1515 3520 καὶ’τῆς
1539 3451 1755 3524 πάτρης,
1792 3457 1878 3509 καὶ
1902 3456 1969 3517 ὥς
1990 3453 2138 3508 δυνά-

317 3531 398 3576 μει
420 3517 484 3584 τῇ
510 3514 703 3568 ἑωυτοῦ
717 3518 1076 3587 κατεστρέψατο
1103 3520 1259 3588 σφέας
1273 3539 1284 3551 ·
1312 3522 1463 3577 ὁτέων
1485 3523 1540 3578 δὲ
1563 3521 1776 3596 ἀμαχητὶ
1792 3527 1879 3581 καὶ
1898 3523 2137 3589 εὐπετέως
