2112 3854
769 164 1275 232 DISSERTATIO.
1865 170 1948 226 23

121 324 223 357 esse
246 324 349 354 non
373 306 498 355 levis
526 305 743 372 suspicio
772 305 945 369 arguit.
985 334 1050 343 —
1088 308 1160 355 Ne
1198 314 1365 355 autem
1401 305 1511 370 q'uis
1539 304 1702 354 verbis
1724 323 1832 371 pag.
1859 309 1941 359 89,

121 379 256 428 ΟΛ).
287 376 355 443 12)
394 378 621 439 fallatur,
658 384 717 423 ut
751 376 948 438 credat,
984 378 1247 441 Georgium
1281 386 1330 426 et
1365 376 1460 424 hac
1490 376 1544 422 in
1577 377 1948 440 computatione

117 449 209 497 sibi
235 447 573 496 contradicere
586 465 600 509 ;
650 446 951 494 monendum
981 465 1081 495 esse
1116 448 1347 510 videtur,
1387 463 1581 495 omnem
1617 446 1752 493 hunc
1779 447 1948 494 Iocum

114 535 181 566 ex
210 517 421 565 Eusebio
452 517 757 581 descriptum
779 533 908 578 esse,
946 518 1034 580 qui
1061 519 1310 582 triplicem
1332 519 1386 566 in
1406 517 1581 566 seriem
1607 517 1944 581 computatio-

114 605 226 638 nem
265 604 511 636 annorum
540 604 566 635 e
601 587 910 652 septuaginta
933 586 1318 653 interpretibus,
1356 606 1418 636 ex
1440 587 1777 636 Hebraeorum
1803 587 1945 634 codi-

117 659 280 720 cibus,
318 666 467 722 atque
500 675 525 705 e
560 657 882 705 Samaritanis
914 657 1182 721 digesserat
1220 676 1328 724 pag.
1372 662 1457 712 80.
1490 659 1544 705 C.
1579 658 1635 705 D.
1671 662 1727 718 1,
1763 657 1818 704 in
1858 674 1944 705 sua

113 745 232 778 vero
268 727 589 792 computandi
625 729 816 776 ratione
850 727 1033 775 Cainan
1067 737 1304 792 tanquam
1329 730 1387 776 ab
1415 730 1570 776 aliena
1597 744 1749 775 manu
1775 727 1945 775 inser-

113 806 219 847 tum
256 799 510 859 omiserat,
550 805 693 862 atque
727 799 859 845 inter
896 798 1141 847 diluvium
1166 807 1214 846 et
1241 798 1462 847 Abrahae
1496 798 1804 846 nativitatem
1839 815 1944 845 non

115 873 282 930 1070,
321 869 408 916 sed
437 869 542 922 942
578 886 735 916 annos
771 869 1067 917 numeravit.
1099 897 1158 905 —-
1193 870 1449 933 Simulque
1475 887 1500 917 e
1539 869 1748 931 Georgio
1777 869 1944 917 varie-

111 946 238 986 tates
266 939 493 987 lectionis
522 939 576 984 in
603 939 824 986 numeris
853 942 951 988 τῶν
980 934 1021 989 ο’
1048 939 1306 999 discimus,
1346 956 1472 1003 quae
1505 941 1562 986 in
1588 939 1769 986 nostris
1794 938 1943 986 codi-

114 1008 252 1056 cibus
278 1027 377 1057 non
402 1010 648 1072 leguntur.
723 1008 995 1074 Arphaxad
1022 1010 1168 1071 enim,
1203 1010 1377 1058 scribit
1398 1027 1447 1074 p.
1474 1011 1589 1062 115.
1614 1010 1672 1057 A.
1696 1010 1770 1069 Β.,
1810 1026 1939 1057 anno

111 1078 281 1127 aetatis
310 1081 409 1133 135
432 1079 597 1142 genuit
630 1079 832 1140 Caium,
858 1080 914 1126 A.
940 1080 1004 1127 Μ.
1027 1083 1184 1143 2377,
1220 1081 1446 1144 vixitque
1471 1096 1625 1126 annos
1653 1080 1755 1132 355
1784 1097 1940 1143 usque

111 1149 176 1197 ad
199 1149 257 1198 A.
279 1150 343 1198 M.
372 1153 526 1209 2732,
564 1157 709 1214 atque
738 1151 860 1198 obiit
891 1149 1060 1197 decem
1087 1168 1243 1198 annos
1274 1159 1387 1198 ante
1419 1157 1611 1214 patrem
1636 1166 1780 1196 suum
1805 1151 1933 1197 Sem.

111 1214 266 1287 (Haec
294 1221 421 1268 ratio
458 1220 550 1267 sibi
578 1228 799 1269 constat:
837 1222 947 1267 Sem
973 1220 1103 1268 enim
1131 1221 1186 1271 A.
1212 1221 1277 1269 M.
1305 1221 1443 1275 2142
1473 1229 1617 1268 natus
1641 1219 1935 1284 quingentos

109 1307 265 1339 annos
297 1298 410 1356 post
436 1291 709 1352 diluvium,
749 1291 881 1354 quod
904 1291 957 1339 in
996 1309 1178 1338 annum
1213 1292 1352 1344 2242
1378 1290 1583 1352 incidit,
1621 1290 1780 1351 vixit3
1820 1307 1936 1353 ergo

108 1369 336 1409 mortuus
363 1368 438 1409 est
468 1363 527 1408 A.
562 1361 627 1408 M.
654 1359 830 1426 2742).
899 1362 958 1408 In
990 1361 1099 1408 aliis
1127 1379 1246 1410 vero
1276 1361 1532 1409 codicibus
1563 1360 1808 1423 (intellige
1835 1361 1938 1408 He—

108 1430 358 1493 braicos),
397 1438 452 1479 ut
479 1431 703 1493 Eusebii,
742 1448 871 1493 esse,
908 1431 1242 1496 Arphaxaden
1273 1439 1389 1497 post
1428 1432 1609 1479 Salam
1635 1439 1807 1478 natum
1840 1447 1934 1478 an-

106 1517 198 1548 nos
237 1501 343 1554 403
388 1501 521 1548 inter
556 1501 702 1549 vivos
739 1502 908 1564 egisse.
923 1502 955 1524 '³
1027 1502 1276 1550 Numerus
1313 1503 1416 1555 403
1456 1518 1518 1549 ex
1556 1500 1810 1549 Hebraicis
1842 1509 1934 1564 est,

59 1595 63 1599 v
107 1571 403 1634 quibuscum
428 1572 743 1620 consentiunt
764 1571 1014 1619 versiones
1040 1580 1087 1619 et
1108 1572 1309 1636 Syriaca
1333 1580 1383 1618 et
1403 1571 1636 1634 Arabica3
1675 1587 1937 1619 numerum

105 1658 228 1689 vero
252 1642 383 1703 355,
422 1658 566 1705 quem
594 1641 830 1704 Georgius
866 1659 1039 1690 verum
1071 1659 1173 1689 esse
1204 1649 1398 1702 censet,
1439 1657 1679 1706 quemque
1705 1659 1731 1688 a
1758 1642 1933 1690 scribis

105 1728 209 1765 non
237 1719 528 1776 corruptum
568 1729 694 1774 esse,
734 1712 902 1776 plures
942 1729 1054 1758 cum
1084 1711 1182 1759 hoc
1204 1729 1408 1760 numero
1446 1713 1806 1760 consentientes
1833 1729 1935 1759 nu·-

104 1782 228 1830 meri
255 1782 608 1843 demonstrant,
643 1799 803 1847 neque
829 1783 881 1828 in
909 1783 1161 1830 Hebraicis
1185 1799 1348 1846 neque
1369 1783 1422 1829 in
1448 1783 1647 1830 Graecis
1676 1782 1933 1830 codicibus

103 1852 323 1917 reperio:
358 1853 413 1899 in
444 1853 644 1900 Graecis
683 1861 756 1900 est
791 1860 877 1900 aut
911 1854 1041 1913 400,
1081 1861 1166 1900 aut
1201 1853 1332 1913 430,
1370 1861 1455 1899 aut
1484 1855 1602 1906 330.
1640 1881 1712 1891 --
1759 1852 1932 1914 „Dein

107 1923 292 1970 Cainan
325 1940 455 1972 anno
482 1923 654 1971 aetatis
681 1927 798 1985 130,
832 1923 866 1972 i.
896 1940 936 1970 e.
960 1925 1015 1974 A.
1044 1924 1109 1972 M.
1143 1925 1297 1986 2507,
1323 1924 1488 1987 genuit
1513 1924 1700 1985 Salam,
1735 1931 1783 1971 et
1804 1923 1935 1972 vixit

105 1993 188 2058 ἔτη
211 1988 284 2044 υλ’
304 1993 340 2043 i.
363 2010 402 2042 e.
425 1994 553 2046 430:
595 1993 670 2060 (in
703 1994 859 2042 latina
892 1996 1120 2043 versione
1143 1994 1330 2057 legitur
1353 1995 1481 2055 4503
1504 1991 1522 2057 )
1549 1993 1604 2040 in
1641 1993 1932 2058 quibusdam

101 2081 224 2113 Vero
273 2065 634 2128 exemplaribus
682 2072 757 2112 est
799 2067 918 2118 330.
935 2069 964 2093 '’
1033 2066 1094 2114 In
1132 2065 1318 2114 nostris
1359 2064 1614 2113 codicibus
1653 2064 1758 2113 sine
1798 2064 1933 2112 omni

102 2135 340 2183 varietate
376 2135 557 2197 legitur
582 2138 702 2188 330.
729 2133 796 2202 13)

242 2205 390 2253 Haud
412 2206 535 2254 levis
564 2205 764 2269 quidem
785 2205 969 2254 laboris
994 2206 1139 2267 foret,
1178 2205 1344 2254 omnia
1371 2205 1567 2269 Georgii
1588 2205 1699 2252 loca
1729 2205 1782 2252 in
1811 2222 1931 2252 con-

105 2274 324 2324 cordiam
357 2292 615 2338 revocare3
652 2293 795 2341 saepe
837 2276 968 2324 enim
1007 2277 1231 2326 duriores
1259 2284 1456 2324 tantum
1483 2275 1698 2324 rationes
1735 2275 1930 2322 dissen-

106 2362 215 2393 sum
239 2345 415 2392 tollere
442 2354 664 2408 possunt,
703 2363 911 2410 quarum
936 2347 994 2394 ab
1020 2364 1112 2395 usu
1135 2347 1281 2395 etiam
1306 2346 1598 2394 criticorum
1620 2363 1795 2410 parum
1818 2346 1932 2392 lau-

103 2417 219 2464 data
241 2415 482 2463 modestia
499 2417 600 2463 fere
617 2416 864 2467 abhorret.
912 2418 1171 2466 Dissensus
1193 2417 1433 2464 eiusmodi
1451 2424 1523 2464 est
1542 2416 1594 2462 in
1610 2415 1751 2462 annis
1766 2414 1915 2462 Mosis

242 2485 511 2548 Abrabam,
549 2486 624 2534 uti
656 2486 896 2549 vidimus,
937 2495 1082 2535 natus
1119 2494 1190 2535 est
1227 2486 1498 2535 secundum
1545 2485 1746 2549 Georgii
1787 2502 1931 2532 com-

161 2597 242 2652 12)
285 2593 379 2640 ἔστι
410 2595 570 2640 τοίνυν
611 2595 731 2639 κατὰ
761 2590 871 2647 τοῦς
900 2595 938 2640 ο’
961 2594 1018 2638 τοὶ
1047 2593 1131 2652 μὲν
1162 2593 1253 2640 ἀπὸ
1284 2596 1372 2640 τοῦ
1409 2590 1549 2650 Ἀδάμ
1579 2592 1653 2639 ἐπὶ
1678 2591 1761 2638 τὸν
1790 2610 1931 2639 κατα-

214 2651 417 2711 κλυσμὸν
453 2653 530 2709 ἔτη
562 2652 733 2711 ’βσμβ’·
763 2653 821 2697 τα
851 2651 902 2697 δὲ
937 2649 1027 2697 ἀπὸ
1054 2654 1139 2699 τοῦ
1169 2655 1492 2709 κατακλυσμοῦ
1518 2651 1602 2706 ἕως
1632 2655 1718 2695 τοῦ
1741 2648 1930 2709 πρώτου

216 2717 348 2770 ἔτους
365 2716 561 2778 Ἀβραὰμ
582 2714 838 2779 ἔτηιῆμβᾬ
877 2716 936 2761 τοὶ
957 2718 1113 2761 πάντα
1135 2715 1212 2772 ἔτη
1227 2716 1386 2775 yon&
1426 2717 1588 2760 Eadem
1610 2716 1716 2758 dicit
1735 2729 1834 2771 pag.
1858 2716 1929 2763 88.
1951 2720 1957 2723 ’

217 2781 295 2824 C.:
317 2777 466 2837 “Ομοῦ
493 2777 586 2825 ἀπὸ
611 2784 697 2824 τοῦ
718 2783 1039 2836 κατακλυσμοῦ
1072 2779 1148 2827 ἐπὶ
1169 2778 1222 2826 τὸ
1257 2783 1441 2840 πρῶτον
1472 2778 1573 2832 ἔτος
1593 2778 1818 2838 Ἀβρααμ,
1848 2778 1927 2836 ἔτη

220 2844 378 2909 ’Άμβᾏ
407 2841 557 2891 ὁπόσα
582 2840 640 2904 ἦν
661 2846 739 2891 καὶ
766 2844 885 2891 κατὰ
908 2847 1000 2889 τῶν
1024 2843 1061 2890 ο’
1090 2845 1346 2902 ἑρμηνείαν.
1411 2847 1469 2888 At
1499 2860 1600 2901 pag.
1630 2846 1700 2888 86.
1743 2845 1795 2888 A.
1826 2858 1928 2886 con-

217 2909 440 2952 tenderat:
467 2907 570 2953 Ἀπὸ
594 2911 678 2954 τοῦ
698 2910 1018 2965 κατακλυσμοῦ
1038 2908 1121 2960 ἕως
1144 2910 1230 2952 τοῦ
1251 2905 1436 2964 πρώτου
1461 2907 1592 2959 ἔτους
1610 2905 1807 2965 Ἀβραοὶμ
1828 2903 1926 2965 ‘oco'-

216 2964 310 3011 ἀπὸ
336 2964 384 3010 δὲ
404 2963 539 3022 Ἀδᾶμ
566 2964 651 3017 ἕως
674 2965 759 3023 μὲν
784 2969 870 3012 τοῦ
888 2968 1211 3021 κατακλυσμοῦ
1233 2965 1309 3023 ἔτη
1331 2965 1490 3025 ,βσμβ’·
1520 2966 1592 3011 ἐπὶ
1630 2964 1681 3010 δὲ
1710 2963 1764 3009 τὸ
1801 2965 1927 3019 πρῶ-

217 3040 301 3067 τον
336 3022 436 3075 ἔτος
464 3023 659 3082 Ἀβραὰμ
705 3023 781 3080 ἔτη
822 3023 972 3082 ,γτιβ’,
1017 3021 1076 3076 ὡς
1110 3023 1159 3069 ἐν
1189 3026 1255 3081 τῷ
1289 3023 1450 3068 κανόνι
1486 3025 1647 3080 σαφῶς
1670 3019 1925 3067 ὖποκεῖται·

221 3082 298 3135 13)
327 3082 483 3123 Locum
504 3087 728 3138 praeterea
750 3082 868 3124 vitiis
890 3082 1122 3125 scribarum
1145 3081 1364 3134 laborare,
1394 3089 1587 3138 apparet.
1647 3082 1791 3136 Lego:
1819 3075 1924 3122 τινὰ

216 3135 267 3183 δὲ
291 3140 384 3181 τῶν
406 3135 715 3196 ἀντιγράφων,
745 3136 807 3192 ὡς
827 3139 904 3183 καὶ
930 3137 1175 3196 Εὐσεβίου,
1205 3136 1272 3195 ‘vy'
1296 3138 1449 3194 ἔχουσι
1470 3140 1574 3184 τοῦ
1595 3132 1824 3195 Ἀρφαξάδ
1847 3151 1926 3191 με·

217 3194 277 3239 τοὶ
307 3194 359 3240 τὸ
392 3199 607 3251 γεννῆσαι
639 3195 783 3241 αὐτὸν
816 3195 970 3248 Σαλα,
1003 3194 1072 3247 οἷς
1109 3194 1216 3241 οὐδ’
1243 3192 1360 3248 ὅλως
1393 3195 1630 3252 ἑπόμεθα,
1661 3193 1811 3250 πάντη
1844 3195 1928 3249 τῆς

220 3249 445 3308 ἀληθείας
465 3257 556 3298 τῶν
575 3253 751 3310 χρόνων
772 3254 852 3299 καὶ·
873 3256 966 3298 τῶν
985 3256 1151 3311 γενεῶν
1174 3252 1495 3326 διημαρτηκό
1510 3269 1578 3298 σι.
1607 3250 1710 3297 ἀντὶ
1731 3251 1817 3307 γὰρ
1842 3251 1927 3294 τοῦ

221 3310 402 3354 Καϊνοῖν
424 3310 504 3355 τὸν
527 3311 657 3355 Σάλα
679 3312 953 3369 γεννῆσαί
975 3325 1089 3368 φασι
1114 3310 1194 3356 τὸν
1216 3311 1465 3368 Ἀρφαξαδ,
1491 3307 1758 3367 Ἀφρικανός
1781 3324 1827 3352 τε
1848 3307 1927 3353 “⁰⁶2

224 3363 460 3424 Εὐσέβιος.
477 3394 536 3400 -
563 3369 775 3412 Robertus
790 3369 962 3412 Holmes
981 3376 1143 3425 septem
1166 3369 1291 3411 codd.
1310 3384 1488 3425 graecos
1499 3375 1544 3411 et
1565 3368 1800 3411 versionem
1821 3366 1930 3408 Ara·—

223 3423 383 3476 binam,
410 3426 635 3482 Copticam
656 3432 700 3468 et
719 3426 986 3468 Slavonicam
1010 3426 1114 3469 citat,
1130 3458 1143 3478 ‚
1171 3426 1214 3468 in
1247 3427 1400 3482 quibus
1423 3440 1618 3470 numerus
1642 3423 1729 3470 430
1753 3423 1926 3482 legitur.

226 3504 282 3511 —
311 3480 490 3527 Numeri
513 3497 614 3527 vero
638 3484 724 3529 355
753 3483 907 3528 nullum
931 3484 1161 3542 exemplum
1189 3483 1329 3528 afiert.
