2112 3854
755 147 1182 204 PRAEFATIO.
1809 139 1891 200 73
1956 149 1959 151 ’

37 277 274 343 Georgii
308 277 529 359 Syn-nelli
567 276 839 340 vindiciam,
886 279 974 327 nbi
1009 280 1138 328 ratio
1182 280 1340 342 favet,
1377 277 1432 327 in
1468 257 1684 328 medium
1715 280 1893 346 profe-

75 357 224 398 runt:
271 348 359 398 ubi
403 349 509 414 ipse
541 349 724 398 rationi
761 357 1043 415 temporum
1079 351 1397 412 adversatur,
1446 348 1892 400 hallucinationem

75 419 334 468 admissam
360 419 438 468 vel
463 428 717 483 excusant,
754 427 840 468 aut
860 421 1031 468 saltem
1055 421 1336 470 evitandam
1361 420 1711 470 demonstrant.
1773 422 1893 470 Nul-

74 489 204 552 lam,
243 490 409 555 quoad
430 491 666 556 temporis
699 491 944 539 rationem
967 491 1272 557 universam,
1322 490 1701 559 Chronologiam
1734 492 1889 541 stabi-

9 572 17 580 ”
73 557 207 608 liunt
243 568 328 609 aut
368 560 664 624 defendunt3
703 562 807 609 sola
830 561 1025 624 Georgii
1048 563 1264 627 Syncelli
1286 561 1472 628 scripta
1489 561 1680 611 mendis
1701 579 1889 628 expur-

72 638 184 694 gata
225 630 477 680 illustrare
533 639 807 694 contentae.
892 633 1183 694 Summatim
1237 633 1428 698 dicam:
1493 649 1593 688 una
1635 649 1749 681 cum
1787 633 1888 681 illis

74 701 315 766 Georgius
341 703 598 766 Syncellus
619 688 816 767 prodit,
853 719 945 754 nec
967 702 1221 768 impolitus
1244 703 1462 765 omnino,
1500 703 1611 768 quis
1631 704 1760 758 enim
1783 721 1888 764 non

71 769 310 820 horreat?
340 780 495 838 prout
514 773 565 821 in
580 773 682 822 MS.
710 771 967 840 hucusque
992 781 1287 832 asservatus;
1325 791 1419 823 nec
1443 773 1592 843 plane
1618 755 1890 822 adornatus

72 848 124 890 et
145 832 398 906 excultus,
435 844 592 909 qualis
618 843 786 893 nullus
813 841 1068 907 hucusque
1095 843 1431 908 Chronologus
1471 844 1576 894 sine
1609 844 1733 899 vitio
1750 882 1764 907 ,
1800 845 1888 893 sed

73 912 368 961 auctoritate
400 911 628 980 (morosa
649 915 769 962 licet
796 931 853 961 ac
877 913 1088 977 difficili)
1118 931 1211 962 nec
1232 932 1336 963 non
1366 914 1656 979 antiquitate
1689 913 1891 980 (rugosa

19 1042 22 1045 Δ
72 984 390 1046 quantumvis
415 1002 472 1033 ac
499 982 774 1066 fastidiosa)
805 984 1250 1033 commendandus:
1288 992 1458 1033 nostio
1493 985 1701 1050 denique
1722 987 1889 1035 labore

70 1053 222 1117 magis
251 1062 483 1120 acceptus
507 1065 556 1105 et
584 1056 773 1121 gratior
798 1055 1050 1119 redditus,
1094 1073 1242 1120 rugas
1268 1072 1417 1103 manu
1451 1055 1672 1105 feliciore
1703 1057 1888 1106 tollen-

70 1121 159 1172 das
186 1140 471 1192 naevosque
494 1128 664 1178 forsan
692 1143 860 1177 omnes
886 1126 1234 1197 detergendos,
1270 1125 1665 1197 praesssolabitur.

1943 987 1968 1015 Ο
