2222 3938
333 175 463 263 548-
567 182 1146 243 EMENDATIONES
1182 183 1909 242 ET-ANNOTATIONES.

333 322 504 363 tamen
545 315 722 364 omissa
737 351 752 376 ,
775 321 843 366 ,ut
867 321 984 378 pote
1007 330 1111 361 non
1137 314 1242 361 sola
1265 313 1321 361 in
1346 312 1607 360 adversum
1630 312 1827 376 prolata
1845 348 1860 374 ‚
1912 328 1975 360 ex
2006 329 2172 366 anno-2

331 403 443 433 rum
472 394 660 450 septem
698 385 925 446 defectu,
970 401 1069 448 quo
1111 385 1334 448 computi
1369 384 1469 431 duo
1507 382 1602 429 sibi
1640 389 1992 447 opponuntur,
2029 379 2170 432 hune

333 455 421 520 &lui
458 456 711 504 Christum
747 462 920 502 natum
958 453 1135 502 mundi
1163 455 1314 508 5500.
1351 453 1524 519 ponit,
1575 461 1623 500 et
1659 454 1873 517 alterum
1898 454 1984 517 qui
2010 454 2165 508 5493.

332 527 532 581 asserit,
571 543 726 573 unum
743 562 757 587 ,
793 525 1025 589 inquam,
1065 537 1182 572 cum
1206 525 1360 572 altero
1390 524 1553 585 coire,
1592 530 1641 570 et
1660 524 1867 571 unicum
1887 540 1950 571 ex
1972 524 2166 573 duobus

331 597 634 644 censendum
674 612 919 659 nusquam
961 595 1223 656 assentiar,
1279 595 1368 658 qui
1414 594 1635 647 defectus
1673 595 1960 657 memorati,
2010 602 2059 641 et
2102 612 2165 642 ex

328 667 525 714 defectu
548 665 852 713 discriminis
874 665 1019 712 aliam
1047 665 1408 714 observaverim
1433 665 1568 730 apud
1599 664 1866 727 Georgium
1905 665 2162 728 originem,

166 742 221 785 V.
243 742 301 787 76
329 738 572 784 minorem
605 736 864 797 videlicet,
918 753 1065 799 quam
1101 736 1322 800 exquirit
1364 739 1575 792 verit-¹³5,
1626 735 1971 800 quorumpiam
2018 737 2186 784 Romu

324 808 484 871 Impp.
524 814 758 868 aetatem,
811 823 934 871 quae
972 807 1013 853 si
1051 824 1205 870 aequa
1246 814 1294 854 et
1330 807 1438 854 aliis
1482 805 1809 868 Cluonologis
1849 805 2161 854 consentiens

323 877 501 926 fuisset
527 877 742 942 ascripta
765 878 906 924 nulla
929 894 1250 925 numerorum
1283 877 1457 941 peritia
1472 916 1485 936 ,
1519 892 1614 923 nec
1635 876 1798 940 quivis
1831 877 1954 924 alius
1975 893 2163 924 nume-

322 965 495 996 rorum
522 964 759 995 occursus
788 965 1004 995 summas
1036 949 1156 996 duas
1183 948 1457 1012 septenario
1484 954 1592 994 toto
1622 946 1913 995 dissidentes
1947 964 2162 1013 compo-

323 1027 488 1079 neret,
526 1026 613 1065 aut
640 1018 774 1065 hane
804 1019 859 1065 in
891 1019 1098 1066 alteram
1124 1018 1332 1081 migrare
1357 1019 1730 1065 demonstraret.

465 1087 520 1139 Ὅ
546 1085 686 1155 ἅγιος
705 1090 939 1154 Βαβυλᾶς
966 1085 1214 1139 ἐκώλυσεν
1238 1082 1432 1151 αὕτόν.]
1480 1087 1558 1133 Ex
1581 1087 1733 1135 variis
1759 1093 1809 1134 et
1827 1086 2160 1151 scriptoribus

322 1158 378 1206 in
408 1158 625 1207 diversas
649 1166 815 1224 partes
843 1159 1134 1206 abeuntibus
1160 1158 1379 1206 diversas
1407 1157 1598 1220 colligit
1631 1165 1679 1204 et
1709 1157 1764 1204 in
1793 1173 1952 1204 unum
1989 1175 2160 1222 oppo—

321 1228 440 1276 sitas
484 1230 740 1294 opiniones
777 1229 1042 1292 Georgius·
1070 1228 1393 1277 consarcinat.
1450 1228 1553 1275 Iam
1584 1227 1792 1291 Babylas
1819 1227 2160 1276 Antiochenus

320 1300 527 1347 Praesul
548 1301 638 1348 sub
665 1299 815 1346 Decio
841 1316 904 1346 ex
930 1315 1041 1363 pag.
1067 1302 1186 1352 263.
1216 1299 1273 1346 A.
1302 1300 1354 1346 C.
1396 1306 1729 1362 consequutus
1753 1298 1980 1363 Martyrii
2014 1315 2158 1347 coro-

319 1386 436 1417 nam
452 1407 466 1431 ‚
503 1369 587 1417 hic
617 1370 804 1416 iterum
844 1370 991 1416 etiam
1032 1369 1328 1417 Antiochiae
1363 1369 1563 1416 iubente
1585 1369 1888 1416 Numeriano
1917 1369 1980 1416 ad
2005 1369 2157 1432 gladii

318 1457 535 1505 poenam
558 1439 792 1487 trahitur.
839 1439 1053 1504 Babylae
1087 1441 1215 1501 duo,
1255 1448 1465 1504 uterque
1489 1438 1856 1502 Antiochenus,
1892 1438 2160 1505 hucusque

317 1512 493 1574 ignoti.
542 1509 912 1558 Antiochenum
944 1528 1098 1558 unum
1117 1547 1130 1571 ,
1167 1511 1590 1559 Nicomediensem
1621 1512 1830 1558 alterum
1864 1527 1929 1558 ex
1948 1511 2158 1560 diversis

320 1581 615 1629 authoribus
651 1588 894 1628 memorat
927 1581 1173 1629 Baronius
1204 1583 1258 1628 in
1296 1582 1555 1647 Martyrol.
1580 1582 1644 1629 ad
1677 1581 1897 1629 Ianuarii
1921 1581 2051 1629 diem
2069 1582 2154 1635 24.

315 1650 476 1699 Huius
499 1668 696 1715 quoque
721 1652 1005 1699 memoriam
1029 1670 1134 1699 non
1158 1653 1408 1717 Episcopi,
1447 1652 1535 1700 sed
1562 1652 1915 1716 Ludimagistri
1942 1653 2156 1701 celebrat

317 1721 577 1769 Menaeum
600 1723 679 1769 die
706 1722 1008 1786 Septembris
1033 1723 1080 1774 4.
1102 1740 1275 1771 verum
1289 1723 1579 1770 Maximiani
1605 1731 1828 1788 tempore
1854 1730 2014 1772 morte
2035 1741 2158 1772 con-³

307 1792 572 1841 summati.
633 1792 947 1855 Scriptorum
981 1793 1151 1857 itaque
1187 1789 1554 1859 ἅλληλομαχίαν
1594 1793 1859 1841 committit
1895 1794 2151 1858 Georgius,

318 1869 369 1909 et
393 1863 611 1927 seipsum
643 1862 870 1926 pluribus
895 1863 1009 1910 telis
1037 1863 1311 1911 instructus
1349 1865 1589 1912 confodit.
1642 1865 1888 1912 Accurato
1925 1865 2153 1913 examine

317 1932 658 1980 controversia
681 1932 840 1979 omnis
866 1932 1133 1981 discutitur
1159 1935 1291 1998 apud
1313 1935 1568 1981 laudatum
1592 1935 1877 1982 Baronium.

457 2003 570 2065 Pag.
607 2005 727 2055 391.
749 1998 884 2063 ’Ἕως
919 1996 1018 2054 ὦδε
1052 2003 1340 2070 Συγγέλου]
1378 2006 1502 2068 Lege
1537 2003 1833 2071 Συγκέλλου.
1884 2004 2150 2070 Hucusque

317 2071 519 2135 Georgii
534 2071 755 2137 Syncelli
777 2089 898 2138 opus
923 2081 1137 2121 mentem
1158 2082 1207 2121 et
1231 2075 1474 2122 calamum
1491 2075 1723 2123 detinuit.
1760 2076 1889 2138 Ager
1909 2076 2075 2125 brevis
2101 2085 2150 2124 et

315 2150 583 2206 angustus,
634 2141 792 2207 spinis
831 2143 1052 2206 obsitus,
1105 2146 1313 2192 confusa
1346 2146 1587 2193 rud-‚erum
1631 2147 1860 2209 congerie
1896 2146 2147 2210 horridus,

311 2213 562 2275 laborem,
605 2229 752 2276 quem
787 2213 868 2261 vir
891 2214 1136 2262 librorum
1165 2216 1390 2263 culturae
1419 2216 1610 2280 peritus
1644 2217 1909 2281 coniiciat,
1946 2218 2148 2282 ignarus

309 2291 359 2331 et
385 2283 518 2331 iners
542 2283 735 2330 animus
761 2300 867 2331 non
888 2285 1070 2346 credat,
1109 2286 1451 2334 sustinendum
1477 2287 1694 2352 impulit.
1731 2289 1954 2349 Novavi‚
1989 2290 2146 2349 aravi,

311 2354 525 2402 excolui.
572 2355 752 2401 Totum
780 2371 974 2419 quaqua
1001 2356 1174 2420 patet?
1203 2357 1315 2405 Non
1337 2359 1551 2422 glorior:
1588 2358 1686 2405 nisi
1712 2359 1773 2406 de
1794 2359 1992 2423 potiori.
2032 2361 2146 2420 Qua

313 2424 602 2488 diligentia,
639 2425 721 2473 vel
744 2426 986 2473 solertia?
1024 2427 1292 2475 decernent
1319 2429 1517 2476 eruditi.
1575 2429 1724 2488 Quod
1755 2429 1815 2477 de
1833 2431 2002 2479 labore
2034 2449 2143 2480 meo

311 2494 558 2542 iudicium
586 2501 684 2542 est:
721 2494 971 2544 incultum
996 2513 1185 2561 agrum,
1223 2507 1275 2547 at
1298 2501 1461 2548 solum
1488 2501 1653 2561 ferax,
1689 2501 1914 2565 copiosae
1937 2502 2143 2551 sementi

307 2564 624 2628 recipiendae
655 2564 890 2614 idoneum
908 2602 923 2628 ,
956 2574 1061 2615 arte
1094 2568 1291 2618 meliori
1316 2588 1521 2619 messem
1553 2572 1830 2620 uberiorem
1851 2582 2139 2641 reportatu-

308 2650 420 2682 rum
436 2670 450 2698 ‚
484 2652 578 2700 pro
603 2635 720 2685 rudi
744 2644 795 2685 et
820 2637 1015 2687 inculta
1044 2638 1266 2692 Minerva
1288 2658 1397 2692 mea
1427 2651 1592 2693 aratro
1613 2643 1850 2710 proscidi.
