2222 3938
678 181 778 236 ET
813 177 1402 250 ANNOTATIONES.
1777 167 1904 230 537

82 331 200 366 rum
219 313 527 363 exorientem
550 319 796 360 removet:
836 310 924 376 qui
951 311 1105 375 igitur
1123 308 1373 359 Panodori
1397 305 1600 358 calculis
1625 306 1689 356 ad
1712 309 1909 372 regulas
1988 346 1991 348 -

83 383 457 435 Astronomicas
503 399 650 446 quam
697 389 928 430 accurate
963 381 1167 430 directis
1203 397 1342 428 aerae
1391 379 1666 428 communis
1701 379 1786 433 42.
1818 390 1908 446 est,

83 454 251 504 idem
235 471 291 502 111
316 453 514 516 Georgii
533 453 712 501 tabulis
724 452 1012 501 tricesimus
1034 452 1210 501 tertius
1244 452 1489 499 duntaxat
1509 449 1837 501 ordinabitur.

226 525 585 592 Πρωτοκτίστῳ
615 522 776 593 ’ἡμέρα
811 520 943 588 ζωὴν
977 523 1031 575 ἐκ
1061 526 1254 589 νεκρῶν
1275 516 1557 588 ἐπήγασεν.]
1595 522 1666 570 Ut
1690 524 1910 571 mundus

82 595 253 645 Martii
286 594 466 643 mensis
499 594 578 642 die
617 594 701 647 25.
741 594 998 657 conditus,
1049 594 1217 642 eodem
1254 595 1443 656 pariter
1491 591 1615 640 die
1599 609 1657 640 111
1689 591 1911 657 Virginis

82 674 228 715 utero
257 666 526 713 mortalem
559 664 713 712 vitam
747 664 966 713 Verbum
1004 681 1150 712 carne
1184 663 1421 711 indutum
1452 663 1669 728 accepit,
1705 680 1765 711 ac
1785 672 1912 712 tan-

86 736 202 785 dem
225 753 356 784 anno
389 735 476 788 34.
503 743 791 783 recurrente
812 735 864 782 in
898 734 1053 783 vitam
1075 732 1199 781 lethi
1225 741 1477 798 expertem
1499 741 1750 799 resumpto
1788 753 1914 783 cor-

85 823 208 873 pore
241 805 467 854 Christus
506 804 654 853 homo
685 805 899 853 feliciter
934 803 1160 852 transiit:
1198 822 1320 868 quas
1343 811 1442 852 tres
1486 821 1654 852 causas
1682 804 1822 853 affixi
1849 805 1917 853 ad

85 877 255 926 Martii
279 876 410 924 diem
435 875 519 930 25.
544 875 661 923 811111
688 874 928 943 principii
950 875 1010 924 ab
1036 873 1198 939 operis
1230 874 1380 924 huius
1412 874 1559 924 initio
1585 875 1825 941 Georgius
1859 876 1916 925 in

86 947 306 997 medium
337 945 562 994 adduxit.

214 1013 360 1078 Ἠτις
390 1014 470 1068 ἀεὶ
497 1018 560 1086 τῇ
584 1011 664 1067 κε’.
691 1019 784 1067 τοῦ
809 1014 1046 1082 Μαρτίου
1075 1009 1267 1080 pannosa]
1304 1015 1363 1063 In
1401 1032 1499 1079 quo
1527 1015 1796 1079 Georgium
1825 1015 1919 1064 de·-

90 1088 192 1156 cipi
229 1089 366 1136 ultro
406 1087 627 1151 citroque
660 1087 722 1136 ad
759 1104 950 1135 menses
986 1088 1232 1134 Romanos
1271 1086 1517 1148 alliganda
1544 1087 1697 1135 Nisan
1726 1086 1920 1143 Iudaici

87 1156 348 1209 neomenia
371 1157 624 1207 demonst1
628 1166 691 1206 at.
727 1157 801 1206 Ac
826 1158 869 1205 si
894 1157 1059 1205 Martii
1088 1157 1173 1211 25.
1199 1156 1524 1205 devincienda
1549 1173 1743 1223 semper
1766 1157 1923 1205 Nisan

87 1230 375 1292 neomenia;
430 1247 546 1277 sane
592 1227 819 1278 Christus
856 1228 1024 1278 Martii
1060 1231 1285 1282 25.11011
1328 1227 1584 1276 exurrexit
1625 1246 1654 1276 a
1691 1228 1920 1290 mortuis,

91 1299 490 1366 quandoquidem
520 1300 672 1347 Nisan
692 1299 746 1347 id
781 1306 853 1347 est
881 1301 1046 1348 Lunae
1081 1305 1334 1363 reparatae
1359 1297 1437 1345 die
1462 1302 1543 1351 17.
1575 1297 1630 1346 in
1654 1299 1811 1348 vitam
1836 1315 1923 1346 re-

91 1372 244 1420 diisse
267 1370 530 1418 indubium
559 1378 644 1418 cst.
719 1370 867 1429 Quod
896 1370 1049 1434 igitur
1074 1369 1242 1418 Martii
1271 1369 1404 1417 diem
1426 1369 1511 1422 25.
1541 1369 1693 1417 Nisan
1714 1368 1923 1418 novilu-

91 1443 231 1490 nium
248 1442 302 1489 in
318 1449 434 1490 ortu
457 1458 547 1489 suo
574 1440 760 1490 viderit
784 1444 1126 1503 coniunctum,
1148 1439 1280 1489 illud
1306 1438 1470 1488 eadem
1497 1455 1690 1506 semper
1709 1439 1924 1488 statione

91 1513 252 1561 fixum
275 1529 548 1599 perperam
570 1511 848 1560 aestimavit
872 1514 940 1577 Sy
928 1512 1150 1560 ncellus.

232 1584 343 1647 Pag·
380 1585 500 1636 326
535 1577 646 1632 Ἐπὶ
684 1579 779 1649 yolo
819 1581 874 1634 τὸ
914 1578 971 1633 α’.
1009 1581 1152 1647 εᾛτος]
1206 1580 1345 1662 Quae
1368 1588 1645 1644 sequuntur
1665 1580 1925 1645 insigniter

92 1654 362 1720 depravata
389 1660 530 1715 sunt,
565 1652 737 1701 scribit
760 1654 1020 1715 Petavius,
1056 1669 1216 1716 neque
1238 1653 1312 1701 vis
1335 1652 1789 1715 argumentationis,
1828 1667 1927 1715 qua

90 1725 410 1775 Panodorum
434 1724 696 1788 Syncellus
717 1733 973 1789 oppugnat
998 1722 1424 1773 animadvertitur.
1485 1722 1928 1771 Emendationibus

93 1797 159 1844 ad
180 1795 449 1859 marginem
476 1794 683 1842 adiectis
709 1796 834 1842 vitia
860 1802 1030 1860 patere
1053 1795 1233 1842 fateor:
1270 1791 1511 1841 Authoris
1538 1792 1930 1856 argumentatio-

93 1883 207 1915 nem
232 1866 341 1931 ipse
369 1864 601 1913 Petavius
624 1865 840 1930 plurima
867 1883 931 1913 ex
952 1873 1096 1931 parte
1124 1863 1359 1929 explicat,
1395 1879 1511 1928 pars
1537 1864 1693 1912 altera
1719 1880 1782 1911 ex
1807 1862 1928 1910 sub-

94 1937 281 1985 iunctis
309 1942 431 1983 nota
462 1935 564 1984 fiet.
635 1936 751 1984 Ideo
793 1944 982 2002 septem
1021 1935 1164 1983 annis
1201 1934 1349 2001 (quae
1383 1941 1458 1982 est
1493 1933 1931 1999 argumentationis

96 2023 289 2057 summa
317 2024 345 2054 a
371 2007 573 2055 Petavio
615 2005 859 2074 confecta)
898 2007 1064 2055 minus
1094 2012 1295 2071 putasse
1330 2005 1650 2055 Panodorum
1686 2004 1930 2067 Georgius

98 2077 318 2137 censuit,
361 2076 495 2141 quod
526 2093 639 2124 cum
671 2095 802 2126 anno
837 2077 1014 2126 mundi
1047 2077 1201 2131 5458.
1239 2075 1494 2138 Augustus
1529 2076 1772 2140 imperare
1811 2090 1931 2122 coe-

95 2149 253 2215 perit,
296 2147 586 2195 Panodorus
621 2147 774 2201 5451.
809 2148 1157 2196 tantummodo
1188 2145 1438 2211 posuerit,
1473 2145 1932 2193 Mathematicorum

99 2218 351 2268 calculum
381 2225 633 2281 sequutus.
706 2217 897 2276 Quibus
927 2217 1117 2265 erudite
1145 2224 1193 2264 et
1212 2214 1461 2263 subtiliter
1493 2232 1520 2262 a
1544 2215 1742 2265 Petavio
1769 2231 1932 2279 expo-

97 2290 207 2338 sitis
233 2305 296 2336 ex
327 2287 526 2351 Georgii
561 2287 762 2350 smiptis
796 2288 928 2336 illud
952 2305 981 2334 a
1004 2303 1084 2335 me
1116 2286 1432 2334 observatum
1461 2286 1732 2350 subiungo:
1769 2286 1934 2333 levem

97 2360 199 2408 imo
235 2357 426 2406 nullam
466 2358 803 2406 Astronomici
837 2357 1051 2406 Canonis
1088 2373 1239 2422 penes
1280 2355 1547 2419 Georgium
1582 2355 1934 2405 authoritatem

98 2432 337 2491 existere,
385 2426 473 2493 qui
506 2428 911 2477 Ecclesiasticum
947 2444 1096 2493 quam
1135 2425 1351 2476 maxime
1395 2428 1576 2491 probat
1610 2435 1660 2476 et
1697 2426 1932 2491 sequitur.

97 2498 507 2550 Astronomieum
542 2507 707 2547 autem
741 2507 792 2548 et
826 2497 1234 2548 Ecclesiasticum
1273 2498 1519 2545 Canonem
1540 2498 1572 2544 va
1599 2498 1808 2562 Georgio
1837 2496 1935 2545 du-

99 2571 281 2638 plicem
331 2569 598 2634 assignari,
647 2577 697 2618 et
739 2587 899 2619 unum
937 2568 1083 2618 alteri
1121 2568 1434 2634 suppositum
1468 2567 1642 2617 haberi
1680 2585 1744 2617 ex
1776 2567 1935 2633 ipsius

101 2641 267 2693 verbis
293 2639 523 2688 coniicio.
593 2640 786 2690 Primus
812 2659 837 2689 a
864 2639 1169 2688 Nabonasari
1194 2638 1382 2704 epocha
1406 2655 1559 2687 annos
1585 2638 1706 2693 424.
1735 2638 1799 2686 ad
1822 2638 1935 2686 Ale..

102 2711 287 2761 xandri
309 2710 499 2759 obitum
530 2711 752 2776 exponit.
823 2711 1045 2760 Habetur
1074 2727 1186 2758 cum
1212 2708 1556 2758 Ecclesiastico
1578 2725 1687 2775 pag.
1719 2712 1841 2763 208.
1872 2708 1934 2756 de

102 2791 316 2846 utroque
338 2780 524 2829 mentio
545 2780 604 2828 fit
629 2782 792 2847 pagin.
829 2785 950 2836 207.
987 2782 1039 2829 C.
1078 2784 1198 2834 226.
1234 2781 1292 2828 D.
1328 2782 1447 2833 231.
1485 2781 1536 2830 C.
1574 2787 1622 2828 et
1654 2779 1786 2831 alibi.
1830 2778 1935 2826 Al-

103 2861 182 2902 ter
202 2853 595 2901 Ptolemaeorum
625 2861 849 2918 tempora
876 2851 940 2900 ad
961 2851 1240 2914 Augustum
1274 2850 1506 2914 deducit,
1541 2857 1592 2898 et
1616 2849 1676 2898 ab
1707 2851 1929 2913 Augusto

104 2924 338 2988 deinceps
363 2922 707 2988 prosequitur:
743 2922 887 2988 isque
907 2929 1008 2985 est,
1045 2922 1106 2969 de
1142 2938 1240 3004 quo
1261 2921 1487 2971 Petavius
1516 2921 1706 2970 Variar.
1733 2920 1928 2969 dissert.

103 2995 189 3045 lib.
227 2997 274 3046 8
310 2994 648 3058 p.303.1n
684 2993 774 3043 lib.
812 2994 1088 3061 προχείρων
1118 2986 1373 3050 κανόνων,
1409 2991 1498 3057 qui
1527 2992 1722 3039 tabulas
1749 2990 1930 3039 Astro-

105 3063 324 3112 nomicas
362 3064 736 3128 complectitur,
776 3065 943 3111 Canon
978 3064 1066 3111 1118
1092 3061 1467 3110 Astronomicus
1494 3080 1522 3109 a
1545 3062 1774 3126 Philippo
1802 3060 1928 3108 Ari-

106 3135 229 3183 daeo
263 3132 472 3197 incipit,
508 3143 567 3182 ut
592 3135 647 3183 111
682 3135 818 3183 MSS.
854 3134 1106 3182 codicibus
1139 3140 1368 3198 apparet,
1406 3132 1492 3196 qui
1528 3131 1738 3181 'lheonis
1775 3130 1924 3177 Com-

106 3203 375 3252 mentarios
417 3203 486 3262 εἶς
521 3202 640 3265 τοὺς
671 3205 963 3272 προχείρους
998 3198 1214 3264 κανόνας
1259 3202 1506 3254 exhibent.
1586 3202 1721 3249 Idem
1769 3199 1927 3265 priori

114 3274 407 3322 coniunctus
435 3280 523 3334 est,
551 3275 610 3323 de
636 3293 734 3340 quo
762 3275 990 3339 superius
1018 3276 1182 3323 fuerat
1202 3281 1421 3322 testatus.
1457 3271 1570 3320 :buit
1595 3270 1726 3336 apud
1749 3271 1927 3318 Astro-

111 3360 289 3392 nomos
317 3343 371 3390 in
394 3359 490 3390 usu
516 3345 686 3393 Canon
712 3347 939 3410 quidam,
978 3345 1082 3393 sive
1105 3346 1397 3393 laterculum
1430 3359 1627 3405 regum,
1664 3340 1747 3404 qui
1772 3359 1798 3387 a
1820 3341 1925 3388 Na-

110 3415 355 3461 bonasaro
381 3413 442 3461 ad
456 3413 763 3464 Antoninum
779 3432 935 3479 usque
955 3422 1285 3480 propagatur:
1312 3414 1549 3462 nimirum
1576 3410 1637 3458 ad
1663 3410 1926 3458 Ptolemaei

111 3494 348 3550 tempora.
421 3484 488 3534 Ut
527 3486 706 3552 prioris
747 3487 849 3537 eius
885 3486 1042 3552 partis
1072 3487 1195 3535 alter
1236 3493 1311 3534 est
1344 3482 1716 3532 Ecclesiasticus
1754 3483 1923 3534 Canon
