2222 3938
645 180 745 235 ET
781 174 1373 237 ANNOTATIONES.
1795 165 1922 228 527

95 307 265 358 Lustri
296 313 347 355 et
372 304 686 371 Olympiadis
711 306 979 357 concordia
999 307 1116 358 Not.
1144 322 1254 372 pag.
1282 304 1402 360 259.
1434 303 1651 370 profert,
1687 303 1749 352 ab
1775 302 1926 352 Afri-

99 379 212 428 cani
234 385 398 428 mente
422 377 622 442 penitus
649 376 833 442 aliena,
872 378 957 442 qui
982 377 1168 426 Petavii
1196 394 1304 443 cap.
1336 375 1422 430 40.
1457 374 1657 439 legerit,
1696 375 1922 439 experie-

94 458 193 500 tur.
261 448 321 496 Id
345 447 398 495 in
425 448 528 495 eius
554 449 816 497 Animadv.
844 449 1066 514 placuit,
1105 448 1241 512 quod
1271 454 1387 512 post
1407 446 1557 494 verba
1585 440 1710 495 κατᾶ
1739 439 1926 495 Ἀντιο-

95 524 197 586 χεῖς
235 514 329 569 κδ’.
367 514 452 580 τὸ,
489 517 610 579 ἔτει,
649 519 963 567 scribendum
1001 518 1305 582 suggesserit.
1375 517 1621 565 Probatur
1657 515 1926 564 etiamnum

97 589 352 655 conceptis
372 587 538 637 verbis
573 588 757 637 ibidem
783 590 1018 640 scribens.
1101 591 1283 636 Tamen
1316 588 1437 636 velle
1477 585 1676 636 videtur
1712 586 1926 648 Africa-

96 678 197 709 nus·
220 678 272 708 eo
297 675 430 706 anno
466 658 766 706 celebratam
775 662 952 723 faisse
981 658 1328 724 Obsmpiadem
1365 660 1482 711 189.
1518 655 1660 722 quod
1685 673 1819 704 anno
1854 674 1926 702 se-

98 733 271 797 quenti
299 733 528 793 factum.
602 731 739 777 Nam
787 730 1058 778 bissextum
1098 730 1363 778 lulianum
1407 726 1656 775 antecedit
1695 729 1926 791 primum

97 819 290 849 ccnnum
321 798 642 864 Olympiadis
665 801 918 848 mensibus
942 800 1215 860 sexdecim,
1252 797 1530 864 aliquando
1556 797 1927 862 septemdecim:

98 889 223 937 quae
246 870 372 919 mihi
397 888 541 918 causa
576 871 696 934 suit,
735 880 794 920 ut
827 872 947 919 anni
976 871 1152 920 Iuliani
1187 870 1556 934 castigationem
1581 870 1634 916 in
1658 885 1795 916 aerae
1818 869 1928 916 An·-

97 941 359 991 tiochenae
385 941 469 995 25.
495 957 679 989 annum
705 942 987 1004 reiicerem,
1027 942 1069 990 si
1100 944 1215 995 189.
1241 941 1584 1005 Olympiadem
1607 939 1666 987 ab
1689 939 1928 988 Africano

100 1014 338 1078 scriptam
359 1049 372 1073 ‚
410 1012 628 1077 praecise
652 1012 746 1060 sibi
770 1013 1090 1061 coniunctam
1114 1012 1352 1077 accipiat:
1392 1010 1511 1058 alias
1535 1009 1754 1058 eiusdem
1789 1025 1929 1058 aerae

101 1084 188 1138 24.
226 1083 313 1148 qui
349 1081 618 1131 bissextilis
657 1083 969 1149 Olympiadis
1007 1086 1122 1137 189.
1167 1083 1386 1146 primum
1425 1098 1609 1129 annum
1643 1081 1929 1129 antevertit.

101 1155 354 1218 Nusquam
390 1170 544 1219 porro
578 1154 849 1202 verborum
879 1156 1091 1203 istorum
1120 1150 1191 1204 δι’
1222 1146 1286 1218 ἧς
1321 1151 1404 1204 ἐπὶ
1430 1155 1532 1202 τῶν
1557 1150 1713 1219 ὁρίων
1753 1150 1866 1215 ἔστη
1902 1147 1931 1201 ὅ

106 1221 357 1284 ἐνιαυτός,
412 1241 611 1271 sensum
654 1226 958 1289 assequitur,
1006 1223 1176 1272 eadem
1220 1222 1320 1271 hoc
1366 1231 1513 1287 pacto
1557 1222 1930 1286 interpretatus·

99 1298 229 1344 Dies
262 1295 690 1358 intercalatc‘tias‚
739 1294 878 1360 quod
909 1296 1181 1343 bissextum
1230 1292 1447 1356 dicitur,
1503 1291 1696 1340 collibet
1735 1308 1933 1339 annum

100 1369 241 1415 intra
262 1367 392 1429 fines
420 1382 541 1411 suos
556 1404 573 1427 ,
610 1384 669 1413 ne
689 1368 744 1413 in
770 1365 1110 1413 antecedentia
1129 1374 1359 1429 vagetur.
1433 1363 1640 1411 Cohibet
1676 1362 1931 1427 equidem:

100 1446 153 1499 at
193 1453 309 1483 cum
342 1434 549 1499 singulis
586 1436 639 1484 id
671 1437 1008 1501 quadrienniis
1029 1443 1249 1501 praestet
1285 1451 1376 1484 cur
1406 1434 1504 1482 hoc
1537 1433 1733 1500 potius,
1781 1449 1931 1497 quam

101 1507 198 1556 alio
239 1509 350 1555 loco
387 1506 687 1555 miraculum
730 1507 790 1555 ab
831 1507 1067 1556 Africano
1111 1506 1482 1567 decantaretur,
1538 1521 1643 1552 non
1687 1502 1932 1568 percipio·

99 1578 405 1631 Memoratur
427 1576 594 1640 itaque
620 1577 879 1643 speciatim
904 1577 1040 1643 quod
1062 1576 1165 1625 fixo
1193 1577 1256 1624 ad
1291 1576 1411 1623 anni
1445 1574 1628 1623 Iuliani
1655 1573 1788 1622 diem
1821 1590 1934 1621 cer-

102 1635 595 1713 tum⁹Aegyptiorum
622 1647 778 1711 anno‘,
814 1666 919 1697 non
950 1655 1178 1714 receptus
1201 1647 1349 1694 modo
1381 1645 1652 1694 bissextilis
1681 1645 1810 1706 dies,
1846 1642 1936 1692 sed

103 1727 154 1769 et
177 1718 547 1767 intercalationi
571 1719 802 1785 deinceps
834 1719 1086 1768 faciendae
1113 1717 1514 1781 castigatissimus
1541 1715 1719 1765 modus
1740 1715 1800 1764 ab
1822 1714 1935 1763 Au·-

75 1836 78 1840 .
102 1797 246 1856 gusto
273 1796 349 1837 est
367 1787 633 1838 adhibitus.

242 1854 540 1927 Ἀφρικανός
557 1855 710 1920 ἐάσας
735 1858 928 1924 εἰπεῖν]
964 1859 1157 1909 Horum
1178 1859 1304 1922 vice,
1334 1856 1558 1905 Africani
1580 1855 1781 1904 nomine
1804 1854 1938 1904 scri-

102 1929 180 1980 bit
216 1930 432 1993 Scaliger
474 1938 643 1978 textus
681 1948 796 1996 pag.
827 1935 912 1984 60.
982 1926 1139 1982 ταῦτα
1177 1949 1263 1996 μοι
1306 1922 1800 1994 προπαρεσκεύασται
1844 1921 1937 1990 οὐχ

105 1999 302 2062 ἁπλῶς,
338 1996 463 2050 ἄλλα
497 2002 654 2062 δεῖξαι
690 2000 978 2072 βουλομένῳ
1021 2005 1132 2062 πῶς
1178 1995 1467 2069 ἐγγιζούσης
1500 2001 1593 2049 τοῦ
1629 2000 1939 2064 μονογενοῦς

103 2072 226 2122 υἱοῦ
243 2069 329 2120 καὶ
354 2066 506 2137 λόγου
526 2075 620 2122 τοῦ
649 2074 783 2123 Θεοῦ
803 2071 890 2123 καὶ
917 2076 1139 2138 σωτῆρος
1167 2071 1317 2137 ’ἡμῶν
1344 2065 1511 2133 Ἰησοῦ
1546 2071 1764 2134 Χριστοῦ
1788 2067 1939 2126 θείας

106 2137 400 2207 σαρκώσεως
425 2140 642 2200 ἐξέλιπεν
679 2139 845 2208 ἅρχων
876 2142 925 2203 ἐξ
947 2137 1110 2192 Ἰούδα
1136 2141 1221 2192 καὶ
1246 2135 1528 2208 ἡγούμενος
1550 2137 1604 2189 ἐκ
1634 2141 1735 2186 τῶν
1760 2139 1938 2202 μηρῶν

107 2206 266 2262 αὐτοῦ
279 2250 294 2274 ,
329 2207 453 2260 κατα
474 2210 571 2275 τήν
595 2208 877 2280 πρόῤῥησιν
899 2216 992 2262 τοῦ
1019 2207 1337 2278 Πατριοὲρχου
1358 2203 1543 2272 Ἰακώβ.
1602 2207 1788 2267 Quanti
1811 2205 1937 2253 haec

107 2289 276 2343 erant,
326 2288 383 2328 ut
417 2281 651 2329 Africano
687 2282 1081 2345 ascriberentur,
1133 2297 1257 2346 quae
1295 2277 1523 2345 superius
1559 2294 1669 2345 pag.
1704 2279 1825 2331 300.
1871 2276 1933 2326 D.

110 2354 314 2419 proprio
340 2351 540 2400 nomine
563 2351 763 2417 scripsit
787 2352 1044 2415 Georgius.

252 2421 382 2488 Περὶ
418 2416 729 2489 Ἀντιγόνου,
766 2421 854 2473 καὶ
884 2422 1054 2483 τέλους
1082 2418 1173 2487 τῆς
1201 2415 1454 2472 Ἰουδαίων
1476 2414 1760 2484 βασιλείας.]
1797 2413 1935 2463 Haec

12 2520 26 2540 α
109 2509 229 2543 vere
248 2491 487 2540 Eusebius
515 2493 651 2557 apud
674 2493 976 2556 Scaligerum
999 2509 1108 2557 pag.
1138 2496 1223 2545 60.
1272 2491 1407 2538 Haec
1426 2489 1594 2536 eadem
1619 2487 1794 2535 Latina
1822 2502 1935 2534 ver-

108 2564 184 2612 sio
211 2563 271 2610 ad
292 2563 636 2628 Olympiadem
665 2567 782 2617 186.
816 2563 1101 2612 Eustathius
1123 2560 1299 2625 Regiae
1320 2558 1657 2609 Bibliothecae
1681 2563 1934 2622 postrema

107 2634 229 2682 licet
249 2632 484 2682 historiae
505 2641 647 2700 parte
683 2631 851 2699 (quam
879 2634 1041 2682 medio
1071 2631 1364 2682 narrationis
1398 2646 1548 2678 cursu
1573 2626 1828 2677 Librarius
1851 2643 1935 2677 re·-

108 2704 257 2769 liquit
297 2702 581 2773 abruptam)
618 2705 840 2752 nondum
879 2704 1185 2766 instructus,
1233 2701 1381 2766 longe
1413 2707 1581 2748 tamen
1616 2697 1840 2763 auctior,
1884 2704 1936 2746 et

112 2791 170 2822 ea
201 2774 436 2822 historiae
472 2791 640 2824 sacrae
674 2775 825 2837 serie,
865 2791 992 2839 quae
1024 2792 1052 2822 a
1090 2773 1345 2823 Iudicibus
1380 2769 1610 2820 Hebraeis
1634 2769 1698 2818 ad
1719 2768 1936 2817 Alexan-

113 2845 261 2894 drum
285 2845 351 2892 Μ.
377 2852 427 2893 et
445 2847 549 2894 eius
579 2853 785 2894 aetatem
810 2845 1058 2908 excurrit,
1096 2844 1250 2910 dupla
1274 2842 1542 2904 nimirum,
1579 2847 1627 2888 et
1651 2839 1776 2905 pari,
1809 2853 1936 2902 quae

114 2923 228 2963 ante
261 2931 416 2963 annos
456 2921 541 2970 20.
579 2915 808 2981 Lugduni
845 2916 1036 2981 prodiit
1068 2915 1196 2963 mole
1229 2912 1533 2978 locupletior
1545 2929 1559 2974 3
1609 2909 1780 2959 relatis
1812 2903 1938 2958 κατοὲ

113 2985 245 3046 λέξιν
272 3002 396 3049 quae
419 2988 680 3052 Syncellus
706 2994 876 3035 noster
909 3004 972 3035 ex
993 2985 1203 3034 Eusebio
1232 2982 1514 3047 subiungit,
1552 2988 1603 3030 et
1626 2996 1749 3046 quae
1768 2979 1938 3026 eadem

113 3055 313 3105 Eusebii
337 3057 508 3105 Latina
529 3058 822 3123 Hieronymi
846 3056 1189 3122 interpretatio
1215 3054 1416 3104 credere
1430 3051 1679 3119 postulat,
1715 3047 1939 3112 sequenti

115 3126 179 3176 de
232 3127 551 3192 Septuaginta
578 3128 983 3188 ¹hebdomadibus
1022 3125 1355 3192 expositioni,
1411 3122 1500 3172 has
1517 3160 1532 3186 ,
1579 3137 1687 3170 non
1736 3117 1939 3166 alterius

114 3197 288 3262 utique
301 3233 316 3259 ‚
355 3214 501 3262 quam
530 3199 729 3248 Eusebii
748 3198 983 3263 reliquias
1004 3197 1106 3246 huc
1131 3194 1432 3260 colligendas
1455 3201 1504 3242 et
1524 3208 1664 3240 sacro
1688 3204 1826 3238 more
1850 3187 1937 3234 in·-

116 3267 347 3317 serendas
378 3269 647 3334 subiungit.
706 3271 880 3330 διελεῖς
906 3266 960 3320 δὲ
982 3265 1071 3329 τοὶς
1094 3263 1152 3320 ο’.
1177 3262 1458 3333 ἑβδομάδας
1484 3259 1669 3320 οὕτως·
1698 3255 1786 3318 ¹7⁰?ss
1813 3252 1935 3308 ἕπῖἆ

117 3335 240 3403 μετοὶ
266 3334 359 3404 τήν
398 3335 648 3391 ἐπάνοδον
678 3344 770 3404 τῆς
795 3340 1128 3405 αἰχμαλωσίας
1153 3337 1245 3398 ἕως
1273 3340 1363 3402 τῆς
1391 3334 1660 3396 οἰκοδομῆς
1685 3332 1776 3379 τοῦ
1802 3329 1935 3378 ναοῦ

115 3412 210 3459 τοῦ
245 3411 378 3460 Θεοῦ
389 3428 401 3457 =
434 3407 522 3470 τοὶς
562 3408 616 3461 δὲ
645 3406 885 3476 ἑξήκοντα
921 3405 1015 3460 δύο
1041 3406 1136 3460 σῦν
1161 3399 1530 3474 οἷπομενούσαις
1558 3404 1667 3459 ταῖς
1705 3393 1827 3449 sarci
1850 3397 1933 3479 ἐἰς

115 3475 206 3532 τόν
225 3474 405 3549 χρόνον
425 3479 660 3548 κατέσχον
692 3481 746 3533 οἱ
766 3479 973 3549 Χριστοὶ
997 3475 1297 3548 ᾖγούμενοι,
1333 3471 1426 3541 τήν
1450 3469 1505 3525 δὲ
1526 3471 1646 3538 μίαν
1676 3467 1932 3536 ἑβδομαδα
