2222 3938
368 163 495 224 336
959 169 1537 229 EMENDATIONES

369 304 543 351 calant
557 341 572 368 ,
608 322 696 352 nec
730 311 900 351 exacto
940 298 1278 367 quadriennio
1308 299 1440 350 diem
1470 305 1724 368 integrum
1747 320 1890 366 anno
1905 308 2183 371 patiuntur

369 377 611 426 interseri.
683 374 828 422 Unde
859 372 1172 424 Censorinus,
1243 370 1605 438 Aegyptiorum
1635 391 1804 422 annus
1835 377 2006 425 civilis
2032 376 2184 424 habet

367 444 474 492 dies
494 448 611 500 365.
636 447 744 491 sine
770 443 875 490 ullo
911 443 1219 492 intercalari.
1293 444 1470 508 Itaque
1497 443 1890 509 quadriennium
1919 445 2066 511 apud
2086 464 2182 509 eos,

366 534 467 563 uno
490 517 689 562 circiter
714 512 795 561 die
819 515 991 560 minus
1016 522 1103 575 est,
1147 530 1300 578 quam
1324 516 1558 562 naturale
1587 514 2000 580 quadriennium,
2034 534 2184 581 eoque

350 588 423 651 fit
452 594 509 633 ut
547 602 678 631 anno
709 585 862 637 1461.
901 582 975 630 ad
1006 581 1138 630 idem
1171 584 1464 632 revolvatur
1491 588 1821 650 principium.
1891 586 1998 634 Hac
2029 586 2184 651 igitur

365 654 625 705 desultorii
656 661 704 702 et
727 654 1129 717 retrogredientis
1158 654 1276 701 anni
1303 654 1461 702 forma
1492 672 1645 719 usque
1672 656 1734 703 ad
1761 656 1951 704 cladem
1978 655 2183 704 Antonii

364 735 414 775 et
438 726 727 790 Cleopatrae
760 724 866 786 usi,
906 742 1018 772 cum
1051 725 1167 787 iugo
1196 726 1417 773 Romano
1455 726 1655 773 modum
1691 727 1878 791 pariter
1914 726 2030 774 anni
2067 728 2185 774 Ro·-

362 795 522 856 mani,
562 794 744 843 Iuliani
768 795 1026 853 videlicet,
1062 794 1246 842 imitati
1274 803 1417 857 sunt,
1456 802 1505 842 et
1527 796 1677 844 ferme
1699 798 1926 844 fecerunt
1961 813 2185 844 commu-

362 884 504 914 nem:
543 883 752 930 cumque
776 873 898 913 tunc
930 866 1061 913 circa
1088 870 1174 919 29.
1199 865 1410 928 Augusti
1435 865 1582 930 primi
1613 866 1817 927 mensis,
1852 866 2019 914 Thoth
2042 865 2183 927 dicti,

362 936 647 998 neomenia,
686 944 735 984 et
767 936 884 983 anni
913 936 1104 1001 primus
1145 934 1246 982 dies
1275 935 1570 999 inciderint,
1611 937 1830 984 indidem
1861 937 2105 985 mensium
2136 943 2186 983 et

364 1007 484 1054 anni
506 1006 696 1054 dierum
721 1023 927 1071 numero
950 1014 1228 1071 posuerunt
1249 1006 1535 1069 exordium,
1573 1024 1598 1053 a
1623 1023 1719 1070 quo
1755 1006 1880 1055 serie
1903 1024 2005 1055 non
2026 1006 2186 1054 inter-

362 1085 511 1142 rupta
546 1077 710 1126 Martii
736 1078 897 1131 nostri
930 1081 1014 1130 25.
1049 1076 1404 1141 Aegyptiorum
1436 1076 1633 1141 septimi
1655 1076 1835 1124 mensis
1862 1081 1944 1130 29.
1970 1093 2186 1124 concur.-

361 1165 472 1197 rere
499 1147 841 1196 demonstrant
860 1147 1057 1194 tabulae
1077 1146 1374 1194 Iudaeorum
1398 1146 1756 1211 Aegyptiorum
1781 1153 1829 1193 et
1852 1147 2188 1194 Romanorum

361 1217 605 1266 mensium
635 1235 662 1264 a
691 1217 835 1265 nobis
869 1217 1108 1280 digestae,
1161 1224 1209 1263 et
1238 1233 1326 1264 suo
1347 1217 1462 1264 loco
1493 1217 1641 1279 paulo
1676 1217 1807 1264 infra
1843 1217 2186 1266 consulendae.

363 1288 435 1336 De
463 1287 709 1335 mensibus
735 1287 890 1351 igitur
916 1285 1275 1351 Aegyptiorum
1299 1287 1443 1352 quasi
1466 1286 1560 1335 fixi
1590 1303 1783 1351 semper
1813 1286 2001 1335 fuerint
2023 1294 2073 1335 et
2094 1286 2187 1334 im-

362 1358 569 1407 mobiles
595 1355 719 1408 κατοῖ
747 1353 1001 1424 πρόληψιν
1025 1357 1247 1422 loquitur
1271 1357 1467 1405 Author
1499 1357 1757 1421 Georgius.

503 1430 614 1492 Pag.
664 1434 714 1482 2.
768 1431 923 1478 Τοῦτο
968 1431 1125 1478 πᾶσιν
1168 1422 1567 1494 ὁμολογούμενόν
1610 1427 1712 1478 ἐστι
1747 1429 1853 1486 τοῖς
1893 1423 2056 1494 ἁγίοις
2088 1445 2188 1478 ποι-

361 1492 542 1564 moia]
595 1497 729 1546 Adeo
767 1507 826 1546 ut
857 1515 1064 1546 numero
1099 1505 1149 1546 et
1181 1497 1481 1546 authoritate
1517 1498 1723 1547 Patrum
1753 1503 1866 1547 ruat
1899 1512 1954 1544 ea
1986 1503 2188 1546 senten-

360 1569 430 1616 tia
453 1605 465 1628 ,
503 1586 629 1633 quae
654 1568 894 1616 mundum
923 1576 1161 1616 autumno
1194 1568 1453 1617 conditum
1481 1569 1682 1616 asserit:
1738 1568 2022 1629 adversam,
2059 1583 2187 1632 quae

360 1638 602 1688 Authoris
627 1646 726 1700 est,
762 1647 969 1687 tuentur
998 1656 1061 1687 ex
1097 1639 1298 1686 Graecis
1334 1638 1632 1687 Athanasius
1667 1638 1729 1686 ad
1753 1642 1836 1691 17.
1865 1645 2051 1701 quaest.
2085 1638 2188 1685 An-

360 1707 530 1759 tiochi.
605 1710 822 1772 Cyrillus
865 1709 1345 1773 Hierosolymitanus
1397 1708 1596 1757 Catech.
1635 1709 1717 1763 14.
1764 1707 2030 1770 Gregorius
2078 1707 2190 1755 Na-

360 1778 522 1826 zianzi
542 1779 822 1844 Episcopus
845 1780 982 1827 Orat.
1004 1779 1059 1826 in
1086 1797 1268 1827 novam
1293 1780 1616 1827 Dominicam.
1667 1781 1997 1826 Damascenus
2019 1777 2107 1827 lib.
2137 1783 2187 1832 2.

362 1848 425 1896 de
446 1849 543 1896 fide
569 1866 678 1913 cap.
704 1855 754 1902 7.
790 1851 867 1897 Ex
891 1849 1079 1896 Latinis
1103 1850 1391 1897 Ambrosius
1425 1850 1478 1897 in
1505 1850 1860 1897 Hexaemeron.
1930 1848 2035 1897 Leo
2057 1849 2189 1913 Papa

361 1936 504 1968 serm.
527 1923 575 1972 9.
603 1919 663 1966 de
686 1919 916 1984 passione
939 1919 1151 1967 Domini.
1187 1920 1439 1977 Isidorus,
1478 1920 1708 1981 Strabus,
1745 1919 2003 1979 Rabanus,
2040 1919 2187 1981 Beda,

363 1997 412 2037 et
448 1989 549 2036 alii.
621 1989 883 2055 Approbat
921 1989 1141 2037 Ecclesia
1190 1989 1246 2037 in
1287 1989 1511 2037 Concilio
1553 1989 1828 2037 Palaestino
1863 1989 1956 2037 sub
1989 1987 2189 2037 Victore

362 2059 635 2121 Pontifice,
674 2077 773 2124 quo
805 2060 1031 2123 legimus.
1114 2059 1416 2123 Theophilus
1446 2062 1732 2124 Episcopus
1768 2058 1913 2108 dixit.
1969 2060 2098 2106 Ecce
2128 2057 2190 2106 de

231 2125 283 2170 P.
310 2126 340 2171 2
365 2129 446 2178 die
470 2130 734 2178 Dominico
755 2168 769 2194 ‚
810 2133 936 2194 quia
965 2132 1173 2194 primus
1201 2133 1295 2191 sit,
1335 2131 1622 2194 probastis:
1670 2128 1730 2176 de
1755 2134 1969 2194 tempore
2002 2138 2189 2187 autem,

364 2199 496 2266 quid
531 2199 738 2247 dicitis?
795 2202 1034 2264 Quatuor
1059 2202 1189 2247 enim
1227 2199 1411 2248 mundi
1446 2210 1669 2265 tempora
1691 2202 2043 2264 accipiuntur,
2091 2217 2191 2260 ver,

363 2281 559 2333 aestas,
610 2280 892 2318 autumnus
917 2280 963 2318 et
999 2271 1185 2333 hyems.
1252 2269 1405 2334 Quod
1429 2289 1545 2335 ergo
1571 2280 1766 2335 tempus
1780 2273 1951 2334 primo
1974 2271 2187 2332 factum

363 2345 416 2390 in
445 2340 672 2389 mundo?
723 2343 969 2406 Episcopi
1005 2339 1397 2405 responderunt.-
1431 2358 1651 2390 vernum.
1733 2341 2039 2405 Theophilus
2063 2342 2190 2404 Epi-

363 2430 544 2477 scopus
568 2411 711 2462 dixit.
757 2413 976 2460 Probata
998 2411 1141 2476 quod
1160 2411 1362 2458 dicitis:
1401 2412 1486 2458 illi
1505 2409 1878 2475 responderunt.
1932 2412 2191 2474 Scriptum

364 2492 462 2532 est:
509 2484 765 2531 Germinet
794 2492 929 2530 terra
944 2484 1088 2544 foeni
1120 2482 1327 2528 herbam
1351 2481 1623 2529 secundum
1643 2483 1806 2545 genus
1830 2498 2004 2543 suum,
2043 2490 2091 2527 et
2117 2481 2190 2526 li-

362 2571 525 2617 gnum
548 2555 884 2617 fructiferum
909 2555 1088 2615 ferens
1115 2554 1346 2613 fructum
1380 2570 1545 2603 suum.
1615 2554 1733 2600 Hoc
1766 2561 1932 2599 autem
1959 2553 2191 2614 tempori-

366 2624 462 2670 bus
507 2626 638 2672 veris
689 2625 957 2688 accipitur.
1033 2623 1344 2687 Theophilus
1393 2622 1537 2672 dixit.
1611 2623 1674 2671 In
1727 2639 1825 2686 quo
1876 2621 1985 2668 loco
2033 2629 2190 2684 caput

367 2692 550 2740 mundi
584 2712 685 2741 esse
711 2693 952 2741 creditis?
990 2694 1051 2742 In,
1082 2696 1336 2759 principio
1368 2694 1625 2758 temporis,
1671 2700 1766 2739 aut
1789 2693 1842 2738 in
1880 2689 2042 2738 medio
2069 2699 2190 2737 tem-

358 2780 507 2828 pore,
571 2774 667 2811 aut
715 2766 770 2811 in
807 2764 957 2828 fine?
1004 2766 1249 2828 Episcopi
1292 2762 1666 2828 responderunt.
1744 2762 1806 2809 In
1852 2762 2187 2825 aequinoctio,

367 2842 544 2880 octavo
579 2833 926 2882 Kalendarum
945 2834 1241 2898 Aprilium:
1287 2843 1432 2898 atque
1464 2833 1534 2881 ita
1561 2830 1725 2880 Martii
1761 2831 1844 2885 25.
1919 2830 2189 2896 Oppositae

364 2903 637 2951 sententiae
667 2913 917 2952 momenta
943 2922 1006 2952 ex
1036 2904 1271 2968 Scaligeri
1301 2905 1362 2952 de
1387 2903 1588 2952 Emend.
1622 2903 1791 2966 Temp.
1815 2901 1902 2950 lib.
1926 2903 1974 2955 5.
2013 2908 2063 2950 et
2091 2901 2187 2949 Pe-

362 2974 489 3024 tavii
514 2973 574 3020 de
600 2990 771 3021 eorum
798 2977 939 3022 Doct.
963 2975 1049 3024 lib.
1077 2978 1129 3028 9.
1158 2991 1263 3038 cap.
1290 2979 1338 3027 6.
1364 2973 1656 3038 perpendes.

503 3038 587 3093 Ἐν
623 3041 777 3112 ταύτῃ
818 3043 871 3095 δὲ
916 3041 1137 3111 Γαβριὴλ
1173 3041 1257 3094 τὸν
1295 3040 1553 3107 ἀσπασμὸν
1587 3038 2015 3109 προεφθὲγξατο.]
2052 3039 2187 3088 Haec

363 3113 665 3162 Theodoreti
687 3131 824 3161 mens
843 3115 896 3162 in
920 3116 1148 3162 Exodum
1169 3122 1356 3179 quaest.
1383 3121 1644 3178 postrema.
1705 3112 1936 3159 Delibant
1954 3111 2077 3158 haec
2095 3110 2188 3157 Ba-

366 3183 544 3232 ronius
570 3184 625 3231 in
657 3182 922 3231 Annalium
952 3192 1191 3250 apparatu
1219 3201 1354 3232 num.
1383 3189 1498 3237 222.
1532 3191 1580 3230 et
1604 3182 1854 3231 Cedrenus
1880 3181 1936 3228 in
1972 3179 2188 3246 Synopsi

368 3254 630 3302 historica:
661 3254 834 3317 quibus
854 3253 975 3301 haec
994 3255 1132 3302 Pauli
1148 3254 1334 3303 Petavii
1357 3254 1599 3318 quadrant
1622 3252 2028 3302 commodissime.
2073 3252 2187 3298 Non

370 3342 540 3372 omnes
566 3323 736 3372 eodem
761 3323 908 3371 modo
929 3324 988 3370 ab
1014 3324 1154 3372 annis
1178 3324 1361 3372 Christi
1381 3331 1660 3376 numerant.
1736 3322 1866 3371 Galli
1892 3321 2020 3370 enim
2044 3338 2071 3367 a
2095 3322 2188 3368 Re.

372 3395 708 3457 surrectione,
747 3411 836 3442 ceu
857 3394 1086 3442 Passione
1113 3395 1333 3457 Domini,
1371 3394 1488 3442 anni
1508 3394 1811 3460 principium
1837 3394 2091 3451 fecerunt,
2128 3397 2188 3437 ut

372 3480 401 3512 e
429 3465 664 3530 Gregorio
705 3465 982 3514 Turonensi
1017 3465 1211 3529 liquet,
1245 3466 1592 3530 veteribusque
1615 3464 1863 3514 Ecclesiae
1905 3461 2187 3510 Gallicanae
