2112 3854
665 743 1403 811 AncANDIDUM

117 896 270 957 ET
353 897 1097 963 ERUDITUM
1191 896 1936 963 LECTOREM

484 1065 1556 1145 PRAEFATIO.

121 1332 502 1424 Creaturarum
545 1374 743 1425 infirma
786 1392 894 1432 sors
936 1375 1114 1438 unica,
1155 1392 1248 1426 nee
1284 1393 1410 1433 ⁴eum
1454 1384 1658 1434 auctore
1705 1394 1795 1425 suo
1838 1391 1934 1424 ne-

113 1463 213 1495 xus
257 1447 503 1494 duntaxat
541 1446 746 1494 intimus
790 1446 1014 1495 homines
1051 1447 1254 1511 impulit
1287 1465 1516 1496 sensuum
1547 1448 1721 1498 usibus
1764 1464 1936 1496 assue-

114 1525 222 1578 tos,
258 1524 316 1565 ut
352 1517 474 1565 caeli
513 1523 856 1581 terrarumque
900 1517 1068 1565 orbem
1109 1518 1346 1565 immensa
1385 1519 1476 1565 Dei
1516 1518 1633 1583 Opt.
1671 1518 1801 1567 Max.
1835 1535 1934 1582 po-

103 1595 316 1649 testate,
347 1604 451 1635 non
471 1603 613 1635 secus
640 1604 697 1634 ac
722 1587 952 1650 globulus
979 1586 1127 1652 periti
1150 1587 1356 1635 artificis
1383 1589 1557 1636 dextra
1573 1625 1587 1650 ,
1624 1587 1794 1635 fulciri
1821 1587 1932 1634 exi-

114 1657 398 1720 stimarent,
433 1664 482 1704 et
507 1657 843 1722 exprimerent
868 1657 1132 1708 coloribus.
1200 1659 1366 1706 Unum
1395 1657 1476 1719 id,
1513 1658 1611 1706 nisi
1636 1675 1713 1706 me
1743 1657 1932 1721 cogita-

113 1728 186 1776 tio
236 1728 458 1794 decepit,
507 1728 814 1782 demonstrat
858 1727 1023 1791 ficti03
1073 1728 1207 1777 orbis
1246 1727 1479 1777 videlicet
1508 1728 1838 1795 principium,
1885 1735 1935 1775 et

112 1798 375 1864 temporis,
412 1815 476 1853 ex
498 1815 598 1863 quo
621 1805 843 1863 superest
870 1805 919 1845 et
939 1805 1211 1863 permanet,
1248 1798 1455 1846 limitem
1477 1798 1712 1865 primum,
1737 1806 1934 1864 postre-

112 1886 373 1933 mumque,
413 1885 508 1932 quo
542 1869 821 1932 tollendus,
868 1869 1160 1932 terminum,
1209 1869 1533 1918 secretissima
1566 1868 1761 1935 opificis
1796 1868 1932 1918 illius

113 1940 331 2006 supremi
350 1939 529 1987 notitia
549 1939 822 2007 repositum
837 1975 851 2003 ,
889 1939 976 2003 qui
999 1939 1219 2003 figendos
1245 1956 1412 1988 rerum
1434 1940 1528 1988 sibi
1547 1946 1767 1988 reservat
1790 1938 1927 2000 fineS,

114 2019 165 2060 et
206 2017 545 2075 tempestatum
579 2017 827 2058 momenta
855 2010 1246 2073 circumscribit,
1283 2010 1461 2073 quibus
1489 2018 1537 2058 et
1569 2009 1811 2058 mundum
1839 2026 1930 2075 po-.

113 2081 244 2145 suit,
279 2088 328 2130 et
353 2080 592 2134 mundum
620 2081 871 2128 deleturus
895 2087 982 2131 est.
1055 2080 1252 2129 Fluenti
1277 2089 1325 2128 et
1350 2089 1589 2146 perpetuo
1614 2097 1819 2130 recursu
1842 2097 1927 2128 vo-

112 2151 299 2199 lutatae
330 2167 501 2199 rerum
527 2150 861 2199 vicissitudini
890 2150 1002 2215 quis
1037 2168 1181 2215 agger
1217 2152 1539 2216 quandoque,
1587 2159 1671 2199 aut
1705 2167 1804 2216 quo
1846 2149 1926 2196 die

113 2223 243 2270 foret
280 2221 604 2282 obiiciendus,
639 2221 868 2286 Apostoli
894 2219 969 2288 1),
1005 2223 1183 2288 quibus
1222 2239 1402 2270 arcana
1437 2222 1556 2270 caeli
1586 2222 1825 2280 revelata,
1861 2236 1926 2267 ne

116 2292 296 2340 curiosi
325 2291 660 2355 inquirerent,
699 2291 947 2356 quondam
981 2292 1150 2341 vetitix
1199 2292 1464 2357 eodemque
1499 2291 1706 2339 consilio
1731 2307 1793 2338 ex
1824 2306 1927 2354 pu-
1968 2287 1971 2291 ’

112 2363 255 2411 blicis
278 2362 699 2425 familiaribusque
724 2362 1005 2426 colloquiis,
1034 2371 1094 2410 ut
1114 2380 1206 2411 nec
1227 2363 1412 2427 scripta
1435 2362 1607 2427 quavis
1632 2360 1835 2426 epistola
1857 2358 1923 2426 ²),

115 2433 254 2498 quasi
294 2431 492 2479 Domini
525 2432 629 2479 dies
666 2430 1138 2495 ultimus'instaret,
1183 2440 1231 2480 et
1264 2432 1538 2480 communis
1576 2432 1925 2480 universorum

113 2504 304 2552 adesset
321 2503 579 2563 interitus,
616 2503 900 2550 nullatenus
924 2504 1207 2566 evulgatum
1224 2539 1238 2564 ,
1277 2520 1303 2549 a
1329 2501 1523 2550 Christo
1551 2502 1758 2551 edoctus
1783 2518 1926 2549 com-

112 2582 282 2622 monet
309 2573 592 2638 Apostolus,
662 2574 875 2620 Fatuum
907 2572 1059 2637 igitur
1086 2573 1331 2621 temerarii
1356 2572 1715 2621 revelationum
1743 2588 1926 2637 suppo-

113 2645 284 2707 storis,
322 2644 463 2691 deliri
493 2643 692 2708 penitus
726 2650 776 2692 et
803 2644 857 2690 in
883 2643 1151 2708 Scripturis
1178 2643 1424 2694 levissime
1445 2643 1627 2693 versati
1650 2643 1926 2691 somniato-

112 2716 182 2764 ris
203 2722 556 2762 commentum:
600 2730 757 2762 vanae
779 2713 1150 2778 Astrologorum
1173 2713 1304 2762 inter
1326 2713 1497 2762 densas
1516 2713 1678 2764 noctis
1701 2712 1924 2761 tenebras

111 2794 165 2833 et
194 2785 506 2850 perturbatos
535 2784 751 2831 siderum
790 2784 987 2833 ordines
1024 2791 1207 2832 secreta
1243 2785 1331 2831 Dei
1354 2800 1403 2831 se
1422 2792 1704 2850 penetrasse
1727 2783 1924 2830 iactan-

112 2856 238 2904 tium
269 2855 486 2903 sabulaez
521 2855 667 2902 inane
703 2862 751 2902 et
775 2855 928 2902 fallax
956 2854 1231 2903 devotionis
1260 2862 1308 2902 et
1332 2854 1625 2920 Prophetiae
1654 2861 1921 2919 spectrum,

116 2943 215 2991 quo
240 2926 327 2973 Dei
349 2925 479 2972 filius
494 2962 507 2987 ,
546 2925 737 2973 deserto
775 2926 900 2973 caeli
923 2925 1107 2974 throno
1123 2962 1136 2985 ,
1174 2933 1222 2972 et
1247 2925 1520 2990 repudiatis
1548 2925 1706 2973 Patris
1735 2922 1923 2971 aeterni

115 2997 348 3061 sceptris,
385 2996 559 3043 iterato
580 2995 633 3043 in
652 3003 834 3043 terram
857 2996 1091 3058 adventu,
1131 2995 1263 3059 quod
1286 2997 1375 3044 sub
1395 2996 1574 3043 iudicis
1598 2996 1779 3043 terreni
1805 3010 1922 3041 con-

116 3075 292 3131 spectu
318 3066 380 3113 ad
415 3083 466 3114 se
501 3083 602 3113 non
630 3075 852 3130 spectare
881 3066 1188 3130 praedicavit
1208 3104 1220 3127 ,
1256 3067 1559 3132 repetiturus
1591 3073 1664 3113 est
1686 3080 1919 3128 regnum3

113 3137 256 3200 quasi
285 3153 524 3184 annorum
550 3137 686 3184 mille
722 3137 997 3200 amplitudo
1022 3138 1286 3202 imperium
1319 3154 1534 3202 perenne
1563 3144 1611 3184 et
1636 3135 1923 3183 aeternitate

115 3215 219 3254 tota
241 3207 593 3271 proferendum
618 3216 923 3270 exaequaret.
995 3208 1176 3266 Quoad
1200 3207 1332 3255 orbis
1358 3208 1520 3273 primo
1553 3206 1707 3254 creati
1730 3203 1924 3270 princi-

115 3277 257 3342 pium
273 3275 333 3342 ³),
360 3277 482 3324 fides
505 3277 631 3324 illud
645 3277 839 3324 statuit:
867 3286 1030 3326 ortum
1060 3279 1243 3343 quippe
1266 3278 1434 3326 mundi
1451 3278 1701 3340 Scriptura
1729 3272 1924 3338 praedi—

120 3356 221 3395 cat:
243 3364 341 3411 qua
354 3364 470 3396 vero
494 3347 611 3394 anni
625 3355 928 3412 tempestate,
948 3366 1044 3413 quo
1061 3349 1342 3396 caelestium
1359 3349 1676 3413 sphaerarum
1697 3346 1810 3406 situ,
1827 3359 1925 3408 quo

113 3442 116 3445 “
184 3472 232 3526 1)
259 3472 354 3514 Act.
380 3473 418 3515 1.
477 3472 558 3527 ,2)
583 3473 621 3516 1.
646 3473 845 3517 Thessal.
872 3490 965 3532 cap.
989 3476 1031 3519 5.
1054 3476 1158 3518 eta.
1182 3473 1379 3516 Thessal.
1403 3487 1491 3529 cap.
1513 3474 1556 3516 2.
1643 3471 1694 3526 3)
1716 3469 1930 3514 Genes.1.
