2222 3938
308 195 433 257 356
714 194 716 199 ’
939 203 1514 260 EMENDATIONES

451 335 505 387 Ὅ
532 331 582 386 δ’
605 334 803 402 ’ὑστερεῖ
820 327 1024 402 τούτῳ]
1072 333 1214 382 Anno
1243 335 1411 383 aetatis
1435 339 1519 389 31.
1548 334 1711 394 crucis
1748 343 1954 383 mortem
1986 333 2133 383 Chri-

314 414 447 456 stum
490 407 694 455 subiisse
720 405 985 453 Africanus
1021 405 1195 452 asserit
1222 405 1430 468 Georgio
1466 414 1589 455 teste
1624 423 1733 471 pag.
1760 407 1878 459 325.
1916 407 1965 456 C.
2009 407 2135 454 Istos

312 477 500 526 idcirco
536 493 690 524 annos
723 478 806 528 31.
836 475 943 522 aliis
983 474 1284 523 Mathusalae
1325 480 1442 529 969.
1482 478 1666 537 additi,
1720 475 1963 524 chiliades
2000 476 2134 522 inte-

310 565 426 613 grae
457 547 896 611 complementum,
933 552 983 593 et
1013 546 1280 610 mysticum
1303 563 1564 595 numerum
1601 547 1871 595 aibitratur
1899 563 2135 594 reseiare.

310 657 314 668 .
455 621 536 687 Τῷ
570 612 737 685 αφλέ.
780 615 873 665 ἔτει
910 617 1044 666 Καῒν
1079 611 1372 682 ἀπέθανεν]
1413 618 1636 665 Eundem
1672 634 1829 666 annos
1869 623 1981 664 ante
2016 616 2136 670 605.

310 669 511 735 obiisse
530 666 832 750 Apocrypha
874 685 1075 733 Genesis
1113 694 1287 734 testata
1329 695 1400 734 est
1433 705 1541 752 pag.
1580 692 1660 741 11.
1732 689 1937 766 Repono
1967 687 2138 750 itaque

310 758 497 804 Cainan
532 756 643 804 vice
672 756 814 804 Cain:
851 756 935 803 ille
967 757 1148 804 etenim
1184 774 1313 804 anno
1353 761 1473 812 625.
1506 766 1679 821 natus,
1718 757 1860 806 annis
1901 761 2019 811 910.
2052 756 2135 805 vi·-

310 829 413 890 xit,
453 834 501 874 et
526 827 774 874 communi
797 827 972 874 mundi
999 828 1149 880 1535.
1172 827 1433 875 defunctus
1456 836 1545 877 est.

454 899 533 965 Τῷ
555 892 745 982 damus.
772 896 845 948 ε’τε
865 893 1017 964 Ἰεὲρεδ
1042 893 1331 963 α’πὲθανεν]
1371 900 1572 963 Repone
1595 893 1795 966 αῆῥκβ.

454 968 577 1030 Pag.
605 973 689 1021 22.
712 963 778 1017 'A
817 987 929 1018 τινα
967 968 1075 1032 ἰ’σμ
1063 988 1111 1018 ν
1147 969 1201 1019 ἐν
1231 967 1480 1038 Παρθία.]
1531 970 1635 1016 Imo
1668 969 1723 1017 in
1749 965 2005 1017 Armenia.
2042 966 2140 1015 nisi

311 1036 564 1085 Librarius
610 1037 803 1085 cunctis
837 1038 1125 1086 authoribus
1171 1040 1354 1087 certior
1383 1039 1698 1090 vaticinetur.
1783 1040 2032 1086 Cedrenus
2075 1054 2138 1085 ex

312 1108 551 1171 Georgio:
589 1105 648 1157 τὰ
676 1106 770 1174 ’ὄρη
794 1105 1000 1175 Ἀραροῖτ
1025 1109 1167 1174 ἰ’-σμεν
1193 1109 1247 1160 ἐν
1269 1112 1481 1177 Παρθίᾳ
1500 1105 1772 1176 Ἀρμενίας.
1810 1106 1940 1168 τινὲς
1967 1107 2021 1158 δέ
2046 1127 2142 1168 φα-

309 1193 390 1228 σιν
415 1178 468 1228 ἐν
493 1180 760 1237 Κελαιναῖς
790 1183 881 1242 τῆς
918 1181 1155 1264 Φρυγίας.
1205 1178 1402 1228 Author
1434 1180 1542 1245 ipse
1573 1180 1809 1227 inferius:
1848 1177 1931 1230 ἐπὶ
1956 1175 2017 1229 τοὶ
2049 1175 2140 1245 όρη

308 1252 402 1299 τοῦ
432 1244 671 1335 Ἀραρᾶτ,
709 1245 848 1298 τοῦτ’
872 1248 971 1298 ε’στι
993 1253 1085 1314 τῆς
1111 1244 1381 1314 Ἀρμενίας.

309 1324 315 1329 ’
458 1317 599 1377 Τινὲς
632 1315 685 1368 δὲ
719 1318 773 1368 ἐν
802 1323 1071 1379 Κελαιναῖς
1101 1323 1191 1384 τῆς
1229 1320 1489 1387 Φρυγίας]
1528 1319 1677 1379 Quod
1703 1318 1941 1384 Phrygiae
1972 1317 2143 1382 nigrae

307 1405 450 1435 mons
478 1388 542 1436 sit
564 1388 770 1450 Ararat,
811 1406 874 1436 cx
896 1407 994 1454 quo
1020 1390 1238 1454 Marsyas
1261 1391 1447 1438 fluvius
1470 1398 1689 1450 emanat,
1729 1398 1777 1437 et
1802 1388 1991 1437 Ortelio
2018 1396 2144 1436 teste

310 1476 373 1506 ex
403 1459 616 1506 maculis
642 1459 898 1523 Sibyllinis
937 1461 1130 1508 dicatur
1152 1460 1205 1507 in
1235 1477 1291 1509 eo
1328 1479 1441 1508 alca
1469 1461 1768 1508 constitisse.
1845 1459 2144 1507 Conciliatas

311 1529 372 1576 de
398 1529 606 1577 diversis
632 1530 808 1593 quibus
831 1548 945 1578 arca
974 1532 1210 1579 iesedisse
1240 1531 1424 1606 dicitur
1443 1531 1568 1579 locis
1597 1531 1863 1579 sententias
1886 1531 1991 1593 lege
2011 1530 2145 1578 inter

308 1600 482 1647 Allatii
514 1608 656 1647 notas
680 1601 741 1648 ad
778 1601 1022 1648 Eustathii
1048 1619 1158 1667 pag.
1182 1605 1266 1654 49.

458 1674 536 1736 Τῷ
561 1666 698 1738 βσ’ς.
724 1670 816 1722 ε’τει
839 1676 931 1722 τοῦ
953 1667 1182 1738 κόσμου.]
1224 1672 1505 1720 Correctior
1530 1668 1666 1741 βσζῖ
1693 1688 1929 1720 numerus
1965 1670 2144 1719 selibi-

308 1748 395 1788 tur
418 1757 530 1805 pag.
557 1721 642 1793 21.
670 1740 727 1789 A.

149 1816 200 1859 P.
227 1817 282 1860 10
459 1813 537 1878 Τῷ
579 1801 743 1878 βσλςῖ
791 1807 1119 1861 Μαθουσαλα
1172 1806 1528 1877 ἐτελεύτησεν]
1599 1811 1734 1859 Haec
1789 1810 2144 1877 expungenda:

306 1881 388 1929 vel
415 1880 474 1926 ab
504 1881 611 1944 ipso
640 1879 862 1927 Authore
888 1899 1000 1928 cum
1039 1883 1264 1947 superius
1293 1882 1503 1948 'scriptis
1530 1899 1639 1947 pag.
1666 1888 1748 1936 20.
1777 1883 1833 1933 D.
1862 1890 1912 1930 et
1941 1883 2056 1935 114.
2085 1882 2144 1931 A.

310 1951 367 1998 in
400 1950 722 1998 concordiam
751 1951 1058 1999 adducenda.

449 2016 712 2071 Ἐνιαυτοῦ
755 2017 875 2070 καθ’
913 2018 969 2072 ὃν
1010 2018 1252 2072 εἰσελθών
1292 2026 1458 2082 Nais]
1532 2022 1665 2071 Anni
1710 2023 1919 2070 formam
1963 2019 2146 2068 diluvii

306 2099 531 2156 tempore
555 2092 784 2138 usitatam
806 2092 1064 2154 conficere,
1102 2093 1296 2150 nullus,
1332 2110 1473 2154 reor,
1509 2093 1732 2140 audebit:
1773 2093 1837 2139 ad
1860 2108 2047 2139 menses
2069 2099 2145 2138 ta·-

309 2178 423 2209 men
450 2169 498 2208 et
528 2179 682 2208 annos
710 2178 796 2208 sua
823 2169 978 2210 aetate
1005 2170 1233 2227 receptos
1263 2163 1545 2227 antiquiora
1574 2163 1764 2210 diluvio
1788 2171 2014 2227 tempora
2037 2162 2147 2209 Mo-

309 2249 399 2279 sen
427 2232 847 2293 accommodasse,
876 2250 992 2298 ·non
1017 2233 1214 2296 negabit
1235 2234 1332 2281 nisi
1362 2235 1450 2297 qui
1484 2233 1751 2280 discrimen
1786 2233 2025 2280 hactenus
2065 2232 2145 2295 ig-

307 2310 480 2350 notum
521 2303 772 2367 proferet:
813 2303 1036 2351 ludaicos
1072 2320 1262 2350 menses
1299 2321 1327 2350 a
1351 2305 1486 2351 Mose
1515 2304 1814 2367 significatos
1842 2310 2009 2351 censet
2039 2302 2146 2350 Au-

309 2371 456 2433 thor‚
496 2381 544 2419 et
577 2373 639 2419 ad
679 2389 851 2419 eorum
899 2373 1032 2435 dies,
1072 2382 1369 2421 memoratos
1407 2375 1583 2422 Genes.
1620 2392 1727 2440 cap.
1771 2378 1819 2426 7.
1855 2381 1902 2421 et
1945 2377 1992 2426 8.
2042 2373 2146 2420 dies

311 2450 361 2488 et
403 2459 621 2505 menses,
675 2444 970 2508 eosdemque
1008 2445 1242 2492 Romanis
1281 2452 1329 2492 et
1368 2445 1683 2510 Aegyptiacis
1724 2444 2024 2510 compositos
2059 2441 2146 2490 hic

310 2513 481 2560 refert.

458 2585 533 2651 Τῇ
555 2577 638 2643 κζ’.
674 2586 767 2634 τοῦ
795 2582 1026 2651 δευτέρου
1048 2579 1254 2649 μηνός.]
1327 2584 1489 2632 Latini
1519 2602 1628 2632 cum
1655 2583 1892 2632 Hebraeis
1916 2586 1996 2635 17.
2017 2581 2143 2629 scri-

310 2652 461 2699 bunt:
502 2655 675 2700 Graeci
696 2659 779 2707 70.
804 2654 1104 2720 Interpretes
1130 2655 1328 2720 sequuti
1349 2661 1432 2709 27.
1462 2656 1522 2703 de
1547 2672 1644 2719 quo
1667 2653 1954 2701 discrimine
1979 2652 2144 2700 Gene-

314 2738 422 2769 seos
447 2723 713 2810 'Expositor
717 2741 780 2775 es,

447 2787 556 2842 Ἐπὶ
578 2792 767 2860 ημέρας
789 2789 849 2858 μ’.
839 2798 879 2852 .]
954 2794 1183 2854 Quorum
1203 2795 1441 2843 teiminus
1471 2802 1544 2842 est
1566 2794 1614 2847 5.
1638 2759 1903 2853 'lhamnei,
1942 2794 1994 2847 4.
2021 2793 2144 2856 Epi-

310 2861 443 2927 phei,
465 2862 590 2909 Iunii
611 2868 692 2915 28.
708 2865 923 2927 adeoque
942 2865 1278 2912 hebdomados
1304 2865 1532 2928 quintus.
1572 2881 1632 2910 ex
1649 2881 1745 2927 quo
1771 2880 1857 2910 co]
1859 2864 2012 2911 rectio
2036 2872 2145 2911 tex-

309 2940 391 2981 tus
412 2931 692 2982 innotescit.
763 2934 1005 2982 Adeunda
1029 2935 1113 2982 hic
1135 2935 1376 2983 mensium
1402 2934 1670 2982 concordia
1697 2935 1926 2999 superius
1950 2950 2061 3000 pag.
2092 2935 2142 2987 4.

312 3002 489 3068 posita.
2143 3062 2146 3065 ι

453 3072 565 3133 Pag.
602 3074 687 3123 23.
724 3070 873 3123 Μετοὲ
897 3071 984 3133 τοὶς
1012 3070 1098 3138 ρκ’.
1135 3071 1358 3138 ἡμέρας]
1396 3073 1472 3120 Ex
1502 3072 1651 3120 variis
1685 3073 1924 3122 mensium
1953 3074 2141 3136 formis,

314 3148 364 3189 et
395 3142 579 3188 Graeca
617 3142 886 3206 Latinaque
920 3144 1047 3190 sacri
1079 3151 1246 3189 textus
1276 3159 1390 3189 cum
1417 3143 1661 3191 Hebraico
1696 3144 1866 3191 collati
1901 3144 2143 3206 versione,

316 3210 639 3276 quadraginta
667 3211 1008 3259 inundationis
1038 3213 1245 3273 dierum,
1273 3220 1380 3259 tum
1407 3213 1618 3261 aliorum
1642 3214 1821 3278 viginti
1847 3231 1997 3279 supra
2022 3230 2143 3261 cen-

312 3289 419 3329 tum
447 3289 767 3346 sequutorum
793 3284 1017 3329 notitiam
1035 3321 1048 3343 ‚
1087 3299 1142 3328 ac
1167 3282 1399 3346 deinceps
1431 3284 1610 3331 mensis
1637 3284 1860 3349 septimi,
1899 3301 1998 3349 quo
2026 3301 2142 3332 arca

312 3353 610 3415 requievisse
634 3352 864 3413 creditur,
903 3352 1143 3413 ordinem,
1180 3360 1235 3400 ut
1255 3354 1454 3414 assolet,
1495 3354 1754 3417 diligenter
1781 3355 2055 3417 investigat,
2093 3361 2142 3402 et

313 3422 526 3470 ubertim
551 3422 755 3486 exponit
783 3422 838 3469 in
863 3439 917 3470 re
952 3423 1251 3486 temporaria
1274 3423 1705 3473 exercitatissimus
1732 3424 1956 3473 Petavius
1977 3423 2062 3471 lib.
2088 3428 2137 3476 9.

318 3507 422 3556 cap.
451 3498 533 3544 10.
605 3495 647 3540 A
673 3500 885 3557 quatuor
907 3501 1068 3541 autem
1091 3509 1150 3539 ac
1173 3492 1282 3540 aliis
1308 3494 1487 3558 viginti
1506 3495 1696 3558 modis,
1737 3495 1916 3559 quibus
1937 3494 2068 3541 inter
2087 3510 2138 3541 se
