2222 3938
689 194 789 248 ET
825 194 1418 252 ANNOTATIONES.
1797 188 1921 248 349

97 331 372 384 thesaurus,
443 327 581 376 Haec
614 344 768 392 porro
797 327 949 375 verba
985 323 1111 378 κατοὲ
1144 346 1235 378 τον
1272 323 1489 392 φυσικον
1520 322 1672 395 λόγον
1689 322 1921 394 Ἀφρικα-

95 406 193 454 νοῦ
222 394 481 466 Xylander
517 398 727 446 Cedreni
761 397 1009 463 interpres
1043 397 1302 463 exposuit,
1346 401 1401 446 in
1433 399 1667 446 naturali
1698 402 1923 448 oratione

96 470 284 520 author
315 479 418 517 est.-
453 477 504 517 at
529 487 634 518 non
660 469 767 534 ipse
793 469 1014 517 reddidit
1042 466 1167 519 κατοέ
1193 467 1275 520 τὸν
1307 467 1519 532 φυσικὸν
1550 466 1712 538 λόγον.

244 558 347 607 Τοῦ
369 552 424 605 δὲ
444 550 598 614 Ἐνως
622 547 700 616 'm'
705 553 737 618 .]
762 553 895 601 Enos
918 572 946 601 a
969 554 1155 602 mundo
1183 554 1384 602 condito
1405 555 1627 602 nascitur
1647 571 1776 602 anno
1801 555 1921 608 435.

94 627 159 676 ad
179 625 397 692 primum
421 625 587 689 itaque
612 625 730 678 532.
761 642 1006 672 annorum
1034 626 1279 673 circulum
1309 625 1402 672 soli
1428 629 1510 679 97
1541 625 1851 673 numerandi.

241 700 320 766 Τῷ
358 695 687 764 ἕξακοσιοστῷ
721 695 852 759 ἕᾝτει]
891 696 1027 743 Haec
1061 698 1229 743 eadem
1269 696 1520 743 Cedrenus
1561 696 1795 744 editionis
1829 698 1923 744 Re-

95 768 200 832 giae
233 749 410 833 pagina
438 772 485 820 9.
511 784 573 814 ex
601 783 699 830 quo
727 783 852 831 quae
888 765 973 814 hic
1009 767 1188 814 desunt
1218 775 1431 832 possunt
1458 767 1649 833 iepeti,
1699 785 1728 815 a
1761 767 1923 831 nobis,

95 839 229 904 quod
256 836 546 903 apocrypha
580 838 710 898 sint,
750 837 1065 885 omittuntur.

231 924 344 987 Pag
367 925 448 975 11.
485 920 854 987 Πληρωθέντος
880 914 973 972 οὐν
997 921 1242 972 ἐνιαυτοῦ.
1245 919 1430 985 JQuod
1442 939 1571 969 anno
1596 922 1923 1010 praecedente

90 994 308 1058 graviter
327 993 592 1060 admodum
608 994 783 1056 laesus,
809 992 1103 1041 succedente
1129 991 1320 1040 obie1it.
1373 992 1461 1039 Vel
1487 992 1719 1054 dictione,
1741 991 1922 1081 τέθνῃ-

82 1084 204 1127 κεν,
243 1072 494 1129 expuncta
528 1080 736 1128 sequens
763 1063 998 1150 pericope
1020 1063 1087 1109 ita
1118 1063 1410 1112 deducatur.
1438 1063 1802 1147 πληρωθέντος
1826 1067 1922 1113 οὐν

89 1135 322 1187 ἐνιαυτοῦ
351 1154 470 1200 μετα
496 1131 586 1185 τόν
606 1129 834 1185 θανατον
858 1139 949 1184 τοῦ
971 1129 1124 1197 Ἀδάμ
1147 1130 1267 1198 Σὴθ
1293 1128 1643 1200 ηγεμόνευσεν.

229 1218 333 1270 Καὶ
357 1218 628 1286 ἐγέννησαν
661 1238 779 1279 τους
819 1218 1101 1286 Γίγαντας.]
1143 1218 1279 1277 Quae
1302 1217 1386 1266 hic
1422 1217 1768 1267 desiderantur
1794 1236 1920 1284 sup-

86 1290 192 1355 plet
218 1291 483 1339 CedrenuS.

237 1378 339 1425 Τοῦ
363 1369 563 1441 πρώτου
591 1374 787 1440 βιβλίου
808 1368 1002 1440 Ἐνῶχ.]
1041 1375 1112 1422 De
1132 1372 1261 1423 libro
1289 1371 1466 1420 Enoch
1494 1373 1720 1421 scribunt
1748 1390 1812 1421 ex
1834 1391 1917 1421 an-

87 1433 238 1510 tiquis
273 1447 364 1494 PP
394 1447 754 1508 Tertullianus,
796 1447 1060 1509 Origenes,
1097 1444 1459 1508 Hieronymus,
1497 1452 1546 1491 et
1579 1445 1918 1507 Augustinus:

87 1533 185 1580 qua
216 1515 514 1565 authoritate
539 1516 768 1581 polleat
753 1533 808 1563 111
837 1517 1056 1564 Ecclesia
1079 1523 1288 1563 narrant
1325 1515 1620 1578 interpretes
1647 1516 1702 1562 in
1732 1516 1920 1581 episto-

86 1586 187 1634 lam
217 1587 396 1649 Iudae,
437 1587 771 1635 Possevinus
756 1605 810 1633 m
835 1595 1102 1651 apparatu,
1143 1593 1191 1633 et
1216 1585 1445 1633 Pererius
1483 1585 1539 1634 in
1570 1586 1798 1634 Genesim
1821 1587 1919 1634 dis-

85 1665 243 1723 putat.
276 1658 336 1705 de
363 1625 698 1706 translatione
713 1665 759 1704 et
783 1659 983 1721 sciiptis
1008 1656 1200 1705 Enoch.

223 1736 457 1807 Ἑρμῶν]
492 1741 734 1790 Hebraice
771 1753 920 1813 wrm
952 1760 980 1788 a
1015 1742 1185 1790 radice
1228 1750 1350 1807 :ry-1
1389 1739 1612 1789 Hilalius
1649 1740 1703 1788 in
1736 1726 1916 1789 Psnhn.

88 1814 206 1865 132·
279 1814 504 1860 Hermon
527 1830 670 1859 mons
705 1822 776 1859 est
813 1814 868 1858 in
890 1805 1163 1873 Phoenice,
1202 1814 1354 1857 caius
1390 1813 1736 1875 interpretatio
1763 1813 1921 1860 Ana-

86 1883 254 1929 thema
290 1892 385 1929 eet:
436 1882 579 1948 quod
612 1885 744 1930 enim
785 1883 932 1930 nobis
979 1883 1273 1931 Anathema
1305 1892 1661 1946 nuncapatur,
1713 1882 1773 1930 id
1808 1885 1920 1931 He-

85 1953 252 2000 braic-e
273 1955 498 2002 Hermon
527 1953 734 2003 dicitur.
808 1955 990 2002 Fertur
1025 1964 1196 2001 autem
1227 1952 1311 2011 id,
1350 1951 1410 1998 de
1433 1971 1529 2017 qao
1562 1955 1716 2001 etiam
1752 1958 1918 2001 nescio

85 2026 235 2071 caius
271 2025 397 2072 liber
433 2035 596 2086 extat,
641 2023 783 2090 qaod
803 2026 994 2091 Angeli
1030 2026 1430 2090 concupiscentes
1449 2024 1605 2087 filias
1638 2025 1916 2088 hominum,

86 2112 202 2141 cum
230 2093 289 2141 de
332 2097 468 2143 caelo
501 2095 874 2159 descenderent,
923 2100 979 2144 in
1008 2097 1149 2144 hanc
1175 2104 1390 2143 montem
1426 2097 1643 2143 maxime
1676 2099 1918 2146 conveni-

83 2175 192 2213 rent
209 2167 464 2214 excelsum.

224 2237 336 2297 Pag.
370 2241 448 2290 12.
478 2234 743 2302 Φαρμακὸς
771 2237 993 2297 ἐδίδαξεν
1012 2232 1370 2303 φαρμακείας.]
1401 2236 1738 2284 Tertullianus
1763 2235 1914 2284 huius

83 2305 336 2371 opinionis
368 2314 583 2354 sectator
609 2307 812 2371 Apolog.
839 2325 948 2374 cap.
976 2308 1061 2359 35.
1135 2306 1330 2353 Eadem
1355 2308 1532 2369 officia
1557 2305 1843 2371 dependant
1868 2316 1914 2353 et

83 2379 175 2442 qui
200 2378 502 2441 Astrologos
539 2386 584 2423 et
617 2381 877 2441 aruspices
913 2387 958 2424 et
992 2394 1214 2441 augures
1242 2386 1287 2423 et
1324 2394 1506 2440 magos
1541 2375 1600 2424 de
1635 2378 1913 2425 Caesarum

82 2449 248 2512 capite
275 2448 593 2497 consultant:
635 2465 764 2512 quas
797 2457 931 2495 artes
961 2457 1020 2494 at
1055 2447 1119 2493 ab
1144 2447 1356 2512 Angelis
1381 2446 1714 2495 desertoribus
1733 2447 1912 2512 prodi-

83 2527 165 2564 tas
193 2527 238 2564 et
273 2536 307 2565 a
333 2521 444 2565 Deo
478 2519 807 2581 interdictas,
843 2537 903 2565 ne
924 2520 1034 2565 sais
1059 2517 1259 2583 quidem
1295 2520 1466 2564 causis
1498 2515 1738 2567 adhibent
1766 2519 1911 2567 Cleri-

82 2591 256 2637 stiani.

220 2654 598 2726 Ἀστροκοπίαν-
605 2663 622 2719 ]
653 2658 730 2706 An
756 2654 1122 2727 οἰστροσκοπίαν
1143 2658 1274 2720 legas
1292 2657 1570 2709 incertum.
1607 2658 1730 2707 haec
1754 2665 1910 2707 astro-

82 2745 194 2777 rum
231 2731 609 2794 contemplatio,
649 2730 736 2778 illa
776 2739 1025 2779 astrorum
1060 2745 1267 2792 cursus,
1306 2737 1354 2811 et
1389 2738 1548 2794 prout
1583 2738 1731 2780 vocat
1760 2731 1909 2779 Poeta

82 2801 264 2848 Lunae
285 2801 514 2865 Solisque
534 2800 745 2849 labores.

220 2872 332 2935 Pag.
352 2874 431 2924 13
448 2872 681 2937 Ζωσίμου
707 2865 1911 2958 Πανοπολίτου.]5111ᾶεε.ΖώσιμοςἈλεξανδρευς

83 2936 357 3004 φιλόσοφος
388 2960 658 3007 χημευτικα
693 2939 820 3008 πρός
846 2943 1119 3007 Θεοσεβίαν
1155 2938 1248 3006 τήν
1277 2936 1502 3004 ἆδελφήν
1535 2940 1770 3009 ἔγραψεν.
1811 2941 1913 2991 ἔστι

84 3008 140 3060 δὲ
165 3030 290 3060 κατα
323 3017 564 3076 στοιχεῖον
590 3012 643 3063 ἐν
667 3014 880 3078 βιβλίοις
913 3008 1007 3077 κη’.
1036 3011 1386 3078 υπογραφεται
1413 3009 1467 3061 δὲ
1492 3010 1596 3063 ‘vno'
1619 3031 1772 3063 τινων
1796 3015 1911 3061 Χει-

82 3075 331 3146 ρόκμητα,
367 3081 452 3132 καὶ
490 3080 516 3133 ὀ
543 3079 817 3143 Πλατωνος
859 3083 982 3148 βίος.
1055 3084 1293 3130 Zosimus
1311 3081 1696 3131 Alexandrinas
1724 3082 1911 3130 Plzz'lo-

83 3150 275 3214 sophus
300 3149 359 3196 de
395 3151 609 3215 Chymia
646 3152 720 3200 ad
752 3154 1074 3200 leeosebiam
1107 3171 1325 3200 sororem
1357 3155 1591 3217 scripsit:
1637 3162 1707 3200 est
1741 3160 1907 3198 autem

83 3238 208 3284 opus
239 3219 387 3267 libris
413 3226 496 3275 28.
527 3222 805 3288 digestum,
845 3233 890 3270 et
913 3242 946 3271 a
978 3222 1284 3289 quibusdam
1311 3223 1653 3280 Chirocmeta‚
1693 3231 1737 3269 et
1773 3222 1907 3268 Pla--

83 3293 216 3337 tonis
247 3292 357 3338 vita
385 3294 696 3343 inscribitur.
771 3295 842 3342 De
869 3295 1113 3359 Panopoli
1148 3296 1250 3342 eius
1277 3294 1436 3359 patria
1468 3295 1623 3343 tradit
1653 3291 1905 3354 Originem

79 3359 320 3409 Eusebius
348 3361 408 3408 de
433 3362 661 3428 Praepar.
690 3365 922 3428 Evangel.
951 3365 1079 3412 libro
1106 3365 1252 3414 tertio
1279 3365 1440 3430 capite
1467 3368 1516 3417 3·

222 3431 645 3498 Ρ33.14.Χῆμα.]
666 3401 858 3482 Utrum²2
858 3437 1036 3499 χημεία
1057 3436 1138 3483 vel
1155 3436 1330 3500 χυμεία
1348 3433 1676 3493 scribendum,
1694 3429 1902 3477 discutit

79 3500 280 3565 prolixe
293 3501 516 3552 Andreas
535 3503 772 3555 Libavius
796 3505 1019 3556 Medicus
1033 3507 1350 3571 Syntagmate
1372 3505 1432 3553 de
1455 3500 1742 3567 Alchymiae
1766 3517 1819 3549 ai
1822 3516 1899 3548 ca-
