2112 3854
213 235 290 293 18
436 309 439 311 ,
847 241 914 296 G.
946 241 1015 295 G.
1050 241 1392 298 BREDOVII

217 372 391 421 altiore
414 379 547 421 terra
570 372 623 420 in
645 379 867 420 nostram
885 371 1203 427 humiliorem
1226 371 1589 424 transnatasses
1628 373 1862 421 Conseras
1884 371 2027 420 Mon-

208 444 466 491 tefalconii
493 443 847 509 praefationem
880 442 942 489 ad
973 443 1173 490 Cosmae
1209 443 1598 508 Indicopleustae
1629 442 2027 508 Topographiam

212 528 319 579 cap.
346 512 478 578 1[.§.
505 515 567 574 4,
607 521 656 559 et
688 513 954 560 Cosmam'
938 530 1097 612 ipsum
1128 512 1242 561 libr.
1267 514 1327 562 ΙΙ.
1355 531 1477 578 pag.-
1500 518 1614 567 131.

341 599 455 661 Pag.
496 598 576 651 15.
604 596 661 645 A.
699 597 904 659 legitur:
940 595 977 662 η’
996 592 1122 646 καθ’
1142 596 1275 677 ημᾶς
1303 597 1571 663 οἰκουμένη
1587 601 1722 648 πᾶσα
1736 592 1903 662 πόῤῥω
1928 615 2028 647 που

210 672 368 719 κεῖται
413 671 540 718 ποῦ
576 686 665 730 της
700 662 1158 732 Ἑδεμ.60111·113
1145 685 1200 714 in
1231 669 1475 732 margine:
1515 671 1638 720 ποῦ
1669 666 1931 717 redundat.
1969 694 2029 701 —

207 738 251 785 A
277 738 440 786 scriba
461 745 752 802 corruptum
777 745 874 785 est:
911 738 1016 801 lege
1043 733 1075 787 οἷ
1094 733 1187 787 πό.

345 822 474 871 Ibid.
501 823 609 885 lego
633 816 901 889 θεοφὸρων
927 816 1282 883 διδασκάλων,
1325 839 1429 870 11011
1457 817 1770 873 διδασκαλον.

341 905 457 969 Pag
486 909 567 958 16.
597 906 653 952 D.
688 902 799 957 Δύο
827 901 1085 966 κύκλους-
1111 935 1138 942 -
1166 902 1453 974 ἐπληρώθη.
1494 908 1684 955 Goarus
1711 913 1895 954 mutat:
1919 901 2030 955 Δύο

204 973 381 1027 κύκλοι
407 1004 435 1011 -
460 1003 490 1012 -
512 971 895 1060 ἐπληρωθησαν.
967 978 1068 1040 Ego
1091 977 1279 1024 scribo·
1329 977 1358 1026 ο
1394 972 1501 1028 δεύ
1516 997 1656 1057 ⁷78ss’0
1673 997 1697 1037 ς
1735 971 1918 1036 κύκλος
1939 1003 1968 1011 -
1999 1002 2028 1012 -

205 1041 495 1114 ἐπληρώθη.
536 1048 565 1097 δ
581 1065 683 1096 ευτ
698 1065 719 1097 ε
735 1067 761 1115 ρ
780 1067 805 1098 ο
822 1067 847 1107 ς
882 1047 1019 1111 signo
1044 1047 1238 1095 numeri
1262 1048 1467 1095 secundi
1488 1048 1729 1113 scriptum
1754 1055 1872 1109 erat,
1908 1045 2027 1094 inde

204 1134 444 1250 erl'orl-hg.
485 1176 567 1238 18.
608 1186 658 1236 C.
695 1187 753 1237 D.
789 1173 885 1234 Hic
922 1186 1065 1234 locus
1101 1187 1322 1251 pluribus
1349 1187 1486 1236 vitiis
1510 1187 1734 1235 laborat:
1768 1187 2026 1247 Berosum‚

205 1257 358 1319 dicit,
398 1264 585 1321 septem
625 1256 756 1317 Diis,
794 1257 1147 1320 Aegyptiorum
1179 1258 1400 1319 iegibus,
1437 1258 1656 1305 tribuere
1688 1274 1843 1305 annos
1874 1258 2025 1318 1985,

203 1345 417 1392 quorum
443 1327 654 1390 primum
697 1293 837 1379 9000
866 1343 1022 1373 annos
1053 1328 1330 1389 regnasse!!
1369 1353 1438 1363 —
1474 1328 1513 1374 E
1539 1344 1651 1392 pag.
1681 1329 1765 1380 41.
1791 1328 1844 1376 Β.
1873 1326 2027 1374 corri-

200 1415 283 1461 gas
310 1402 390 1459 11,
394 1396 510 1450 985.
537 1422 608 1433 —
640 1397 735 1443 Pro
762 1391 975 1459 σελήνην
996 1397 1099 1458 1333
1107 1363 1460 1460 ὗσεληνίων.
1479 1425 1547 1434 -
1571 1402 1708 1450 9000
1732 1412 1921 1444 menses
1947 1396 2025 1444 lu-

200 1484 344 1515 nares
394 1465 598 1532 (mensis
622 1466 818 1531 ..-----29.1
858 1463 927 1530 d.)
968 1467 1189 1513 reddunt
1231 1467 1349 1526 265,
1355 1467 1458 1519 500
1498 1466 1618 1518 dies.
1689 1467 1796 1515 Hac
1834 1466 2025 1514 dierum

200 1537 522 1585 multitudine
559 1536 620 1582 ad
656 1536 774 1582 anni
805 1536 978 1583 solaris
1000 1545 1247 1584 trecentos
1272 1537 1524 1599 sexaginta
1546 1537 1766 1601 quinque
1790 1537 1892 1585 dies
1919 1537 2027 1584 dis-

198 1609 387 1657 tiibuta
411 1625 512 1653 non
539 1624 693 1653 annos
718 1611 818 1658 720
835 1607 869 1671 ὲ
906 1623 1018 1654 cum
1044 1616 1275 1670 quatuor
1274 1607 1454 1655 diebus
1478 1609 1722 1670 reddunt,
1762 1609 1848 1656 sed
1871 1624 2027 1654 annos

199 1683 304 1732 727
333 1686 381 1725 et
408 1677 508 1724 dies
535 1677 653 1729 145.
713 1677 886 1738 Itaque
918 1679 1163 1725 rescribo:
1204 1674 1468 1742 συνήξαν’
1452 1677 1534 1742 ε’τη
1574 1673 1694 1742 ψκζ’
1730 1678 1816 1728 καὶ
1842 1676 2029 1744 ημέρας

198 1743 316 1815 ρμέ.
392 1748 596 1810 Signum
625 1746 817 1793 dimidii
847 1761 917 1798 Q
965 1748 1125 1796 simile
1148 1747 1284 1811 signo
1312 1748 1506 1796 numeri
1529 1748 1722 1812 septimi
1746 1748 1903 1796 eirori
1930 1765 2029 1795 oc·-

202 1818 446 1866 casionem
446 1784 747 1882 bpraebuisse
768 1817 985 1867 videtur.
1014 1845 1084 1855 —
1119 1819 1262 1866 Hanc
1284 1835 1402 1866 velo
1430 1819 1850 1884 computationem
1876 1818 2028 1866 Geor-

198 1889 306 1952 gius
343 1888 656 1936 mendacium
689 1894 862 1949 vocat,
911 1890 1154 1955 γελοίων
1192 1886 1352 1950 ἄξιον.
1424 1889 1605 1938 Forma
1645 1890 1831 1955 plurali
1871 1888 2029 1936 offen-

200 1960 322 2022 dor,
358 1960 495 2022 1330·
527 1959 727 2027 γελοίου
752 1954 910 2018 ἄξιον.
946 1988 953 2000 1

324 2044 439 2107 Pag.
471 2047 550 2096 19.
573 2044 628 2090 D.
657 2049 706 2090 et
733 2058 843 2106 pag.
861 2047 945 2095 20.
965 2042 1020 2095 Α.
1040 2044 1094 2092 Β.
1124 2045 1265 2092 103113
1291 2044 1411 2092 adeo
1439 2051 1702 2109 corruptus
1730 2050 1818 2105 est,
1842 2051 1897 2092 ut
1921 2045 2028 2095 sine

198 2081 420 2162 auxilio⁰
432 2113 888 2177 manuscriptorum
927 2114 1171 2163 librorum
1220 2116 1384 2163 sanari
1437 2131 1583 2180 posse
1634 2131 1735 2162 non
1775 2116 2025 2167 videatur.

197 2185 378 2231 Omnia
412 2201 537 2247 quae
572 2183 764 2231 tentavi
793 2182 1075 2248 displicent.
1148 2185 1323 2234 Lineas
1353 2185 1590 2251 quasdam
1627 2186 1805 2250 opinor
1827 2185 2026 2235 incuria

195 2255 467 2303 scribarum
494 2254 750 2313 excidisse.

322 2340 572 2386 Summam
604 2355 723 2387 vero
749 2339 1175 2403 perturbationem
1213 2341 1402 2405 reperis
1429 2340 1484 2388 in
1519 2339 1740 2388 numeris
1767 2340 2026 2405 dynastia-

191 2426 306 2460 rum
345 2427 410 2475 P··
430 2409 514 2462 54.
559 2415 608 2457 et
648 2426 747 2473 seq.
775 2425 933 2473 neque
963 2411 1069 2457 ulla
1098 2411 1201 2458 fere
1224 2412 1402 2475 pagina
1426 2419 1524 2474 est,
1562 2411 1616 2458 in
1644 2427 1739 2475 qua
1765 2428 1872 2458 non
1902 2412 2020 2476 plu-

192 2482 330 2529 ribus
360 2479 606 2527 erroribus
639 2488 724 2527 aut
748 2480 965 2528 auctoris
996 2489 1083 2528 aut
1117 2481 1305 2530 scribae
1334 2482 1544 2543 teneris3
1592 2489 1739 2545 atque
1766 2481 2023 2529 interdum

196 2551 386 2597 Goaius
416 2551 467 2596 in
494 2567 652 2597 novos
690 2567 879 2598 errores
911 2551 1126 2599 inducit.
1200 2553 1268 2599 Ut
1301 2571 1409 2618 pag
1445 2555 1526 2605 65.
1557 2551 1615 2599 Α.
1641 2548 1907 2616 Σπαρτους
1938 2552 2022 2599 111-

190 2628 328 2685 terp1
334 2627 495 2666 etatur
530 2623 826 2683 Spartanos.
900 2623 1028 2669 Sunt
1070 2621 1320 2686 Thebani,
1370 2641 1396 2671 e
1432 2623 1660 2670 dentibus
1697 2621 1956 2685 anguinis,
1994 2639 2022 2670 a

193 2691 376 2738 Cadmo
405 2692 551 2752 satis,
585 2690 747 2737 enati:

532 2768 677 2838 λόχος
703 2768 754 2823 δ’
784 2768 1046 2824 ὄδόντων’
1034 2771 1181 2838 όφεος
1206 2772 1592 2839 ἐξηνδρωμένος,

189 2872 268 2922 uti
292 2871 596 2936 Euripides
581 2890 635 2919 111
661 2872 1049 2955 Supplicibusv
1051 2875 1196 2925 ,703
1231 2871 1488 2919 Thebanos
1511 2871 1697 2920 laudat.
1767 2870 2018 2921 Audacius

188 2944 244 2991 in
268 2942 420 2990 choro
453 2959 503 2991 V·
528 2943 632 2996 578
652 2937 831 3011 λόγχην
859 2939 1076 3008 σπαρτον
1104 2958 1185 2991 303
1225 2950 1397 3004 vocat,
1436 2943 1665 2988 lanceam
1684 2951 1879 3007 satam,
1916 2943 2020 2990 mi-

186 3014 300 3132 {ites-
332 3012 619 3132 addentibus
653 3013 773 3061 satis
807 3013 968 3077 enati,
1016 3020 1065 3060 et
1097 3029 1144 3062 v.
1174 3016 1278 3066 713
1314 3012 1522 3080 σπαρτοὶ
1557 3010 1734 3080 ἄνδρες
1760 3030 1854 3078 pro
1892 3013 2021 3063 The-

222 3101 328 3132 ams
397 3100 459 3130 101

321 3168 455 3216 Haec
479 3168 761 3230 sufficiant,
799 3175 858 3215 ut
882 3167 1093 3215 lectores
1124 3173 1172 3214 et
1199 3165 1521 3213 difficultates
1554 3174 1866 3229 cognoscant,
1906 3166 2019 3230 qui-

185 3239 277 3287 bus
299 3238 577 3303 disquisitio
604 3240 666 3288 de
692 3238 890 3302 Georgii
916 3237 1137 3285 fontibus
1159 3244 1207 3285 et
1231 3238 1290 3284 de
1312 3237 1532 3298 ratione,
1573 3254 1668 3300 qua
1698 3236 2014 3299 (311100οσ10-

184 3309 356 3389 pliiam
394 3310 756 3375 composuerit,
792 3308 1033 3374 impedita
1062 3308 1151 3369 sit,
1188 3315 1236 3354 et
1271 3308 1502 3369 videant,
1540 3323 1617 3353 me
1649 3324 1752 3354 non
1790 3308 2012 3372 impara-

186 3387 294 3428 tum
316 3380 370 3428 in
397 3397 562 3430 aream
593 3380 890 3429 descendere
916 3395 1077 3443 neque
1102 3378 1158 3425 in
1183 3378 1342 3425 alieno
1371 3379 1480 3426 foro
1502 3377 1710 3440 litigare.

311 3465 637 3531 Praecipuum
664 3464 864 3529 Georgii
890 3455 1154 3511 consilium
1183 3469 1269 3525 est,
1307 3470 1365 3510 ut
1393 3461 1584 3528 probet,
1625 3460 1870 3509 Christum
1899 3476 2006 3507 esse

183 3541 355 3602 natum
391 3553 519 3584 anno
555 3536 694 3591 5500
729 3543 847 3603 post
879 3534 1178 3584 creationem
1210 3533 1414 3596 mundi,
1460 3532 1532 3580 ita
1564 3539 1623 3580 ut
1659 3547 1821 3579 annus
1869 3530 2005 3583 5501
