2112 3854
205 156 292 229 56
735 134 737 138 '
920 158 925 163 ’
971 153 1204 229 0011111

209 304 349 350 actae
373 297 505 349 vitae
528 296 726 358 merita,
765 297 891 360 quae
918 294 1056 359 quasi
1078 294 1257 360 sparsis
1282 293 1435 344 radiis
1463 294 1681 346 omnium
1710 295 1865 344 oculis
1891 294 2031 349 obie-
2107 303 2109 307 '

211 376 292 416 cta
315 368 535 417 omnium
562 367 750 415 animos
773 364 1193 429 perstringebant,
1232 373 1287 414 ut
1318 382 1432 414 eum
1462 365 1555 413 sibi
1583 366 1870 430 Syncellum
1897 365 2032 414 diffi-

213 438 411 489 cillimis
427 478 442 502 ,
479 439 540 486 ob
560 438 722 485 illatas
746 435 805 483 ab
830 435 1100 484 Haereticis
1124 437 1440 498 vexationes,
1475 435 1782 501 temporibus
1805 435 2035 499 designa-

213 517 314 572 ret,
366 509 620 557 Tarasium
659 507 750 554 GP.
790 506 931 553 sedis*
953 505 1284 555 Patriarcham
1315 506 1677 555 sanctissimum
1709 505 2033 570 impulerunt,

214 579 310 629 Hic
338 595 424 642 ego
449 579 616 628 virum
642 593 747 624 non
772 577 1004 625 adornem
1040 577 1298 641 laudibus,
1345 578 1432 625 sed
1457 593 1520 624 ex
1550 575 1803 639 dignitatis
1834 593 2037 624 munere

217 657 270 699 et
297 664 445 714 penes
477 646 814 695 Patriarcham
851 655 1121 712 potestate,
1159 648 1416 712 Syncellus
1452 646 1562 714 quis
1592 646 1774 708 fuerit,
1810 663 1910 694 non
1944 646 2038 694 ibit

217 719 301 766 abs
317 736 371 766 1e
394 735 456 766 ex
471 717 661 767 selectis
674 717 920 766 Historiae
941 718 1235 766 testimoniis
1261 719 1545 783 explanare.
1582 717 1739 776 Quem
1754 716 2039 780 Syncellum

217 784 503 873 Σύγκελλον
545 787 929 852 frequentissimi
966 788 1192 837 scribunt
1221 797 1473 851 auctores,
1523 788 1735 835 rariores
1774 787 2038 851 Syngelum

218 854 477 943 Σύγγελον
497 859 850 924 pronunciant.
921 859 1202 907 Lectionem
1227 857 1490 907 secundam
1512 858 1709 943 probat
1712 857 1885 905 Iunius
1909 855 1952 922 ⁶)
1978 873 2041 904 ex

221 928 317 983 alia
352 925 648 996 συνάγγελος
686 929 954 978 derivatam
994 938 1042 978 et
1080 937 1404 977 contractam:
1441 929 1483 976 is
1511 929 1599 976 ubi
1631 923 1883 994 Συγγελὸν
1915 927 2043 975 Coe-

222 1000 475 1062 nobitccm,
528 1007 576 1047 et
618 996 1033 1066 Πρωτοσύγγελον
1069 1002 1239 1048 Senem
1259 1016 1519 1064 -quemque
1561 998 1844 1047 Monasterii
1882 998 2043 1045 inter-

220 1077 478 1135 pretatur,
517 1071 706 1118 erudite
745 1088 772 1119 a
807 1071 1155 1131 Gretse10,et
1186 1088 1289 1118 non
1324 1074 1429 1119 sine
1469 1070 1615 1119 laude
1645 1067 2043 1133 reprehenditur.

221 1136 475 1205 Σύγγελος
499 1158 525 1187 a
537 1137 865 1240 Συνάγγελος
893 1141 1131 1188 deductus
1165 1141 1444 1188 Clarissimo
1480 1139 1801 1204 Areopagitae
1822 1139 2044 1187 Leonar-

223 1210 288 1257 do
301 1210 527 1258 Philarae
537 1208 786 1276 ⁷)placet3
814 1211 1035 1258 feliciore
1057 1210 1175 1257 licet
1203 1211 1490 1258 coniectura
1513 1211 1637 1257 later
1640 1227 1719 1257 um
1731 1208 2044 1257 Patriarchae

223 1280 542 1360 stipatorem,
582 1298 638 1327 ac
670 1282 808 1328 velut
834 1283 1070 1344 angelum
1105 1280 1425 1342 fidissimum,
1461 1281 1690 1328 laborum
1725 1282 1954 1328 comitem
1981 1278 2046 1327 ad

223 1351 420 1414 negotia
450 1350 650 1415 quaevis
678 1351 903 1398 obeunda
927 1349 1319 1419 paratissimum,
1358 1346 1611 1420 Συγγελον
1635 1357 1863 1415 exponat
1901 1350 2045 1398 Eun-

223 1421 335 1472 dem
390 1421 527 1485 quasi
563 1422 824 1487 Σίγιλλον,
875 1422 1245 1485 Sigclliferum,
1297 1429 1345 1469 et
1405 1416 1855 1488 Πρωτοσύγγελον,
1902 1421 2048 1469 velut

222 1492 659 1571 Hocovoot'ytlkov,
690 1492 974 1555 Magistrum
1006 1491 1288 1555 Sigillorum
1314 1492 1374 1539 de
1397 1492 1580 1538 Latinis
1614 1491 1912 1557 Graecisque
1935 1491 2049 1538 Mu-

224 1561 292 1609 sis
337 1579 436 1608 non
471 1562 747 1609 immeiitus
784 1528 1255 1610 De1netrius⁶Ducas
1294 1562 1491 1610 edocuit
1516 1562 1811 1624 legendum,
1853 1579 1879 1608 a
1909 1561 2048 1610 cuius
2105 1603 2112 1611 .

224 1649 389 1690 5011511,
425 1639 484 1679 ut
505 1633 652 1696 paulo
685 1632 909 1694 duriore,
946 1633 1102 1696 longe·
1133 1632 1398 1682 abhorreo:
1440 1632 1761 1697 quantumvis
1797 1632 2049 1698 σιγίλλιον,

224 1703 517 1767 sigillatam
541 1701 784 1766 diploma,
822 1672 944 1750 iur'is
984 1703 1440 1751 Graeco-Romani
1481 1702 1650 1751 codice
1685 1702 2051 1766 inspiciendum

225 1772 350 1820 mihi
375 1773 644 1836 ingeratur.
717 1773 895 1821 Verius
923 1773 1088 1837 itaque
1113 1791 1141 1820 a
1180 1774 1305 1824 cella
1332 1781 1380 1821 et
1400 1773 1643 1835 sacrariO,
1682 1768 1782 1823 οἷπό
1813 1776 1906 1823 τοῦ
1937 1776 2050 1823 κελ-

225 1844 339 1893 λίου
363 1838 641 1909 Σύγκελλος
656 1842 821 1892 'dictus
847 1843 1109 1907 habeatur,
1149 1845 1236 1908 qui
1260 1841 1525 1892 infimioris
1542 1842 1866 1892 Patriarchici
1891 1860 2052 1891 sacra-

226 1913 291 1962 rii
331 1914 714 1977 Concellcmezcs,
768 1914 914 1963 cellae
954 1915 1226 1979 particeps,
1277 1923 1577 1962 secretorum
1619 1916 1877 1974 conscius,
1912 1913 2052 1962 testis

229 2000 287 2037 ac
315 2001 476 2032 comes
502 1986 754 2047 assiduus,
791 2002 1086 2034 arcanorum
1107 2003 1208 2033 non
1237 1985 1488 2049 ambiguus
1517 1985 1788 2050 interpres,
1824 1984 2052 2048 negotio-

230 2071 341 2103 rum
376 2063 520 2118 atque
547 2056 829 2103 studiorum
863 2056 1054 2119 socius,
1093 2057 1280 2104 animae
1314 2064 1506 2118 rector,
1546 2064 1621 2118 et,
1659 2055 1703 2103 si
1738 2054 1891 2118 velis,
1929 2073 2054 2102 con-

228 2125 461 2172 scientiae
482 2126 678 2189 arbiter,
719 2133 767 2173 et
789 2122 1137 2190 πνευματικός.
1205 2126 1421 2191 Antiqua
1443 2126 1565 2174 haec
1588 2143 1699 2190 erga
1721 2126 2054 2174 Patriarcham

228 2196 448 2259 Syncelli
479 2196 667 2243 officia:
707 2197 995 2247 Anastasius
1028 2197 1155 2245 enim
1190 2198 1455 2262 Presbyter
1479 2197 1592 2258 ille,
1631 2213 1777 2261 quem
1801 2196 2056 2245 Nestorius

231 2262 316 2315 δια
352 2272 499 2330 τιμῆς·
539 2262 634 2330 εἶχε
672 2271 885 2332 πολλῆς,
933 2288 1018 2318 και
1060 2268 1115 2326 ἐν
1153 2263 1407 2334 πράγμασι.
1444 2263 1710 2335 συμβούλῳ
1748 2266 1953 2333 ἐχρῆτο,
2000 2269 2055 2314 in

232 2353 419 2399 magno
447 2337 631 2384 habuit
660 2337 868 2400 honore,
908 2340 1054 2386 cuia-9
1097 2340 1323 2386 consiliis
1353 2341 1408 2386 in
1437 2338 1585 2385 rebus
1621 2336 1858 2402 gerendis
1878 2339 2055 2404 pluri-

231 2423 372 2453 mum
398 2407 654 2470 utebatur,
695 2408 867 2456 scribit
889 2410 1112 2456 Socrates
1139 2408 1214 2469 8)·
1201 2446 1215 2468 ,
1258 2409 1508 2457 Nestorii
1493 2408 1650 2473 ipsius
1673 2403 1914 2493 διαπυρός
1941 2408 2056 2475 ἐρα-

237 2474 356 2539 στῆς
370 2514 382 2538 ,
422 2474 480 2537 ὃς
503 2477 587 2527 καὶ
621 2474 931 2546 συνέκδημός
953 2480 1005 2530 οἷ
1022 2478 1192 2546 γέγονε
1218 2477 1344 2546 πρός
1365 2475 1457 2543 τὴν
1478 2477 1753 2546 ἐπισκοπὴν
1778 2473 2055 2544 οἷπαίροντι,

236 2549 436 2592 amicas
469 2548 670 2594 cudenti
697 2553 1031 2615 Ριορεηείοηε
1065 2549 1327 2598 devinctus
1367 2552 1556 2610 extitit,
1595 2559 1640 2596 et
1676 2550 1720 2596 ei
1753 2566 1952 2612 quoque
1984 2548 2059 2596 acl

231 2618 600 2687 Episcopatzcm
616 2622 843 2681 ptofecto
876 2639 926 2667 Se
951 2623 1065 2669 aiae
1099 2623 1291 2668 socium
1318 2619 1578 2677 adiunxit,
1616 2619 1683 2666 ait
1722 2620 1955 2682 Evagiius
1981 2619 2053 2680 9),

235 2686 490 2753 eidemque
514 2696 803 2752 propterea,
841 2708 932 2737 ceu
968 2690 1373 2738 coniunctissimo
1410 2691 1675 2754 Syncello,
1712 2656 1967 2736 homiliam
2000 2690 2056 2738 in

232 2756 474 2821 Deiparae
516 2758 722 2820 virginis
766 2759 975 2807 dedecus
1013 2769 1060 2807 et
1103 2760 1428 2824 opprobrium
1460 2760 1762 2807 recitandam
1801 2761 2056 2809 Neston'us

233 2828 506 2890 commisit,
557 2827 856 2893 Theophane
893 2830 956 2876 ad
991 2830 1257 2878 Theodosii
1298 2830 1508 2878 Iunioris
1547 2847 1728 2877 annum
1765 2830 2056 2894 vigesimum

165 2908 173 2915 ·
225 2898 436 2945 >'tertium
464 2906 614 2960 teste,
657 2900 1046 2966 διεστραμμένην
1082 2899 1277 2964 ὁμιλίαν
1300 2899 1413 2966 περὶ
1443 2901 1651 2960 πίστεως
1689 2900 1957 2951 ἐκδέδωκεν
1988 2905 2058 2970 τῷ

233 2967 416 3018 ἑαυτοῦ
435 2969 709 3038 Συγκέλλῳ.
782 2971 917 3018 Adeo
945 2972 1202 3035 Syncellus
1225 2970 1536 3018 Patriarchae
1559 2970 1839 3033 familiaris,
1879 2979 1927 3019 et
1951 2972 2055 3020 eius

231 3037 448 3102 *dignitas
476 3057 538 3103 pl
543 3040 735 3101 oxima,
771 3049 830 3087 ut
853 3038 1111 3089 'limotheo
1138 3041 1264 3089 vivis
1288 3041 1756 3104 sublato,10a11nes
1783 3043 2056 3107 Cappadox

236 3109 500 3174 Presbyter
535 3118 582 3157 et
607 3112 864 3175 Syncellus
893 3113 981 3159 CP.
1008 3112 1245 3160 thronum
1283 3129 1345 3159 ex
1365 3111 1663 3176 Theophane
1700 3113 2056 3177 conscenderit,

235 3179 483 3227 ‘Anastasii
520 3181 757 3242 Senioris‚
797 3191 845 3229 et
880 3181 1057 3230 Iustini
1096 3183 1283 3247 pariter
1317 3182 1464 3246 primi
1503 3182 1804 3245 temporibus
1841 3183 2057 3248 Epipha-

237 3250 352 3298 nius
388 3251 648 3318 Syncellus
686 3252 882 3305 Ioannis
913 3253 1022 3306 vice
1056 3253 1209 3306 fuerit
1243 3253 1512 3307 ordinatus.
1584 3253 1896 3302 Anastasium
1932 3255 2056 3319 Syn-

293 3412 343 3468 6)
372 3414 470 3463 Lib.
502 3417 543 3460 3.
575 3416 732 3459 Obser.
760 3415 803 3458 in
835 3417 1040 3464 Codinum
1071 3432 1150 3473 cap
1208 3417 1278 3463 14.
1390 3418 1443 3474 7)
1472 3416 1645 3469 Notulls
1678 3416 1733 3460 ad
1763 3417 2056 3481 chrysostom

352 3459 591 3528 Liturgiam
612 3473 804 3515 adiectis
913 3475 972 3529 8)
1001 3476 1097 3518 Lib.
1129 3476 1171 3519 7.
1202 3491 1295 3532 cap.
1320 3476 1391 3520 32.
1504 3475 1555 3530 9)
1586 3475 1677 3517 Lib.
1705 3478 1747 3520 6
1773 3489 1865 3532 cap.
1888 3477 1929 3520 2.
