2112 3854
228 149 307 205 40
859 152 929 206 o.
974 134 1411 207 G.'BREDOV11

233 283 468 347 Georgius
484 296 608 333 vero
634 300 735 332 non
762 274 1169 331 animadvertisse
1187 280 1418 346 videtur,
1453 284 1639 346 ex'quo
1661 281 1798 343 fonte
1811 276 2030 330 Zosimus

229 354 463 402 hauserit.

372 425 446 472 Ex
470 422 587 471 his
572 441 671 489 jam
699 428 859 487 patet,
896 423 1157 470 Zosimum
1174 422 1537 487 philosophum
1563 437 1665 469 non
1690 419 1898 468 eundem
1933 431 2035 464 esse

233 512 292 542 ac
319 496 576 542 Zosimum
600 494 924 554 historicam,
962 494 1047 556 qui
1066 493 1225 542 medio
1251 494 1445 542 saeculo
1467 492 1641 556 quinto
1664 489 1885 554 scripsit.
1921 503 2038 535 nam

232 564 498 613 historicus
520 580 736 628 paganus
761 563 857 610 fuit
883 580 940 610 ac
963 564 1132 612 creber
1167 564 1222 612 in
1249 562 1535 627 sugillandis
1562 559 1868 628 principibus
1901 555 2039 605 chri-

233 635 432 696 stianis3
470 642 646 681 auctor
667 650 786 682 vero
811 636 901 713 τῇς
917 628 1088 699 Ἰμούθ
1116 633 1421 683 Christianus
1454 632 1564 683 fuit.
1640 631 1731 678 Cui
1771 626 2040 677 sententiae

229 704 566 752 testimonium
603 703 646 750 si
689 703 908 768 quaeris,
948 703 1272 753 clarissimum
1306 705 1390 752 dat
1416 702 1621 751 Photius
1659 702 1711 749 in
1735 697 2064 748 Bibliotheca*

233 775 342 825 cod.
374 778 490 827 170.
554 772 873 838 Anonymum
911 775 1196 838 quemdam,
1244 782 1440 836 narrat,
1491 772 1546 819 in
1582 770 1864 835 quindecim
1900 767 2041 816 libris

233 844 488 907 collegisse
510 843 791 891 testimonia
813 845 1022 908 locaque
1046 845 1235 908 integra
1264 862 1364 892 non
1386 844 1547 891 solum
1582 859 1608 890 e
1648 840 1847 905 scriptis
1884 839 2044 886 Grae-

233 929 404 962 corum
422 949 435 974 ,
485 930 658 962 verum
709 914 856 963 etiam
895 916 1181 978 Persarum,
1231 915 1580 980 Aegyptiorum
1597 949 1611 973 ‚
1662 909 2047 975 Babyloniorum

235 992 380 1048 atque
403 984 659 1065 Italorum,
693 1001 817 1048 quae
835 985 1061 1048 religioni
1086 985 1378 1034 christianae
1402 981 1714 1032 consentiant
1738 996 1940 1043 eamque
1963 995 2047 1026 er-

233 1071 295 1118 go
319 1055 415 1101 iam
435 1054 575 1140 prius
604 1055 984 1115 divulgaverint.
1052 1056 1219 1103 Tum
1204 1072 1258 1102 in
1285 1054 1584 1103 editionibus
1620 1051 1804 1100 nostris
1830 1050 1900 1097 sic
1919 1048 2047 1112 legi-

233 1133 348 1172 tur:
387 1144 445 1175 ov
477 1119 631 1190 μόνον
653 1122 707 1175 δὲ
733 1121 831 1177 ἀπὸ
848 1128 950 1175 τῶν
972 1124 1345 1191 προειρημένων
1370 1121 1552 1191 ἀγείρει
1569 1121 1654 1172 καὶ
1672 1123 1938 1186 συντίθησι
1961 1115 2050 1178 τὰς

240 1195 538 1282 μαρτυρίας,
578 1192 702 1245 ἀλλά
731 1194 816 1245 καὶ
843 1191 942 1245 οἷπὸ
960 1214 1063 1245 των
1092 1198 1411 1280 χειμευτικῶν
1450 1194 1683 1258 Ζωσίμου
1707 1187 1882 1280 λόγων.
1943 1191 2050 1254 Θη-

237 1266 391 1348 βαῖος
407 1259 461 1314 δ’
480 1258 549 1330 ἦν
577 1258 738 1327 οὗτος,
787 1266 1171 1330 Πανωπολίτης,
1210 1261 1266 1325 ὃς
1288 1260 1383 1316 ουίι
1416 1263 1644 1327 ἐφείσατο
1666 1282 1725 1312 τα
1749 1257 1874 1312 αυτοὶ
1899 1279 2052 1310 κατα-

239 1330 521 1394 σκευάζειν,
557 1333 611 1384 ἕν
648 1330 725 1394 οἷς
761 1333 849 1385 καὶ
886 1333 1147 1422 ἕβραϊκῶν
1170 1330 1333 1418 λόγων
1372 1335 1618 1386 ἐκτίθεται
1653 1332 1918 1417 σημασίας,
1967 1328 2054 1380 καὶ

238 1409 340 1454 τῶν
376 1398 666 1454 αποστόλων
705 1403 905 1464 ἕκαστος
941 1404 1068 1455 ε’νθα
1091 1424 1146 1455 το
1187 1399 1455 1491 σωτήριον
1464 1399 1667 1469 ἐκήρυξε
1695 1398 1933 1468 μαθημα,
1969 1398 2056 1450 καὶ

237 1474 293 1526 ἐν
330 1467 368 1543 ᾧ
396 1470 557 1563 τρόπῳ
583 1494 685 1525 των
709 1468 1048 1541 ανθρωπίνων
1069 1469 1238 1526 πόνων
1263 1471 1590 1526 ανεπαυσατο.
1626 1473 1708 1524 ἐπὶ
1729 1472 1852 1524 τέλει
1879 1469 1932 1522 δὲ
1955 1474 2056 1520 τῶν

238 1526 399 1610 λόγων
427 1543 512 1594 καὶ
537 1545 830 1628 παραίνεσιν
856 1545 990 1595 ἰδίαν
1013 1546 1331 1611 κατατίθεται
1357 1565 1400 1596 κ.
1424 1564 1464 1595 τ.
1495 1548 1536 1593 λ.
1597 1545 1749 1592 Nemo
1782 1559 1885 1590 non
1917 1541 2057 1590 videt

240 1635 268 1680 χ
283 1634 315 1678 η
332 1618 610 1679 μευτικῶ
623 1634 653 1664 ν
677 1609 837 1680 λόγων
858 1616 1118 1679 legendum
1144 1633 1247 1664 esse
1260 1633 1352 1681 pro
1375 1618 1718 1681 χειμευτικῶν,
1742 1631 1867 1694 quos
1891 1612 2057 1660 inter-

239 1703 304 1751 pl
307 1702 354 1732 es
377 1685 561 1732 latinus
588 1685 716 1737 bona
736 1685 865 1732 fide·
851 1703 901 1732 1n
905 1652 1133 1751 &frigida
1148 1689 1341 1751 scripta
1353 1685 1570 1735 ridicule
1587 1684 1848 1733 convertit.
1888 1682 2058 1730 Credi-

242 1755 371 1803 disse
391 1754 607 1812 videtur‚
619 1755 781 1803 notari
805 1754 901 1803 hac
921 1757 1156 1804 inusitata
1168 1774 1293 1805 voce
1318 1757 1501 1821 scripta
1514 1755 1699 1805 Zosimi
1711 1753 1958 1817 historici,
1973 1752 2060 1800 ad-

241 1825 448 1875 versarii
472 1825 876 1887 Christianorum,
893 1826 954 1874 de
977 1844 1076 1891 quo
1091 1827 1293 1875 Photius
1314 1827 1421 1877 cod.
1445 1831 1527 1880 92.
1553 1852 1623 1862 —
1659 1826 1832 1890 Itaque
1847 1831 1894 1872 et
1909 1824 2061 1872 verba

242 1895 520 1959 sequentia:
550 1895 842 1957 „Thebanus
862 1897 958 1949 fuit
974 1895 1411 1963 hic‚Panopolita”
1429 1896 1563 1962 quod
1576 1897 1639 1944 ad
1653 1895 1943 1944 historicum
1957 1911 2062 1943 non

242 1966 512 2032 pertinent,
530 1966 589 2014 ab
603 1967 1001 2016 antecedentibus
1025 1969 1094 2016 ita
1117 1968 1374 2030 disiunxit,
1390 1976 1449 2014 ut
1469 1968 1634 2015 nescio
1659 1983 1806 2031 quem
1817 1966 2064 2031 respicere

242 2035 520 2086 videantur.
569 2036 790 2102 Apparet
815 2054 951 2099 vem,
987 2037 1108 2087 haec
1132 2039 1282 2088 verba
1310 2039 1374 2086 ad
1392 2038 1638 2086 Zosimum
1659 2037 1917 2085 referenda
1939 2052 2062 2087 esse.

244 2106 378 2167 Quid
400 2114 561 2154 autem
592 2108 768 2158 verba·
804 2104 866 2168 ὃς
892 2103 1006 2159 ov'n
1035 2108 1338 2173 ἐφείσατο
1374 2128 1400 2158 τ
1419 2130 1449 2158 α
1476 2127 1631 2158 αυτα
1665 2121 2064 2158 κατασκευα-

242 2179 270 2238 ζ
278 2196 299 2227 ε
314 2197 331 2227 ι
346 2196 375 2227 ν
399 2177 490 2224 sibi
513 2177 728 2226 volunt?
766 2178 867 2227 Cur
889 2185 1121 2244 tanquam
1141 2180 1535 2245 reprehensurus
1560 2177 1699 2239 dicit,
1737 2177 2001 2238 Zosimum‚
2040 2192 2066 2224 e

242 2264 344 2311 quo
358 2247 646 2312 Anonymus
663 2265 749 2296 sua
766 2249 978 2314 repetiit,
993 2267 1096 2297 non
1111 2250 1327 2299 veritum
1344 2266 1462 2312 esse,
1476 2266 1572 2312 quo
1587 2248 1750 2297 minus
1767 2247 1934 2296 eadem
1949 2265 2067 2312 pro-

243 2317 362 2365 bet'?
398 2317 550 2364 immo
578 2318 867 2383 Anonymus
895 2321 1142 2368 notandus
1166 2328 1264 2383 est,
1302 2320 1435 2385 quod
1472 2318 1656 2367 Zosimi
1691 2318 1904 2384 scripta,
1942 2334 2069 2366 ver·-

243 2388 359 2435 bum
386 2405 411 2435 e
433 2388 612 2450 verbo',
647 2389 701 2436 in
726 2406 812 2437 sua
843 2391 1112 2439 transferre
1145 2408 1248 2439 non
1278 2390 1543 2439 dubitavit.
1614 2390 1704 2451 Et,
1740 2389 1795 2436 ni
1829 2389 2000 2450 fallor,
2040 2405 2068 2434 a

245 2458 420 2506 Photio
445 2466 646 2506 notatus
672 2467 769 2521 est,
806 2460 1039 2508 librarius
1069 2478 1190 2509 -vero
1218 2476 1339 2510 voce
1365 2462 1552 2509 inserta
1580 2468 1751 2507 notam
1777 2458 1978 2507 delevit.
1997 2484 2069 2496 —-

248 2528 590 2577 Clrcumclude
614 2529 762 2578 Vfflba
793 2526 1086 2596 Θηβαῖοςὸ’
1112 2525 1198 2617 ἧν
1209 2525 1371 2594 οὗτος,
1406 2531 1767 2594 Πανωπολίτης
1791 2529 1942 2592 signis
1971 2546 2066 2593 pa-

248 2598 566 2660 ientheseos,
603 2609 829 2663 expunge
858 2619 1135 2666 pronomen
1171 2598 1260 2664 ός,
1293 2611 1348 2650 et
1386 2602 1652 2662 coniunge:
1691 2596 1812 2650 ἄλλα
1851 2598 1935 2648 καὶ
1972 2594 2072 2649 από

198 2731 210 2741 ⁷
249 2671 352 2718 τῶν
380 2672 684 2733 χημευτικῶν
713 2672 947 2735 Ζωσίμου
975 2667 1132 2738 λόγων
1163 2668 1256 2722 οὐκ
1274 2672 1506 2734 ἐφείσατο
1533 2668 1593 2720 τὰ
1621 2666 1747 2720 αὕτα
1767 2664 2071 2720 κατασκευα-

252 2739 373 2798 ζειν.
436 2740 642 2786 Sensus.
684 2738 968 2805 Anonymus
989 2742 1074 2788 ille
1104 2759 1203 2789 non
1229 2743 1391 2788 solum
1425 2758 1451 2788 e
1483 2740 1681 2805 sciiptis
1697 2739 1972 2805 gentilibus·
1991 2747 2072 2787 te-

250 2808 480 2855 stimonia
506 2808 704 2872 collegit
733 2810 795 2857 de
814 2810 1051 2874 religione
1079 2811 1372 2874 christiana,
1409 2829 1578 2860 veram
1597 2813 1748 2858 etiam
1773 2810 1958 2875 scripta
1973 2811 2073 2857 Zo—

250 2877 378 2939 simi,
422 2878 715 2941 Christiani,
739 2880 944 2928 verbum
970 2882 1070 2929 fere
1094 2898 1120 2929 e
1141 2881 1292 2930 verbo
1316 2889 1538 2946 repetere
1561 2898 1664 2929 non
1690 2880 1953 2942 dubitavit,
1991 2887 2072 2927 at-

252 2964 347 3011 que
372 2948 566 3011 eadem,
604 2966 724 3013 quae
748 2950 1008 2998 Zosimus
993 2969 1090 2998 iam
1118 2951 1172 2998 in
1202 2951 1344 3000 libris
1379 2952 1481 3000 suis
1524 2951 1749 2999 chimicis
1792 2952 2070 3014 collegerat,

251 3018 432 3065 iterum
463 3036 770 3084 comparare:
805 3021 858 3068 in
884 3021 1060 3085 quibus
1086 3039 1111 3070 e
1139 3023 1332 3070 Zosimo
1369 3022 1618 3087 excerptis
1647 3030 1695 3070 et
1728 3021 2075 3070 hebraicorum

258 3089 562 3155 scriptorum
587 3085 803 3159 (λόγων,
839 3107 943 3139 non
967 3091 1165 3156 λέξεων)
1198 3093 1659 3159 interpretationes,
1698 3100 1746 3140 et
1777 3092 1905 3142 vitas
1933 3091 2075 3157 Apo-

367 3239 457 3268 sum
482 3225 635 3269 vertit·
664 3227 887 3279 „Animo
874 3242 1048 3284 msuper
1076 3230 1179 3272 odia
1202 3233 1357 3284 fovere
1391 3234 1437 3274 et
1467 3202 1692 3273 herbarum
1728 3203 1948 3271 radicibus
1980 3225 2076 3270 aliis

367 3283 522 3326 damna
543 3298 696 3353 parare
726 3284 811 3326 dux
833 3286 1015 3356 aperuit.
1020 3289 1051 3311 “
1109 3280 1305 3330 coniifflo
1329 3289 1530 3344 scriptum
1546 3287 1678 3329 fuisse
1700 3283 1905 3339 ἐδίδαξεν
1928 3282 1950 3328 ἐ
1959 3301 1986 3328 ν
1999 3299 2076 3339 ερ-

366 3341 552 3404 γείας
561 3337 678 3385 κατὰ
705 3343 791 3385 τοῦ
818 3341 928 3392 νοός
955 3342 983 3384 i.
1008 3358 1045 3388 e.
1066 3343 1211 3386 docuit
1234 3344 1439 3396 rationes,
1468 3345 1626 3411 quibus
1646 3342 1781 3387 animo
1807 3343 1953 3385 noceri
1974 3357 2076 3398 pos-

368 3395 463 3448 set,
492 3402 767 3455 naturamque
800 3399 989 3444 radicum
1023 3401 1270 3454 herbarum,
1312 3402 1468 3458 quibus
1503 3400 1628 3445 simili
1659 3400 1780 3445 modo
1809 3399 1854 3443 in
1886 3400 2076 3444 damnum

368 3428 543 3498 alio’rum
567 3457 632 3499 uti
652 3456 806 3514 possis.
