2222 3938
647 186 747 241 ET
784 185 1371 245 ANNOTATIONES.
1797 177 1924 236 363

240 315 571 386 Πασχουαλίῳ
607 320 709 367 τῶν
744 313 899 384 φλβ’.]
935 319 975 367 Ε
1012 321 1154 384 cyclo
1189 317 1358 368 lunari
1383 332 1627 371 annorum
1651 316 1929 365 novemde—

103 393 225 452 cim,
263 398 311 438 et
341 389 493 437 solari
508 388 650 436 annis
675 396 788 435 octo
816 406 967 454 supra
991 391 1171 455 viginti
1196 388 1500 455 perficiendo
1522 388 1577 435 in
1604 404 1655 435 se
1688 404 1738 435 se
1764 387 1928 436 ductis

100 460 296 523 exurgit
320 460 406 507 ille
432 476 635 522 magnus
664 459 780 513 532.
809 478 1051 509 annorum
1075 463 1273 527 cyclus,
1312 459 1580 509 secundum
1609 474 1753 522 quem
1793 475 1821 505 a
1850 474 1929 506 re-

96 540 270 598 parata
296 530 479 578 Christi
509 548 598 595 per
627 531 1056 580 Resurrectionem
1084 551 1110 579 a
1137 530 1496 591 mortuis-vita,
1535 527 1791 577 Paschales
1818 544 1932 576 suas

96 603 291 650 tabulas
325 601 522 664 digessit
569 601 827 649 Annianus
860 611 973 650 ante
1012 603 1256 667 Cyrillum
1283 610 1330 649 et
1360 600 1652 665 Dionysium
1683 599 1931 662 Exiguum

98 690 226 738 opus
250 672 410 720 simile
435 672 660 736 sequutis
687 673 992 737 temporibus
1020 674 1247 724 molitost
1285 673 1628 725 Anniannaeas
1651 687 1931 718 memorans

96 743 295 794 Author
317 741 457 790 annis
476 743 685 790 totidem
711 761 854 807 pares
879 744 1139 792 duraturas
1163 743 1444 808 pollicetur.
1518 743 1767 805 Utrasque
1788 740 1933 788 nobis

20 863 22 866 ,
99 815 268 863 deesse
303 814 556 877 querimur
568 834 585 876 ,·
619 813 762 876 illas,
798 816 938 880 quod
975 815 1248 881 perierint,
1283 812 1402 877 has,
1439 813 1572 878 quod
1610 812 1670 860 ab
1709 811 1935 861 Authore

98 902 203 934 non
226 883 414 933 fuerint
441 884 615 936 editae.
678 890 682 894 “

239 967 562 1034 Λειπομὲνην
595 968 750 1019 ἔτεσιν
779 963 942 1036 ἑπτά]
983 967 1133 1029 Quod
1165 986 1191 1014 a
1224 967 1402 1015 mundi
1428 966 1639 1015 conditu
1663 967 1725 1015 ad
1749 964 1934 1014 Christi
1962 967 2018 1012 V.
2041 967 2096 1012 12

99 1040 314 1090 natalem
361 1039 492 1087 diem
530 1040 662 1087 solos
707 1040 861 1094 5493.
896 1047 1126 1088 numerat
1153 1039 1472 1101 Panodorus,
1512 1037 1711 1087 Author
1746 1046 1936 1103 septem

101 1112 226 1160 alios
254 1110 489 1173 adiungat
511 1129 685 1159 annos.

239 1190 534 1261 Ἀμφότεροι
568 1192 622 1244 δὲ
656 1189 859 1258 αὐτῶν]
896 1195 1148 1258 Leguntur
1180 1194 1303 1244 haec
1337 1194 1471 1261 apud
1500 1193 1806 1256 Scaligerum
1826 1207 1937 1257 pag.

102 1265 223 1320 246.
254 1265 433 1329 partim
472 1265 756 1327 emendata,
796 1273 842 1312 et
867 1274 1104 1330 corrupta
1135 1274 1371 1331 exparte.
1444 1265 1785 1314 Emendantur
1815 1263 1939 1327 qui—

102 1337 214 1385 dem
234 1336 358 1383 baec
370 1336 469 1383 MS.
493 1336 661 1397 verba,
691 1333 805 1401 ἤτοι
827 1337 928 1385 τῶν
952 1332 1073 1402 ρκδ’.
1095 1337 1174 1386 his
1197 1338 1306 1385 aliis
1331 1334 1446 1403 ’ἢτοι
1467 1339 1567 1386 τῶν
1589 1329 1677 1401 ρκ’.
1703 1330 1937 1399 <uictuma

103 1408 263 1470 8111111,Π
241 1425 350 1468 g·e10
374 1407 640 1472 repositis,⁸
631 1415 694 1453 ·et
718 1407 772 1453 in
796 1406 1033 1455 Authoris
1053 1415 1198 1456 textu
1220 1409 1448 1473 superius
1473 1406 1613 1454 lectis
1638 1421 1748 1471 pag.
1776 1409 1857 1457 17.
1882 1404 1937 1451 Β.

102 1479 214 1526 Alia
238 1494 356 1525 vero
385 1477 471 1527 καὶ
496 1473 781 1536 ἀναλύσεως
805 1476 890 1527 καὶ
922 1479 1156 1543 μερίσεως
1182 1475 1325 1529 αὐτοὶ
1354 1472 1705 1542 πεποιήκασιν,
1744 1475 1807 1523 ad
1835 1475 1938 1522 Au-

102 1548 264 1597 theiis
288 1556 500 1595 mentem
536 1556 584 1594 et
622 1547 832 1595 Librarii
861 1549 1102 1596 calamum
1132 1550 1330 1598 fidelius
1358 1548 1478 1596 1111111
1509 1554 1836 1612 reparantur,
1875 1564 1936 1595 ου

105 1617 477 1685 (μυριαδισμου.
481 1616 521 1683 )1
537 1617 622 1668 καὶ
650 1611 938 1679 ἀναλύσεως
960 1639 1042 1668 και
1072 1621 1313 1685 μερίσεως
1336 1615 1478 1669 αὐτοὶ
1500 1613 1862 1681 πεποιήκασιν
1863 1614 1937 1665 ε’κ-

103 1697 284 1751 θεσιν,
322 1705 448 1753 quae
490 1689 691 1735 tandem
724 1705 840 1736 sana
882 1697 931 1736 et
970 1689 1161 1753 integra
1187 1688 1331 1749 εἶδως
1359 1689 1644 1747 Χαλδαίους
1673 1685 1764 1753 μὲν
1789 1682 1938 1736 απεί-

106 1780 226 1827 ρους
249 1760 436 1819 αἰῶνας
462 1763 553 1824 τῆς
573 1759 909 1842 κοσμογονίας
948 1755 1260 1828 εἰσάγοντας,
1296 1760 1351 1807 111
1376 1761 1497 1822 ista,
1537 1755 1682 1818 εἰδως
1719 1756 1938 1807 Χαλδαί-

109 1850 197 1891 ους
225 1826 459 1898 απείρους
491 1825 692 1880 αἰώνων
716 1833 807 1895 τῆς
833 1832 1165 1897 κοσμογονίας
1188 1837 1502 1879 transmutat.

247 1924 328 1979 'Ev
350 1948 433 1980 κε.
459 1925 706 1997 περιὸὃοις
739 1928 905 1993 {miv-J
946 1929 1277 1994 Aegyptiacus
1305 1947 1462 1977 annus
1498 1927 1559 1975 ob
1597 1925 1694 1975 diei
1722 1924 1941 1972 interca-

107 1999 227 2049 laris
259 1999 506 2047 defectum
545 2000 754 2064 singulis
797 2000 1136 2063 quadrienniis
1183 2019 1286 2048 uno
1333 2001 1412 2048 die
1460 1997 1762 2065 principium
1795 2012 1940 2043 suum

111 2070 378 2120 antevertit
412 2070 469 2117 in
506 2088 636 2118 anno
675 2070 886 2119 Iuliano.
961 2071 1098 2119 Mille
1124 2072 1324 2119 tandem
1363 2088 1473 2117 cum
1508 2068 1761 2131 sexaginta
1789 2083 1942 2129 supra

111 2141 498 2206 quadringentos
522 2142 700 2207 elapsis
727 2142 870 2188 annis
900 2141 963 2189 ad
995 2159 1101 2189 eam
1127 2142 1245 2189 anni
1273 2141 1451 2188 Iuliani
1477 2139 1643 2187 sedem
1671 2138 1806 2185 unde
1835 2137 1941 2183 dis-

113 2219 324 2259 cesserat
353 2213 660 2271 regreditur:
699 2220 874 2275 quater
902 2211 1086 2277 quippe
1117 2214 1238 2266 365.
1267 2212 1490 2259 reddunt
1520 2225 1759 2257 summam
1789 2207 1943 2259 1460.

112 2284 185 2333 Ea
223 2281 483 2346 quinquies
531 2300 585 2328 ac
622 2282 828 2346 vigesies
873 2283 1236 2347 multiplicata,
1272 2284 1463 2334 36500.
1507 2295 1753 2326 annorum
1790 2277 1945 2323 colli-

115 2353 250 2417 gitur
303 2352 558 2414 pe1·iodUS‚
609 2370 703 2415 qua
751 2352 985 2416 syderum
1027 2360 1074 2399 et
1120 2353 1371 2400 caelorum
1420 2351 1483 2398 ad
1533 2349 1723 2415 primos
1771 2364 1942 2397 carce-

114 2441 192 2473 res
225 2422 465 2482 reditum,
513 2439 574 2470 ac
610 2422 763 2470 totius
809 2422 1029 2470 universi
1076 2422 1452 2471 renovationem
1499 2419 1791 2487 praedicant
1831 2419 1943 2468 Ae-

116 2493 292 2560 gyptii.

255 2573 338 2628 Ἐν
371 2582 474 2636 τοῖς
498 2580 721 2637 Γενικοΐς
740 2574 968 2643 Ἑρμοῦ]
1008 2577 1282 2625 Mercurius
1308 2575 1349 2624 is
1384 2583 1485 2639 est,
1524 2576 1607 2641 qui
1630 2576 1780 2640 vulgo
1809 2587 1943 2637 τρισ-

120 2648 344 2717 μὲγιστος
376 2648 540 2696 audit:
582 2648 642 2696 de
679 2649 820 2695 cuius
858 2648 1060 2712 scriptis
1101 2647 1342 2695 Eusebius
1380 2647 1441 2695 de
1491 2648 1718 2712 Praepar.
1755 2646 1942 2707 Evang.

117 2721 204 2770 lib.
236 2724 282 2773 1.
325 2737 434 2782 cap.
465 2723 514 2772 9.
559 2726 608 2766 et
634 2719 718 2770 lib.
755 2725 804 2772 2.
834 2735 938 2783 cap.
980 2722 1025 2771 1.
1061 2726 1108 2766 et
1141 2718 1194 2765 in
1225 2718 1523 2766 contrariam
1550 2718 1795 2765 inclinans
1825 2731 1942 2763 sen-

117 2790 323 2838 tentiam
360 2789 706 2837 Genebrardus
746 2790 807 2836 ad
850 2806 1036 2853 annum
1071 2789 1248 2836 mundi
1283 2791 1436 2842 3830.
1519 2787 1752 2837 Mercurii
1791 2802 1942 2851 opera

118 2859 434 2923 Astrologica
481 2859 761 2908 Ioachimus
820 2859 1125 2907 Camerarius
1179 2859 1366 2907 dicitur
1410 2859 1768 2925 interpretatus
1811 2855 1944 2922 apud

125 2933 411 2979 Gesnerum.
495 2931 802 2979 Poemander
838 2931 943 2978 eius
982 2931 1170 2978 Gallice
1212 2930 1531 2993 loquentibus
1564 2928 1819 2978 familiaris
1857 2933 1943 2974 est.

122 3000 674 3062 Iatbromatbematica,
711 3009 758 3048 et
796 3002 1165 3065 Centiloquium
1201 3001 1299 3048 iam
1340 3000 1457 3048 olim
1487 3001 1590 3048 eius
1626 3000 1827 3048 nomine
1870 2996 1943 3057 (si

125 3078 288 3118 tamen
312 3089 414 3119 non
444 3070 761 3137 ementitum)
791 3073 920 3120 edita
945 3089 1182 3120 summam
1205 3071 1306 3118 eius
1340 3071 1392 3117 in
1427 3071 1748 3135 Astrologicis
1780 3066 1943 3116 erudi-

126 3141 311 3188 tionem
341 3142 693 3190 demonstrant.
764 3142 866 3190 Sed
888 3152 932 3190 et
966 3143 1261 3191 Astronomi
1285 3140 1588 3206 disciplinae
1609 3160 1732 3189 suae
1767 3139 1945 3185 (lacem

119 3210 425 3276 praedicant
447 3214 759 3260 Hermetem.-
797 3214 997 3278 scripsit
1026 3214 1338 3261 Casaubonus
1362 3213 1413 3260 in
1439 3213 1655 3260 Exercit.
1684 3212 1742 3258 de
1769 3208 1945 3255 iisdem

129 3289 341 3330 testatur
369 3282 589 3330 Clemens
615 3283 980 3332 Alexandrinus
999 3284 1125 3332 libro
1151 3289 1198 3337 6.
1228 3286 1455 3331 Stromat.
1505 3284 1622 3331 Eam
1652 3282 1713 3328 ob
1735 3295 1836 3327 rem
1858 3281 1947 3328 Γε-

129 3349 246 3402 νικοὲ
280 3352 339 3398 ab
377 3369 432 3398 eo
468 3353 651 3417 scripta
685 3371 826 3416 reor,
861 3355 945 3402 vel
960 3355 1216 3419 generale-s
1261 3354 1566 3417 Astrologiae
1602 3351 1826 3414 regulae,
1863 3349 1946 3397 vel

125 3422 486 3471 θεηειΙιῖίαοοε
522 3432 802 3485 ἐν’,ιιοίαἰιιε
840 3424 1099 3473 hominum
1141 3444 1309 3491 γενικα
1356 3424 1461 3471 sive
1494 3418 1688 3499 γενεάς,
1738 3427 1942 3468 eventus

133 3493 369 3542 nimirum
400 3510 456 3540 ac
483 3501 638 3543 sortes
667 3510 854 3561 eorum·
864 3495 1112 3544 natalibus
1135 3512 1195 3544 ex
1226 3502 1474 3543 astrorum
1503 3491 1692 3541 virtute
1720 3489 1941 3554 alligatas
