2222 3938
357 174 485 239 426
974 182 1554 244 EMENDATIONES

416 320 426 328 ⁹
500 311 630 366 Οὔτε
670 310 795 367 κατὰ
830 310 921 365 τόν
952 307 1260 381 Ἀφρικανόν
1295 335 1382 381 μοι
1413 315 1582 382 δοκεῖ]
1620 315 1731 366 Alia
1766 319 2062 369 numerandi
2094 321 2178 371 via

354 385 480 434 mihi
515 402 653 434 mens
689 383 927 433 Authoris
965 385 1147 434 certius
1184 386 1447 450 colligitur.
1518 389 1676 436 Duxit
1700 389 1838 437 Liam
1861 391 2010 439 Iacob
2047 409 2177 441 anno

354 457 486 504 vitae
511 460 595 509 80.
621 456 822 505 ineunte
837 493 851 517 ‚
890 471 952 503 ex
971 472 1134 521 nuper
1157 456 1331 520 dictis,
1369 466 1418 506 et
1439 475 1502 506 ex
1528 475 1583 507 ea
1606 460 1911 508 continuatis
1934 462 2176 527 partubus

352 527 447 574 sub
479 526 622 574 initio
653 526 872 590 coniugii
895 534 1108 591 quatuor
1138 527 1322 576 liberos
1354 529 1596 595 suscepit,
1630 531 1829 594 Ruben,
1867 533 2176 596 Symeonem,

350 597 498 660 Levi,
547 604 596 644 et
619 596 822 645 Iudam:
869 600 1177 662 cessavitque
1204 616 1399 663 parere.
1489 601 1662 650 Genea.
1686 607 1770 656 29.
1794 618 1843 654 V.
1875 603 1967 654 ult.
1998 603 2178 669 Ioseph

348 685 469 716 vero
498 667 700 715 nonnisi
725 667 957 716 undecim
987 669 1173 716 exactis
1206 670 1350 718 annis
1376 670 1509 720 venit
1535 671 1590 719 in
1623 673 1811 736 lucem3
1856 681 1970 738 post
2003 682 2178 723 natum

348 739 516 801 itaque
550 738 671 787 Levi
707 755 914 802 novem,
948 740 1030 788 vel
1056 740 1119 788 ad
1151 740 1314 789 minus
1349 741 1491 790 annis
1527 749 1657 795 octo.
1726 744 1787 791 In
1817 743 2052 792 Authoris
2080 745 2177 792 cal-

349 809 474 856 culis
513 807 641 856 alius
676 825 892 857 errorem
931 810 1295 874 manifestabit,
1349 828 1413 860 ex
1451 814 1668 862 secunda
1712 821 1827 863 ante
1866 822 2178 880 praesentem

343 887 489 927 nota:
526 878 653 926 mihi
676 888 890 928 mentem
919 880 1021 928 eius
1048 881 1242 945 aperire
1269 882 1335 930 sit
1356 883 1495 936 satis.

483 942 607 1000 'And
622 943 778 1015 Ἀδοὶμ
803 950 1011 1016 τοίνυν.]
1049 953 1117 999 Ut
1137 952 1285 1016 Levi,
1319 953 1390 1001 ita
1416 962 1464 1002 et
1486 953 1663 1019 Ioseph
1685 953 1745 1002 ab
1766 952 1954 1003 Adamo
1980 954 2177 1004 soboles

284 1084 285 1087 Ἴ
343 1019 430 1074 24.
472 1028 787 1068 numeratur:
841 1022 928 1086 qui
967 1023 1029 1069 ob
1067 1023 1251 1071 Cainan
1293 1024 1352 1071 ab
1397 1024 1634 1073 Africano
1671 1025 2031 1090 praeteritum‚‘
2076 1025 2178 1091 ipsi

343 1089 492 1137 tertia
521 1108 672 1155 supra
710 1097 794 1146 20.
828 1099 1128 1145 recensetur.
1198 1094 1418 1145 Observa
1453 1095 1717 1163 γέννησιν,
1766 1094 1906 1145 haud
1943 1093 2177 1163 τελευτήν

342 1159 429 1209 hic
449 1161 728 1224 legendum.

483 1227 820 1299 Διαμαρτᾶνει
839 1235 1116 1299 προφανῶς
1142 1233 1224 1298 ἔτη
1247 1228 1347 1301 ρι’.]
1384 1236 1595 1299 Propter
1621 1234 1860 1283 omissum
1891 1235 2077 1283 Cainan
2103 1235 2179 1284 iu-

343 1301 560 1364 niorem,
599 1303 661 1350 de
699 1320 799 1367 quo
835 1321 984 1368 supra
1009 1321 1112 1351 non
1148 1321 1278 1355 raro.
1351 1306 1568 1367 Scaliger
1592 1305 1706 1352 Not.
1730 1321 1840 1368 pag.
1863 1308 1945 1358 23.
1973 1313 2022 1353 et
2057 1305 2177 1360 253.

341 1372 499 1420 Porro
534 1373 828 1420 Africanum
867 1391 894 1420 a
932 1373 1143 1437 Georgio
1170 1374 1328 1438 probe
1367 1375 1680 1422 confutatum
1711 1374 1930 1422 admittit
1960 1375 2179 1439 Scaliger

343 1444 507 1508 pagin.
532 1442 796 1492 Animadv.
822 1444 945 1497 253.

493 1517 574 1582 Τῷ
597 1507 684 1581 17γῖ
709 1514 805 1565 ἔτει
823 1518 918 1564 τοῦ
933 1507 1149 1580 Ἰακώβ]
1185 1512 1332 1562 Iacob
1358 1516 1442 1567 73.
1466 1513 1600 1564 vitae
1618 1531 1750 1563 anno
1773 1513 2176 1580 Mesopotamiam

341 1583 616 1647 ingressum
667 1585 896 1650 superius
946 1593 1190 1637 assertum
1224 1592 1319 1633 est:
1370 1584 1550 1648 viginti
1582 1601 1700 1635 vero
1744 1585 1884 1633 annis
1923 1585 2021 1634 fuit
2060 1602 2173 1634 cum

342 1653 512 1702 Laban
537 1656 658 1702 Gen.
683 1659 770 1709 31.
791 1673 844 1719 v.
865 1659 953 1709 38.
981 1656 1084 1704 eius
1108 1655 1277 1720 itaque
1307 1655 1511 1704 domum
1535 1658 1621 1709 93.
1647 1656 1879 1704 deseruit.

484 1726 600 1789 Pag.
635 1730 751 1779 107.
789 1726 887 1785 Εἰς
910 1722 994 1777 τὸν
1018 1721 1369 1792 ἱππόδρομον]
1397 1724 1616 1790 Ephrata
1639 1726 1695 1774 in
1715 1731 1814 1791 qua
1824 1725 2010 1774 Rachel
2033 1744 2174 1776 mor-

340 1802 430 1842 tua
455 1796 779 1861 Septuaginta
802 1796 1207 1861 Hippodromum
1231 1804 1345 1845 sunt
1370 1795 1699 1862 interpretati.
1758 1796 2093 1862 Hieronymus
2116 1798 2172 1846 in

344 1865 546 1924 Quaest.
592 1866 744 1916 Hebr.
775 1867 830 1913 in
871 1868 1113 1915 Geneseos
1139 1866 1261 1915 haec
1286 1866 1451 1917 verba.
1524 1868 1589 1916 Et
1619 1868 1808 1916 factum
1836 1874 1910 1915 est
1936 1885 2051 1916 cum
2084 1885 2172 1932 ap..

340 1937 707 2002 propinquaret
735 1937 1014 1986 Chabratha
1037 1938 1088 1985 in
1118 1945 1250 1986 terra
1279 1937 1510 1986 chanaan
1545 1945 1640 1989 etc.
1708 1938 1954 1999 Verbum,
1989 1938 2170 2002 inquit,

341 2007 654 2054 Hebraicum
677 2019 807 2058 05:²2>
827 2011 882 2056 in
907 2009 1317 2074 consequentibus
1340 2008 1427 2056 abi
1451 2009 1599 2056 Iacob
1619 2009 1847 2073 loquitar
1871 2007 1947 2056 ad
1968 2008 2170 2074 Ioseph:

341 2079 456 2142 Ego
493 2088 660 2126 autem
697 2097 813 2126 cum
839 2082 1059 2128 venirem
1098 2078 1158 2127 de
1195 2081 1561 2143 Mesopotamia
1599 2081 1801 2142 Syriae,
1854 2088 2058 2128 mortua
2100 2088 2174 2127 est

342 2157 500 2196 mater
534 2159 627 2196 tua
656 2150 866 2198 'Rachel
900 2153 954 2197 in
986 2159 1123 2197 terra
1167 2151 1440 2211 Clzanaan,
1481 2152 1537 2197 in
1572 2152 1662 2198 via
1695 2148 2064 2214 Hc'ppodromi,
2112 2159 2171 2198 ut

340 2221 558 2266 venirem
589 2221 856 2285 Eplzrata:
901 2223 1064 2270 nescio
1105 2219 1235 2286 quid
1268 2221 1482 2270 volentes
1514 2218 1923 2284 Hippodromum
1952 2222 2172 2284 Septua-

337 2291 491 2355 ginta
533 2291 828 2356 Intetpretes
863 2293 1258 2340 transtulerunt:
1296 2301 1341 2338 et
1375 2293 1552 2338 statim
1591 2291 1689 2351 ibi,
1727 2291 1818 2338 ubi
1852 2293 1908 2339 in
1937 2291 2168 2339 Hebraeo

340 2359 559 2423 dicitur.-
604 2364 677 2410 Et
710 2363 1007 2427 sepelierunt
1043 2363 1192 2410 illam
1231 2365 1287 2410 in
1319 2365 1411 2410 via
1444 2361 1709 2426 Ephrata‚
1753 2361 1878 2410 lzaec
1905 2371 1978 2408 est
2003 2361 2170 2410 Beth-

340 2431 528 2478 lelzem:
568 2450 778 2480 rursum
809 2436 1145 2499 Septuaginta
1169 2451 1268 2498 pro
1295 2433 1533 2498 Eplzrata
1560 2440 1842 2497 posuerunt
1869 2431 2172 2497 Iiippodro-

340 2519 514 2548 mum:
564 2521 680 2550 cam
716 2506 891 2568 utique
930 2507 978 2550 si
1020 2504 1313 2553 Clzabratlza
1345 2501 1732 2568 Hippodromus
1771 2511 1843 2551 est
1860 2540 1875 2566 ‚
1926 2503 2164 2567 Ephrata

340 2571 730 2636 Hippodromus
771 2593 872 2623 esse
906 2593 1008 2623 non
1039 2576 1219 2641 possit.
1300 2573 1542 2624 Authoris
1577 2574 1728 2623 verba
1756 2575 1910 2623 refert
1951 2573 2167 2638 Scaliger

341 2645 506 2708 pagin.
536 2645 654 2697 253.

487 2710 600 2778 Τήν
630 2712 848 2766 παλαιάν
881 2717 1071 2783 λαῦραν
1114 2718 1205 2765 τοῦ
1236 2712 1378 2766 ὁσίου
1417 2711 1743 2780 Χαρίτωνος.]
1788 2713 1859 2761 De
1897 2711 2166 2763 Charitone

341 2782 752 2833 Monasteriorum
783 2794 830 2833 et
865 2786 1138 2834 Laurarum
1172 2785 1429 2833 conditore
1463 2783 1606 2832 Pauli
1638 2783 1882 2832 Eremitae
1921 2783 2164 2850 discipulo

339 2853 599 2902 Menaeum
645 2857 943 2921 Septembris
982 2861 1067 2911 28.
1125 2857 1284 2904 Laura
1325 2854 1699 2903 coenobitarum
1745 2860 1795 2901 et
1834 2854 2164 2904 Eremitarum

340 2925 496 2972 maius
520 2925 872 2975 Monasterium
902 2935 974 2975 est
1001 2924 1117 2976 ὤσεὶ
1153 2930 1368 2992 λαῦρον,
1407 2925 1541 2989 apud
1567 2925 1805 2972 Graecos:
1853 2925 2021 2989 quales
2055 2926 2161 2973 fre-

342 2995 606 3060 quentibus
637 2997 894 3046 Monachis
921 2998 1082 3044 cultae
1109 3004 1307 3043 nostrae
1333 2995 1623 3042 celebriores
1647 2994 1880 3042 Abbatiae
1901 2995 1956 3042 in
1984 2995 2161 3044 solitu-

341 3066 538 3114 dinibus
573 3075 847 3115 extructae.
918 3069 994 3115 Ita
1029 3067 1245 3132 primum
1286 3064 1587 3112 Palaestinae
1621 3065 1916 3113 Monasteria
1953 3082 2157 3114 nuncu-

183 3144 235 3189 v.
258 3142 317 3191 34
343 3144 461 3203 pata
492 3136 665 3185 audio:
716 3138 894 3187 exinde
924 3135 1106 3186 nomen
1147 3135 1210 3183 ad
1247 3134 1342 3182 alia
1378 3135 1687 3185 translatum.
1767 3136 1839 3185 De
1878 3135 2158 3186 charitonis

339 3211 496 3256 Laura
527 3215 576 3256 et
603 3208 858 3256 Monachis
902 3225 1005 3256 eam
1037 3206 1368 3255 incolentibus
1402 3206 1466 3254 ad
1499 3205 1747 3255 Historiae
1784 3207 1967 3256 calcem
1995 3206 2158 3256 Theo·

340 3279 526 3346 phanes
542 3316 558 3341 ,
594 3277 680 3326 ubi
706 3280 766 3327 de
795 3272 961 3326 Lauris
986 3278 1172 3326 fusiora
1198 3276 1412 3327 Scholia.

474 3349 917 3402 Ἑπτακαιδέκατον
952 3349 1059 3408 ἔτος
1093 3345 1265 3414 ἄγων]
1312 3346 1552 3395 Eusebius
1589 3347 1794 3395 Latinus
1828 3346 2155 3395 sextumdeci-

340 3437 478 3469 mum
519 3429 729 3470 testatur
761 3428 882 3469 tunc
926 3419 1088 3483 egisse.
1174 3417 1429 3484 Scriptura
1468 3417 1530 3465 de
1574 3418 1677 3465 eius
1721 3418 1927 3466 somniis
1958 3424 2008 3465 et
2040 3433 2151 3480 erga

340 3492 484 3539 illum
506 3494 661 3558 patris
684 3490 1026 3542 benevolentia
1047 3506 1320 3546 sermonem
1351 3488 1615 3538 instituens
1644 3489 1767 3539 Gen.
1793 3492 1878 3543 37.
1905 3486 2152 3537 sexdecim
