2222 3938
648 177 748 231 ET
784 174 1377 234 ANNOTATIONES.
1803 166 1930 227 463

171 314 254 365 11.
288 306 470 358 Abdon
496 325 604 375 cap.
631 311 714 363 12.
738 325 788 358 v.
817 307 899 362 14.
1882 312 1932 362 8.

172 386 255 435 12.
274 381 535 446 'Sampson
563 394 673 444 cap.
705 384 787 433 16.
822 396 873 429 v.
899 381 989 433 31.
1845 384 1933 435 20.

372 452 649 500 Servitutes
672 467 773 499 sex.

170 525 218 575 1.
254 521 383 569 Ante
410 521 723 570 Othonielem
753 520 978 569 Indicum
1004 522 1055 574 3.
1092 536 1143 570 v.
1167 524 1216 575 9.
1255 519 1456 571 duravit
1477 538 1632 571 annos
1880 521 1931 573 8.

119 609 125 615 ’
169 598 219 646 2.
256 592 395 640 Inter
422 592 739 640 othonielem
769 600 817 639 et
841 591 953 639 Aod
983 591 1092 643 Iud.
1119 596 1168 645 3.
1198 609 1243 644 v.
1275 592 1356 645 14.
1845 594 1930 643 18.

168 664 219 714 3.
255 662 392 711 Inter
413 662 523 711 Aod
549 671 597 710 et
623 663 777 710 Barac
801 662 908 711 Iud.
935 662 987 715 4.
1019 679 1066 710 v.
1090 665 1140 715 3.
1842 666 1931 715 20.

169 737 220 785 4.
258 733 392 782 Inter
413 735 570 782 Barac
596 740 645 780 et
670 734 949 780 Gedeonem
975 732 1078 781 Iud.
1108 737 1157 785 6.
1184 749 1234 779 v.
1267 736 1315 786 1.
1874 736 1929 785 7.

173 804 220 856 5.
256 804 391 852 Inter
413 805 514 852 Iair
544 811 592 851 et
617 803 823 869 Iephthe
854 804 960 851 Iud.
995 807 1076 856 10.
1113 819 1161 850 v.
1188 805 1237 855 8.
1756 798 1761 807 ’
1843 804 1929 854 18.

171 878 220 928 6.
257 874 392 923 Inter
416 875 670 922 Abdonem
697 882 746 922 et
771 877 1054 922 Samsonem
1083 873 1191 920 Iud.
1219 871 1301 925 15.
1327 888 1377 920 v.
1405 875 1451 924 1.
1843 873 1930 925 40.

241 946 443 995 Summa
487 945 720 994 Iudicum
772 953 820 994 et
877 944 1184 993 Servitutum
1244 942 1625 990 coniunctarum
1685 958 1932 991 annorum

97 1022 177 1066 est
205 1014 327 1069 410.

163 1125 166 1130 .
241 1086 332 1134 Hi's
358 1085 554 1135 Author
579 1085 798 1135 adnectit
825 1080 1063 1151 ἀναρχίας
1087 1093 1136 1133 et
1158 1076 1361 1150 εἰρήνης
1384 1100 1540 1130 annos
1561 1082 1649 1136 40.
1677 1083 1765 1147 qui
1789 1086 1933 1149 prio-

94 1157 238 1206 ribus
271 1157 487 1222 appositi
522 1157 798 1205 conficiunt
823 1174 1063 1205 summam
1091 1156 1317 1204 Iudicum
1344 1163 1566 1220 tempore
1602 1154 1661 1202 ab
1687 1154 1932 1236 Apostolo

96 1229 212 1277 Act.
250 1231 331 1281 13.
375 1244 420 1278 v.
448 1231 529 1281 18.
556 1228 854 1291 assignatam
883 1244 1039 1275 annos
1066 1226 1303 1274 nimirum
1324 1225 1443 1279 450.
1482 1225 1754 1290 iisdemque
1781 1226 1933 1292 prio-

96 1316 176 1348 res
214 1305 264 1346 et
286 1299 582 1386 posteriores
612 1298 732 1346 alias
758 1299 902 1346 nullo
933 1291 1129 1360 negotio
1151 1313 1414 1376 possumus
1439 1296 1779 1349 adnumerare.

250 1365 321 1418 Τοὶ
347 1365 470 1419 κατὰ
491 1363 838 1433 Ἀφρικανόν]
877 1369 956 1416 Ad
986 1368 1100 1416 Heli
1127 1367 1344 1432 primum
1375 1384 1561 1414 annum
1582 1376 1810 1416 numerat
1832 1367 1932 1417 Au-

95 1438 215 1489 thor
238 1440 532 1487 emendatus
562 1440 716 1493 4352.
742 1456 926 1501 annos,
964 1439 1229 1486 Africanus
1255 1437 1411 1491 4292.
1471 1437 1548 1485 Ob
1581 1437 1788 1486 omissos
1815 1439 1935 1486 Cai-

96 1528 198 1559 11311
226 1510 440 1559 iunioris
463 1527 617 1557 annos
634 1547 647 1572 ,
683 1510 849 1557 minor
876 1517 951 1557 est
976 1508 1203 1556 Africani
1228 1525 1480 1557 numerus.
1552 1507 1632 1556 Ad
1658 1508 1815 1562 4292.
1841 1510 1935 1556 ita-

97 1598 194 1646 que
218 1581 413 1630 debitos
436 1581 621 1629 Cainan
651 1584 766 1635 130.
790 1597 945 1629 annos
974 1579 1131 1627 adiice
1147 1617 1160 1641 ,
1198 1578 1286 1627 fiet
1311 1596 1504 1626 summa
1530 1578 1683 1632 4422.
1724 1579 1931 1629 alteram

100 1652 302 1716 Georgii
329 1657 414 1706 70.
442 1652 683 1700 excedens
713 1651 872 1700 annis,
929 1651 999 1698 Ut
1021 1649 1242 1714 aequalis
1264 1649 1379 1712 fiat,
1418 1648 1621 1697 detrahe
1648 1654 1732 1703 20.
1759 1667 1931 1713 annoS,

98 1740 225 1788 quos
252 1740 404 1789 supra
432 1723 586 1777 2242.
616 1722 795 1770 diluvii
820 1721 1058 1769 videlicet
1079 1728 1304 1786 tempus,
1342 1719 1636 1768 numerabat
1668 1720 1937 1769 Africanus

99 1811 164 1843 ex
198 1810 312 1859 pag.
340 1796 427 1847 83.
459 1794 515 1844 C.
559 1800 608 1841 et
649 1793 796 1841 aliis:
834 1792 975 1840 deme
998 1807 1183 1853 rursus!
1204 1791 1464 1838 duodecim
1489 1807 1642 1838 annos
1672 1791 1937 1840 Seniorum

95 1866 443 1931 praefecturae
469 1881 618 1930 supra
643 1866 725 1917 18.
748 1882 775 1911 a
802 1862 1014 1927 Georgio
1042 1878 1325 1923 concessos,
1364 1861 1486 1909 alios
1513 1878 1689 1911 rursus
1713 1862 1935 1926 triginta,

97 1935 502 1985 PaciS-Africano
527 1935 720 1998 dictos,
759 1951 909 1998 supra
938 1934 1022 1987 40.
1058 1932 1335 1996 Interregni
1357 1933 1495 1995 tolle,
1535 1949 1594 1980 ac
1616 1932 1815 1981 demum
1845 1935 1938 1980 Sa-

97 2023 265 2070 megar
290 2006 583 2068 attributos,
622 2013 681 2054 ut
707 2005 961 2071 suspicor,
998 2011 1112 2052 octo
1142 2021 1326 2051 11111108.
1315 2023 1327 2033 ·
1366 2003 1429 2051 ad
1454 2003 1778 2052 concordiam
1800 2011 1940 2052 uter-

100 2094 196 2143 que
230 2077 375 2124 facile
407 2077 739 2127 revocabitur.
812 2078 1044 2139 Samegar
1072 2092 1227 2141 Ρο11ο
1258 2074 1467 2139 pioprio
1504 2073 1597 2122 sibi
1627 2081 1851 2140 tempore
1888 2081 1939 2121 et

100 2165 129 2195 a
155 2147 355 2210 reliquis
377 2155 604 2212 separato
630 2147 873 2212 Rempub.
898 2145 1296 2206 administrasse,
1333 2152 1455 2192 teste
1480 2143 1731 2206 Authore‚
1764 2145 1939 2210 posuit

98 2217 184 2266 hic
221 2216 504 2266 Africanus.
556 2216 589 2268 ὅ
621 2215 676 2268 δὲ
709 2213 1008 2302 Ἀφρικανός
1040 2212 1128 2267 τὸν
1162 2210 1387 2298 Σεμεγάρ
1415 2213 1544 2281 λέγει
1567 2218 1811 2281 κρατῆσαι.
1845 2211 1936 2266 τὰν

94 2282 300 2355 Ἰσραήλ,
336 2291 428 2353 τῆς
454 2290 657 2355 γραφῆς
684 2282 778 2338 οὐκ
804 2281 1043 2352 εἰπούσης
1070 2304 1161 2337 τον
1189 2279 1385 2352 χρόνον.
1424 2285 1720 2348 Quanquam
1754 2285 1936 2333 dubius

99 2359 196 2407 sim
218 2375 376 2406 unum
400 2376 588 2406 annum
623 2359 871 2418 duntaxat
897 2356 957 2404 ab
985 2356 1219 2405 Africano
1253 2356 1481 2418 Samegar
1515 2355 1834 2404 attributum.
1873 2355 1936 2404 de

102 2429 222 2476 anni
248 2429 431 2478 etenim
457 2429 607 2477 unius
635 2445 836 2477 excessu
860 2427 1100 2492 loquutus
1125 2426 1209 2474 hic
1233 2424 1430 2473 Author
1453 2421 1668 2474 subdit'
1642 2445 1760 2493 οπερ
1783 2423 1934 2493 (ἔτος)

97 2494 400 2566 Ἀφρικανὸς
423 2496 508 2551 τὸν
541 2495 774 2567 Σαμεγοῖρ
809 2496 939 2565 λέγει
962 2500 1206 2565 κρατῆσαι
1231 2492 1315 2547 τὸν
1334 2491 1544 2562 Ἰσραήλ.
1615 2498 1780 2545 Textu
1813 2514 1934 2546 cor-

101 2579 283 2637 rupto,
321 2588 398 2619 res
422 2570 546 2619 mihi
572 2577 738 2619 manet
761 2570 966 2620 incerta.
1018 2567 1276 2618 Videndus
1305 2565 1500 2616 Author
1531 2584 1641 2633 pag.
1669 2567 1784 2622 154.
1817 2568 1869 2616 C.

245 2638 390 2693 Κατοῖ
424 2636 535 2694 τόδε
570 2661 624 2693 το
662 2634 1032 2709 χρονογράφιον
1073 2634 1234 2709 δτνβᾎ
1241 2637 1265 2702 ]
1316 2638 1390 2685 Ita
1417 2639 1701 2686 emendatae
1733 2645 1936 2687 nostrae

101 2711 326 2770 tabulae,
363 2712 489 2761 aliae
522 2711 677 2766 4350.
725 2711 1067 2759 demonstrant
1099 2727 1162 2758 ex
1196 2707 1445 2771 Authore,
1483 2708 1578 2757 hac
1610 2709 1779 2758 eadem
1818 2725 1933 2774 pag.

101 2783 319 2832 literaB.
344 2784 430 2848 qui
456 2779 694 2850 ἀναρχίας
725 2782 936 2848 spatium
971 2782 1124 2861 4310.
1154 2778 1358 2828 inchoat
1391 2796 1502 2845 pag.
1533 2781 1653 2834 174.
1685 2780 1745 2831 Β.
1776 2781 1933 2828 adeo-

103 2870 202 2919 que
222 2853 372 2902 finem
396 2854 550 2908 4349.
575 2861 624 2902 et
645 2853 759 2901 Heli
786 2851 1091 2918 principium
1115 2851 1270 2904 4350.
1297 2851 1486 2898 statuit.
1521 2851 1744 2899 Duorum
1771 2868 1935 2899 anno-

101 2941 216 2972 rum
245 2924 518 2989 deliquium
544 2942 607 2972 ex
629 2924 729 2973 Iair
754 2923 964 2989 imperio
995 2922 1111 2971 solis
1136 2927 1222 2976 20.
1248 2921 1391 2969 annis
1418 2921 1804 2989 circumscripto
1828 2922 1935 2971 ori-

103 3001 213 3043 tur:
251 2995 313 3042 (16
343 3012 440 3059 quo
465 3003 584 3043 nota
613 2995 901 3060 penultima.

248 3065 357 3127 Pag·
396 3071 511 3119 177.
550 3061 786 3127 Σιλούιος
818 3061 1060 3128 Αἰνείου.]
1111 3061 1355 3112 Eusebius
1384 3062 1450 3111 ad
1491 3079 1678 3112 annum
1710 3061 1936 3112 Abrahae

105 3138 226 3189 870.
262 3136 524 3182 Ascanius
560 3138 754 3185 Iulium
774 3137 952 3201 fllium
982 3136 1299 3200 procreavit:
1337 3151 1373 3182 a
1401 3151 1499 3200 quo
1525 3136 1744 3198 familia
1772 3133 1935 3181 [alio-

107 3223 226 3253 rum
262 3215 390 3256 orta.
465 3208 536 3253 Ec
569 3217 778 3272 propter
816 3215 1030 3254 aetatem>
1051 3206 1299 3271 parvuli,
1339 3208 1466 3271 quia
1501 3205 1711 3254 necdum
1738 3203 1935 3252 civibus
1963 3209 2015 3256 P.
2037 3208 2090 3257 51

106 3274 337 3341 regendis
360 3274 569 3325 idoneus
594 3287 727 3342 erat,
765 3279 994 3342 Sylvizcm
1018 3276 1357 3324 Postlzamam
1367 3278 1595 3340 fratrem
1615 3291 1765 3322 suum
1790 3275 1935 3338 regni

108 3347 321 3411 reliquit
339 3346 613 3397 haeredem.
662 3349 725 3398 Et
758 3349 910 3398 infla.
959 3349 1166 3415 Sylvius·
1184 3347 1495 3396 Poe-thamus
1522 3348 1644 3410 quia
1658 3353 1779 3409 post
1802 3362 1934 3392 mor.

110 3427 210 3465 tem
228 3419 405 3483 patria
432 3417 622 3481 editus,
657 3438 769 3467 run
763 3422 965 3483 'ficerat
985 3417 1252 3481 educatus,
1292 3427 1337 3466 et
1361 3418 1525 3476 Sylvii
1545 3414 1820 3463 Postlzzcmi
1843 3432 1930 3462 no·

111 3505 221 3536 men
245 3491 463 3555 accepit:
499 3506 534 3537 a
559 3507 660 3555 quo
685 3508 850 3553 omnes
872 3488 1198 3539 Αἰύαηοιιιιη
1230 3506 1368 3555 reges
1403 3489 1470 3552 S)
1474 3487 1568 3534 lm·
1598 3487 1767 3535 vocati
1793 3494 1927 3535 sunt.
