2222 3938
650 193 750 247 ET
787 192 1377 250 ANNOTATIONES.
1795 188 1920 248 339

97 333 261 373 mento
293 322 442 387 coeli,
477 332 535 372 ut
571 324 776 372 luceant
809 340 961 388 super
1000 332 1188 374 terram
1219 322 1296 374 ad
1321 324 1692 375 inchoationem
1723 323 1829 376 diei
1861 345 1923 376 ac

97 396 272 445 noctis.

238 450 575 533 Νυχθημέρῴ.
578 461 598 528 ]
638 462 880 527 Georgius
906 465 1271 551 Chrysococees
1287 467 1423 533 apud
1441 467 1678 517 Allatium
1703 467 1765 517 de
1783 467 1925 517 Men-

97 551 214 584 sura
235 542 389 598 temp
417 532 579 600 ημέρα
613 533 699 585 καὶ
728 533 846 598 νύξ,
882 533 998 600 η”τοι
1030 532 1353 604 νυχθήμερον
1378 535 1542 590 ἐκεῖνό
1572 538 1730 597 ἔστιν,
1764 559 1798 604 η
1814 543 1923 625 τῆς

94 606 318 689 σφαίρας
335 604 636 670 κινουμένης
659 600 761 656 οἷπο
785 625 874 656 του
899 602 1056 658 αὐτοῦ
1075 609 1282 698 σημείου
1307 609 1378 669 εἰς
1397 606 1454 661 vo*
1475 629 1597 661 αυτο
1623 605 1777 660 πάλιν
1796 604 1926 660 ἄπο-

94 671 392 734 κατάστασις
408 713 421 737 ,
458 672 485 727 ὃ
512 671 584 726 δι’
614 674 758 742 ωρῶν
779 681 1049 728 τελειοῦται
1084 679 1239 729 εἴκοσι
1266 675 1535 746 τεσσάρων.
1590 682 1720 728 Dies
1744 689 1791 727 et
1812 698 1924 742 nox,

95 748 205 796 sine
230 741 582 811 νυχθήμερον,
629 756 700 794 est
723 747 966 811 sphaerae
989 751 1232 796 moventis
1259 768 1294 795 α
1306 760 1499 813 puncto
1534 752 1592 798 in
1616 749 1749 798 idem
1777 769 1922 816 pun—
1952 755 2002 797 P.
2031 756 2061 798 3

97 826 235 865 ctum
261 817 535 879 revolutio,
575 816 718 882 quod
737 818 878 865 lzon‘s
900 819 974 883 fit
997 820 1186 883 viginti
1208 829 1448 884 quatuor.

239 901 351 964 Pag.
377 901 424 953 4.
465 902 647 952 Εἴκοσι
670 898 764 952 δύο
784 901 1073 970 Ἑβραϊκαῖς
1098 903 1328 968 βίβλοις.]
1369 905 1447 952 Ε11
1473 905 1633 954 tribus
1660 905 1927 970 sententiis,

98 987 308 1036 quarum
337 971 498 1036 prima
515 977 597 1026 27.
625 973 859 1036 secunda,
890 974 972 1026 24.
996 973 1189 1036 ultima,
1214 974 1396 1022 veteris
1423 975 1651 1024 Iudaicae
1685 977 1930 1026 Ecclesiae

98 1043 226 1090 duos
256 1059 405 1107 supra
437 1042 619 1105 viginti
659 1044 814 1091 libros
850 1051 1105 1106 numerat,
1141 1045 1311 1109 potior
1340 1044 1463 1093 haec
1495 1046 1697 1096 videtur
1720 1048 1927 1096 Nicolao

98 1112 320 1161 Serrario
349 1113 621 1176 Prolegom.
650 1114 986 1163 Bibliacorum
1015 1114 1177 1179 capite
1210 1122 1414 1179 octavo,
1466 1117 1750 1180 quaestione
1778 1135 1929 1180 nona,

98 1200 194 1249 qua
223 1191 432 1231 cunctos
453 1184 706 1247 sigillatim
729 1194 777 1232 et
803 1185 976 1233 ordine
999 1193 1253 1249 recenset,
1289 1203 1382 1234 nec
1405 1203 1511 1234 non
1536 1187 1710 1237 Sixtus
1738 1190 1931 1238 Senen-

97 1254 163 1302 sis
189 1262 358 1302 noster
380 1255 547 1302 statim
575 1255 666 1302 sub
690 1256 808 1303 libri
835 1255 986 1321 primi
1014 1255 1231 1307 initium.

237 1342 416 1409 Λεπτῇ
449 1337 649 1403 φέρεται
678 1338 900 1406 γενέσει]
939 1338 1298 1389 commentaria
1323 1339 1661 1390 Hebraeorum
1684 1340 1739 1389 in
1766 1341 1932 1391 Gene-

99 1410 190 1458 sim
223 1410 472 1475 duplicia3
509 1409 597 1456 illa
626 1411 852 1474 maioris,
889 1411 1012 1459 haec
1037 1410 1243 1460 minoris
1273 1411 1516 1460 Geneseos
1541 1429 1726 1460 nomen
1748 1414 1934 1474 ferunt,

98 1489 148 1529 et
174 1481 316 1529 iuxta
340 1481 543 1528 illorum
567 1480 752 1528 idioma
781 1495 942 1531 nun-r:
967 1493 1061 1533 ,πῖ-Π
1075 1520 1089 1546 ,
1129 1491 1178 1531 et
1207 1491 1331 1545 nmp
1358 1493 1547 1531 mxv-12:
1585 1491 1794 1548 utraque
1817 1501 1936 1550 apo-

102 1551 322 1618 crypha,
371 1551 497 1598 falso
536 1550 665 1599 Mosi
705 1552 946 1617 ascripta,
993 1554 1197 1600 somniis
1235 1560 1283 1599 et
1311 1552 1500 1600 deliriis
1532 1555 1789 1601 scatentia.
1863 1555 1935 1602 De

96 1621 176 1671 his
215 1621 510 1671 Possevinus
543 1621 695 1669 verbo
725 1624 938 1685 Moyses.
1008 1623 1155 1672 Liber
1189 1641 1218 1671 a
1256 1623 1469 1686 Georgio
1498 1623 1718 1672 Cedreno
1753 1624 1932 1672 citatus

100 1692 174 1759 (at
207 1709 311 1741 non
336 1691 432 1740 nisi
458 1708 484 1739 e
517 1692 728 1755 Georgio
764 1694 997 1757 Syncello
1024 1693 1186 1759 carpit
1215 1693 1406 1756 aliquid
1443 1691 1715 1762 Cedrenus)
1751 1694 1835 1742 cui
1858 1694 1934 1743 ti-

98 1765 238 1812 tulus
269 1770 342 1811 est
374 1758 526 1826 λεπτη
555 1761 770 1828 γένεσις,
811 1764 903 1811 sub
932 1764 1114 1828 Moysis
1143 1763 1345 1811 nomine
1380 1770 1452 1810 est
1476 1764 1837 1830 apocryphus,¹
1864 1765 1936 1813 ait

100 1835 269 1883 Sixtus
295 1819 523 1882 Senensis
558 1833 641 1884 lib.
668 1840 717 1888 2.
745 1834 887 1882 illum
926 1843 1097 1882 sancta
1123 1833 1411 1882 Tridentina
1443 1835 1674 1898 Synodus
1703 1835 1798 1883 sub
1831 1852 1940 1883 no·-

100 1905 234 1954 mine
253 1904 598 1952 Flosculorum
621 1905 811 1952 Bibliae
835 1905 1111 1953 damnavit:
1151 1904 1288 1969 quod
1307 1904 1424 1951 satis
1450 1905 1676 1954 indicant
1696 1907 1941 1955 narratio-

99 1992 188 2024 nes
224 1975 450 2039 aliquot,
489 1991 610 2039 quas
641 1975 773 2023 idem
811 1976 1058 2023 Cedrenus
1089 1993 1152 2023 ex
1188 1974 1287 2022 hoc
1319 1991 1468 2039 opere
1498 1976 1700 2024 videtur
1735 1976 1790 2024 in
1827 1993 1938 2024 suas

100 2045 337 2094 historias
375 2045 729 2094 transfudisse:
778 2047 850 2093 De
889 2046 1065 2094 iisdem
1083 2044 1413 2134 Epiphanius
1437 2045 1640 2094 Haexesi
1668 2049 1752 2100 39.
1791 2066 1860 2106 ως
1884 2043 1940 2097 δὲ

102 2117 159 2167 ἐν
200 2122 304 2174 τοῖς
325 2110 642 2200 Ἰωβηλαίοις
688 2114 993 2183 ευρίσκεται,
1042 2119 1106 2185 τῇ
1140 2115 1226 2166 καὶ
1266 2115 1603 2181 λεπτογενέσει
1624 2116 1938 2205 καλουμένῃ,

103 2185 192 2237 καὶ
230 2206 290 2235 τοι
315 2180 532 2250 ὀνόματα
557 2190 657 2235 τῶν
681 2206 937 2251 γυναικων
965 2190 1058 2236 τοῦ
1084 2205 1136 2236 τε
1166 2187 1301 2236 Καῖν
1327 2184 1412 2235 καὶ.
1439 2189 1530 2236 τοῦ
1556 2183 1678 2251 Σηθ
1700 2185 1739 2251 ἦ
1767 2188 1941 2252 βίβλος

103 2255 330 2324 περιέχει.
405 2258 601 2303 Extant
626 2258 678 2302 in
705 2257 975 2316 Ιιιῦίίαειζς,
1016 2259 1108 2319 qui
1140 2256 1266 2302 liber
1291 2273 1464 2318 parva
1498 2257 1703 2303 Genesis
1729 2255 1939 2319 dicitur,

105 2336 153 2374 et
177 2343 393 2373 uxorum
425 2326 578 2373 Caini
603 2325 842 2390 Setlzique
867 2328 1077 2372 nomina
1101 2343 1229 2389 opas
1258 2324 1398 2371 illud
1415 2335 1773 2389 repraesentat.

249 2397 359 2459 Pag.
382 2397 429 2449 5.
463 2400 565 2446 Τοῦ
587 2397 855 2462 λεγομένου
871 2397 986 2462 βίου
1008 2390 1194 2460 Ἀδάμ]
1212 2394 1290 2443 An
1311 2395 1395 2442 ille
1408 2396 1550 2459 liber,
1573 2395 1656 2461 qui
1670 2396 1940 2445 Poeniten-

44 2499 53 2502 -
105 2467 176 2515 tia
205 2466 376 2528 Adam,
410 2468 462 2514 in
498 2467 719 2530 catalogo
753 2466 951 2528 Gelasii,
976 2466 1059 2513 vel
1088 2465 1381 2529 Genealogia
1404 2465 1562 2514 Adam
1586 2467 1721 2532 apud
1742 2467 1942 2515 Sixtum

109 2539 401 2598 Senensem,
449 2544 498 2583 et
533 2537 856 2585 Possevinum
894 2537 951 2586 V.
989 2536 1177 2598 Adam,
1226 2536 1308 2584 vel
1341 2537 1478 2601 apud
1511 2537 1847 2624 Epiphanium
1879 2537 1942 2586 de

110 2607 358 2656 Sethianis
395 2607 728 2655 scribentem?
777 2608 984 2693 βίβλους
1018 2606 1073 2657 δέ
1098 2626 1236 2666 τινας
1270 2621 1639 2692 συγγραφοντες
1669 2608 1720 2670 ἐξ
1756 2603 1941 2674 ὄνόμα-

18 2728 23 2735 ,
107 2698 193 2738 τος
233 2673 462 2744 μεγαλων
493 2674 717 2744 ἀνδρῶν,
753 2678 805 2739 ἐξ
840 2674 1084 2743 ὀνόματος
1117 2675 1208 2742 μὲν
1237 2673 1361 2742 Σηθ
1392 2675 1514 2727 ἑπτα
1547 2677 1770 2745 λέγοντες
1811 2675 1940 2729 εἶναι

108 2750 328 2814 βίβλους.
401 2748 476 2795 At
499 2752 629 2796 enim
657 2757 812 2796 certos
840 2748 999 2796 libros
1023 2749 1423 2795 claris-simmam
1455 2749 1686 2796 virorum
1723 2751 1940 2796 nomim-

109 2819 204 2866 bas
229 2820 498 2882 inscriptos
520 2821 909 2882 circumferunt,
948 2836 1004 2866 ex
1029 2818 1218 2883 quibus·
1243 2820 1443 2866 omnino
1467 2828 1649 2884 septem
1675 2819 1823 2868 Setlzo
1850 2823 1942 2867 tri-

112 2888 304 2936 haunt.-
340 2888 475 2937 haud
497 2907 700 2954 magnae
725 2890 946 2938 iacturae
976 2897 1048 2938 est
1070 2888 1315 2954 ignorare.

236 2966 436 3032 ’Ἠτις
399 2993 467 3039 ην
490 2974 629 3040 τρίτη
651 2972 813 3054 ημέρα
836 2993 925 3039 της
946 2968 1172 3035 πλασεως
1187 2967 1382 3039 Ἀδαμ-]
1413 2969 1772 3040 Appellationis
1795 2973 1938 3035 serie,

112 3059 218 3091 non
247 3043 393 3109 spatii
419 3043 612 3092 dierum
638 3045 857 3092 omnium
883 3043 1071 3093 ordine.

254 3125 519 3195 Διαφορας
551 3126 830 3194 βασιλέων.]
879 3130 1156 3179 Βασιλειων
1176 3127 1387 3191 legerem
1423 3100 1699 3191 lubentius,
1736 3142 1940 3190 eamque

114 3212 291 3246 vocem
313 3198 491 3261 altera,
530 3195 750 3267 διαφορα
771 3198 1031 3262 nimirum,
1068 3198 1230 3264 aptius
1261 3198 1496 3247 afficeret.

259 3281 373 3344 Pag·
402 3285 451 3333 6.
484 3277 776 3347 Ἰσμαηλῖται
792 3277 1097 3348 διώκοντες]
1137 3283 1349 3344 Arabes,
1386 3280 1587 3347 imperii
1617 3278 1825 3327 Romani
1852 3294 1942 3356 per

118 3350 376 3399 Orientem
401 3350 749 3415 destructores,
784 3353 966 3418 impiae
989 3352 1346 3402 Mahumeticae
1376 3351 1647 3410 doctrinae,
1685 3356 1734 3396 et
1762 3349 1942 3396 noxiae

116 3422 375 3485 potestatis
409 3438 733 3474 successores.
803 3422 1043 3489 Iosephus
1064 3423 1149 3473 lib.
1177 3430 1224 3478 1.
1252 3422 1484 3472 Antioch.
1516 3437 1621 3483 cap.
1652 3421 1731 3471 13.
1767 3419 1942 3477 παῖδες

113 3486 353 3561 Ἰσμαήλῳ
387 3492 611 3559 γίνονται
631 3490 839 3546 δώδεκα.
916 3494 981 3544 Et
1011 3493 1167 3543 infra:
1207 3513 1348 3545 ουτοι
1380 3495 1550 3543 πᾶσαν
1582 3507 1674 3553 την
1708 3482 1777 3539 oin
1790 3483 1941 3538 'Eo'-
