2222 3938
164 117 186 136 Ι·

677 191 776 246 ΕΤ
812 191 1397 248 ANNOTATIONES.
1773 184 1898 243 447

87 318 302 368 tioribus
323 309 588 367 admiscere
613 320 866 384 probatur.
926 323 1197 370 Teutaeum
1222 322 1352 370 enim
1384 321 1446 371 ad
1469 339 1654 370 annum
1677 298 1901 373 Abrahae

89 390 210 444 843.
233 390 503 455 Crotopum
527 388 591 437 ad
624 390 837 439 eiusdem
860 392 978 446 511.
1002 393 1157 441 refert
1184 393 1420 441 Eusebius
1443 393 1496 440 in
1519 393 1784 441 Chronico.

237 492 348 538 Τῶν
371 487 422 550 ἐξ
439 482 590 552 Ἀδοῖμ
616 488 736 539 ἕτῶν
760 483 828 555 ἦν
850 486 1078 558 ,γῆπθ’.]
1116 490 1350 538 Mendum
1376 491 1430 538 in
1449 490 1527 539 his
1549 490 1709 540 verbis
1738 489 1899 555 suspi-

94 567 235 608 catus
257 559 472 622 Scaliger
496 559 718 610 Animud,
748 577 857 625 pag.
889 563 973 613 31.
1000 560 1181 624 ingerit
1206 578 1256 608 se
1284 562 1662 611 emendatorem.
1710 562 1901 624 Legen-

90 630 238 692 dum,
283 629 476 692 inquit,
526 625 707 697 Ιγχπθ’.
769 630 946 678 Unde?
993 632 1046 678 Si
1082 631 1207 679 bene
1250 640 1464 680 mentem
1504 632 1604 680 eius
1652 648 1900 697 assequor,

89 700 307 748 calculos
330 699 399 746 ita
428 699 717 764 composuit.
790 702 831 748 A
853 700 1014 766 primo
1044 700 1220 748 mundi
1243 709 1424 751 exortu
1450 702 1511 750 ad
1539 701 1784 751 Abraham
1810 719 1902 749 nu-

88 770 298 818 meravit
319 770 557 818 Eusebius
579 770 734 824 3184.
760 789 914 819 annos
930 808 944 834 ,
982 779 1030 818 et
1053 772 1112 819 ab
1143 771 1366 820 Abrahae
1390 772 1543 820 natali
1583 773 1645 821 ad
1673 773 1903 838 Cecropis

90 844 319 905 quintum
343 856 489 904 supra
514 841 935 904 quadragesimum
953 880 966 901 ,
1005 858 1102 904 quo
1135 842 1345 889 solutam
1374 843 1584 908 Aegypti
1615 844 1902 892 servitutem

88 912 264 959 scribit
288 911 552 972 Eusebius,
591 911 714 958 alios
741 913 859 965 505.
888 911 1062 975 quibus
1088 911 1218 959 inter
1242 929 1291 959 se
1321 912 1506 960 iunctis
1535 929 1723 961 summa
1749 917 1901 967 3689.
1931 915 1986 958 V.
2013 910 2071 961 41

22 1006 28 1010 ·
90 981 354 1044 colligitur.
424 980 561 1028 Haec
591 981 703 1043 ille,
752 982 935 1047 absque
971 982 1156 1029 arbitro
1188 999 1419 1030 numeros
1458 1000 1577 1046 quos
1612 984 1748 1032 lubet
1779 1002 1905 1048 pro-

86 1053 275 1112 serens,
313 1057 361 1099 et
394 1067 543 1115 quam
572 1052 710 1116 cupit
738 1052 846 1116 ipse
879 1052 1094 1100 referens
1132 1069 1389 1102 summam.
1466 1053 1646 1102 Verum
1681 1055 1906 1119 quamvis

88 1122 147 1170 ab
176 1121 309 1171 orbis
348 1122 552 1170 exordio
590 1124 652 1170 ad
685 1122 915 1187 Cecropis
947 1139 1132 1169 annum
1167 1123 1253 1176 45.
1280 1123 1522 1172 Eusebius
1554 1137 1710 1171 annos
1751 1127 1905 1177 3689.

86 1192 253 1257 lapsos
281 1199 494 1254 statuat,
528 1193 601 1240 nil
638 1193 800 1240 minus
826 1201 990 1240 tamen
1018 1210 1163 1255 quam
1188 1193 1311 1241 istos
1338 1194 1538 1242 denotat
1562 1194 1787 1255 Author,
1822 1194 1909 1242 sed

84 1261 280 1328 proprii
304 1262 516 1309 Canonis
539 1280 691 1310 annos
715 1257 920 1331 ‘yssjnfffl
944 1266 1098 1316 3989.
1137 1264 1204 1310 De
1231 1282 1328 1328 quo
1352 1264 1595 1328 siquidem
1617 1266 1712 1313 alio
1732 1263 1910 1312 mundi

87 1350 217 1379 anno
246 1333 376 1379 foret
397 1332 475 1379 illi
499 1332 834 1380 instituendus
859 1350 1032 1393 sermo,
1072 1350 1215 1397 quam
1242 1335 1302 1382 de
1330 1351 1402 1396 eo,
1441 1352 1585 1399 quem
1609 1336 1662 1382 in
1687 1336 1796 1383 Aod
1819 1340 1905 1389 22.

84 1402 418 1466 incurrentem
443 1402 703 1450 confestim
739 1402 1026 1464 subiungit?
1073 1406 1176 1452 τῶν
1199 1403 1250 1464 ἐξ
1271 1400 1426 1469 'Aede
1454 1406 1577 1456 ἑτῶν
1603 1400 1670 1471 ἦν
1699 1400 1908 1473 ,γῩῦπθῖ

84 1468 180 1538 κβ’.
203 1475 294 1522 τοῦ
318 1466 459 1522 Ἀοᾶδ.
525 1473 590 1520 At
618 1489 680 1520 ex
711 1472 907 1520 Eusebii
933 1472 1217 1533 Chronicis,
1254 1474 1363 1522 Aod
1389 1491 1549 1522 annus
1572 1482 1654 1530 22.
1682 1476 1907 1524 Abrahae

75 1546 205 1607 638.
228 1542 401 1589 mundi
422 1544 578 1596 3822.
615 1542 762 1589 etiam
788 1550 1121 1607 computatur.
1182 1544 1292 1590 Ubi
1328 1562 1466 1592 nunc
1493 1562 1648 1593 annus
1673 1547 1756 1595 ille
1785 1547 1906 1593 Sca-

84 1613 348 1676 ligerianus
369 1614 522 1665 3689.
546 1628 606 1660 ex
632 1613 844 1660 Eusebio
865 1613 918 1660 in
942 1612 1056 1660 Aod
1080 1617 1163 1666 22.
1191 1614 1454 1663 incidens‘.>
1496 1616 1572 1664 Ad
1599 1616 1908 1683 propositum

84 1684 253 1746 itaque
278 1698 559 1731 numerum.
631 1681 769 1744 Aod,
805 1683 969 1747 inquit
1005 1681 1202 1731 Author
1226 1685 1375 1749 paulo
1414 1685 1545 1733 infra
1578 1683 1735 1753 ἐδόθη
1772 1682 1907 1753 napo?

89 1752 248 1814 Θεοῦ,
292 1754 384 1802 τοῦ
416 1747 607 1816 κόσμου
649 1749 842 1822 ,γῖᾢξηῖ
886 1751 1023 1809 Aod,
1073 1752 1301 1817 inquam,
1339 1758 1677 1820 praefecturae
1716 1757 1908 1823 primus

87 1839 244 1870 annus
271 1821 448 1870 mundi
470 1825 628 1875 3968.
658 1823 975 1887 consignatus
992 1830 1094 1871 est:
1130 1840 1433 1889 consequens
1454 1826 1608 1890 igitur
1621 1833 1704 1882 22.
1731 1828 1908 1876 mundi

87 1896 242 1947 3989.
266 1893 580 1956 adiungitur,
619 1894 703 1957 qui
731 1894 961 1958 Cecropis
983 1894 1185 1957 quintus
1213 1912 1358 1960 supra
1389 1897 1831 1961 quadragesimum.

91 2039 95 2043 ι
227 1976 460 2043 Διβδᾶν.]
492 1978 731 2026 Eusebius
758 1979 962 2026 Latinus
987 1995 1081 2044 pro
1109 1981 1465 2045 exemplarium
1487 1981 1725 2030 varietate
1749 1983 1935 2032 diver-'

87 2047 152 2095 sis
179 2047 301 2096 adeo
329 2049 488 2095 modis
514 2047 613 2095 hoc
647 2049 874 2097 Herculis
907 2051 1209 2114 pronunciat
1239 2060 1641 2114 cognomentum,
1678 2060 1737 2100 ut
1763 2053 1912 2101 fasti-

89 2118 226 2166 dium
251 2118 471 2166 recensio
499 2118 673 2183 pariat.
745 2121 931 2167 Extant
953 2120 1083 2168 inter
1107 2121 1313 2168 Pontaci
1343 2130 1486 2169 notas
1515 2122 1568 2169 in
1597 2122 1719 2170 haec
1742 2124 1911 2175 verba.

86 2189 333 2235 Hercules
367 2198 687 2252 cognomento
711 2189 965 2237 Des-maus
985 2198 1079 2240 etc.
1102 2190 1156 2237 in
1182 2208 1303 2254 quae
1331 2192 1499 2239 scribit
1525 2192 1623 2240 ille.
1672 2194 1912 2259 Longius

77 2260 301 2323 petitum
336 2257 659 2321 crediderim,
698 2261 744 2305 si
772 2260 836 2306 ab
867 2261 1023 2307 altero
1052 2261 1142 2307 illo
1176 2261 1426 2311 Βοδοίναν
1457 2260 1735 2315 derivari-s,-
1772 2263 1914 2328 quod
1951 2318 1955 2322 ,

87 2338 254 2374 tamen
286 2331 394 2375 viro
425 2326 715 2376 doctissimo
744 2329 887 2376 video
914 2340 1165 2394 utcunque
1190 2331 1420 2394 probari.
1469 2332 1660 2381 Merito.
1709 2336 1907 2399 Διβὸἅν

87 2399 216 2446 enim
243 2407 290 2446 et
311 2399 561 2449 Βοδοίναν
582 2399 892 2448 doctissimus
914 2401 998 2449 ille
1024 2401 1104 2449 vir
1136 2417 1281 2448 voces
1307 2419 1453 2465 quam
1481 2402 1572 2449 sibi
1597 2405 1906 2468 propinquas

85 2469 431 2534 persentiebat.
506 2470 722 2534 Scaliger
759 2472 965 2521 Διωδᾶν
1003 2471 1121 2535 legit
1165 2487 1229 2519 ex
1272 2471 1592 2522 similitudine
1623 2475 1658 2540 β
1692 2481 1741 2522 et
1775 2494 1815 2526 ω
1844 2476 1906 2524 in

86 2540 359 2604 exemplari
390 2539 493 2589 MS.

197 2625 337 2687 ‚Pag.
377 2624 495 2677 154.
531 2617 800 2692 Ἀσσυρίων
826 2620 882 2675 λ’.
910 2625 1223 2691 ἐβασίλευσεν
1249 2619 1490 2692 Χᾶλαος]
1531 2627 1721 2676 Collato
1749 2628 1906 2678 Geor-

84 2693 150 2757 gii
176 2694 346 2742 codice
369 2710 483 2742 cum
508 2695 684 2742 Latino
714 2696 924 2744 Eusebio
953 2714 1066 2744 cum
1087 2713 1256 2762 parem
1280 2696 1542 2761 utrobique
1565 2715 1732 2762 regum
1750 2699 1908 2765 Assy-

84 2765 276 2813 riorum
310 2781 571 2814 numerum
608 2783 708 2813 non
747 2769 1066 2832 comperisset
1104 2767 1322 2830 Scaliger
1335 2785 1349 2829 3
1387 2783 1449 2814 ne
1480 2785 1622 2832 quem
1653 2771 1909 2836 componit

89 2835 307 2883 Graecus
337 2836 512 2884 Latino
541 2837 913 2899 adversaretur,
953 2838 1195 2886 Graecum
1230 2854 1292 2884 ex
1315 2837 1489 2886 Latino
1516 2838 1744 2906 deinceps
1769 2858 1910 2888 com-

86 2906 260 2970 ponit,
298 2913 347 2953 et
388 2907 595 2955 Arabelo
637 2906 817 2955 Chalao
855 2908 1026 2957 Anebo
1060 2916 1109 2958 et
1137 2906 1288 2957 Babio
1314 2909 1602 2973 expunctis,
1638 2919 1751 2975 post
1773 2911 1908 2959 Teu-

87 2984 253 3023 taeum
289 2978 550 3025 confestim
586 2976 855 3027 Thinaeum
897 2986 945 3027 et
986 2987 1273 3044 sequentes,
1321 2986 1519 3044 praeter
1553 2980 1910 3047 Ephecherem,

89 3046 330 3108 adiungit.
403 3048 514 3107 Quo
567 3056 759 3097 constat
807 3066 900 3098 nec
938 3049 1204 3114 Georgium
1237 3065 1299 3096 ex
1337 3049 1548 3099 Eusebio
1601 3059 1779 3100 cuncta
1823 3068 1911 3099 sua

90 3115 335 3163 Chronica
369 3116 692 3183 decerpsisse,
752 3137 847 3168 nec
894 3120 1165 3170 Eusebium
1204 3118 1387 3184 ubique
1430 3136 1492 3169 ex
1531 3121 1742 3186 Georgio
1776 3128 1911 3169 recte

87 3202 233 3250 posse
266 3186 584 3251 interpolari3
624 3206 736 3238 cum
768 3190 824 3238 in
858 3189 1075 3256 Assyriis
1108 3198 1156 3239 et
1182 3191 1236 3239 in
1260 3190 1367 3238 aliis
1399 3191 1648 3256 plerisque
1672 3191 1909 3240 Eusebius

88 3272 274 3319 unum,
326 3257 562 3322 Georgius
610 3260 820 3310 alterum
871 3262 1156 3325 authorem,
1224 3260 1469 3325 codicem,
1526 3278 1786 3310 numerum
1829 3276 1910 3308 se·-

90 3334 282 3388 quatur.
319 3359 321 3363 -

229 3410 344 3474 Pag·
385 3410 499 3465 155.
536 3409 640 3463 Καὶ
673 3408 901 3482 δεύτερος
938 3410 1242 3482 Ταυτάνης.]
1292 3416 1350 3464 In
1379 3415 1476 3464 hoc
1512 3429 1719 3463 concors
1748 3411 1907 3460 Geor-

91 3478 198 3542 gius
220 3479 454 3545 Eusebio,
492 3482 625 3547 quod
644 3491 855 3551 uterque
879 3485 972 3535 sub
991 3485 1193 3553 Assyrio
1223 3489 1446 3537 Tantane
1471 3483 1667 3534 Troiam
1693 3483 1907 3532 excisum
