2222 3938
613 211 715 265 ET
750 211 1338 268 ANNOTATIONES.
1810 202 1937 266 355

108 341 264 392 cuerit
301 339 588 406 quindecim
632 357 909 390 numerare.
981 343 1110 392 Solis
1150 343 1525 408 quatuordecim
1563 350 1799 394 oneratur
1837 363 1933 395 no-

105 413 197 461 stri
225 419 390 460 textus
421 428 533 472 ora,
572 410 681 458 aliis
710 411 844 460 haud
875 412 1021 460 dubie
1046 414 1099 461 in
1123 422 1294 463 textus
1326 415 1547 464 eiusdem
1571 430 1717 463 sensu
1738 416 1933 464 deside-

102 482 250 544 ratis,
286 481 452 529 indice
478 482 538 528 de
560 482 774 529 Librarii
797 483 993 531 defectu
1014 486 1270 534 Lectorem
1296 487 1617 547 admonente,
1654 493 1704 533 et
1726 486 1789 534 ad
1811 504 1935 535 mar.

102 553 266 616 ginem
294 552 573 601 desiderata
596 561 912 617 reperturum
943 556 1262 604 amandante:
1299 557 1482 606 Verum
1514 557 1783 606 obliteratis
1813 556 1936 605 cha-

100 616 375 672 racteribus
413 631 461 671 et
500 638 699 671 corrosa
741 624 1026 672 membrana
1067 627 1345 690 potioribus
1391 628 1566 676 oculos
1610 627 1934 694 fugientibus,

21 694 24 698 ’
100 693 191 743 vix
213 693 311 757 legi
337 693 605 758 quidquam
633 701 828 758 potest,
866 703 951 743 aut
975 696 1119 743 etiam
1143 698 1374 762 opinione
1400 699 1594 750 coniici.

243 786 591 858 Εὖρεθήσεται
619 789 648 842 ὅ
675 789 1002 845 Μαθουσάλα
1022 790 1184 863 sswff·
1214 794 1337 846 ἐτῶν
1357 791 1685 863 τελευτήσας]
1721 795 1799 844 Ex
1820 813 1937 862 pro-

101 860 210 927 pria
229 894 245 917 ,
284 868 332 909 et
357 862 512 926 ipsius
538 862 737 909 Eusebii
769 865 1027 922 sententia,
1069 865 1210 912 ducit
1236 882 1346 912 eum
1373 865 1579 929 Author,
1621 867 1755 930 quod
1782 868 1936 929 aiunt,

100 932 154 993 in
173 932 546 980 incommodum
566 933 821 994 eiusmodi,
859 943 916 982 ut
941 952 991 983 se
1013 935 1233 1000 propriis
1257 935 1405 983 armis
1429 937 1676 984 conficiat.
1748 937 1936 986 Antho-

99 1003 170 1052 ris
205 1002 404 1068 opinio,
444 1020 566 1068 quae
606 1005 878 1052 communis
915 1013 1014 1064 est,
1066 1005 1342 1054 Mathusala
1379 1007 1583 1072 publico
1617 1005 1768 1055 totius
1805 1008 1938 1056 orbis

99 1073 357 1137 naufragio
397 1073 601 1139 periisse
638 1076 813 1122 statuit
847 1094 976 1123 anno
1013 1075 1148 1125 vitae
1175 1081 1293 1130 969.
1338 1094 1363 1142 a
1405 1077 1580 1125 mnndi
1615 1077 1935 1126 incunabulis

99 1143 255 1198 2242.
293 1161 357 1192 ex
387 1162 486 1209 quo
514 1145 776 1211 Eusebium
807 1146 984 1194 diluvii
1013 1148 1203 1196 cladem
1242 1147 1412 1195 eodem
1445 1165 1574 1195 anno
1613 1155 1938 1212 reponentem

97 1214 415 1279 paralogismi
459 1214 812 1279 convicturus,
862 1217 1143 1265 Mathusala
1183 1235 1285 1264 non
1323 1219 1490 1283 plures
1531 1222 1651 1272 949.
1688 1218 1829 1267 annis
1859 1218 1936 1267 vi-

98 1285 226 1333 visse
262 1283 361 1333 hoc
387 1292 534 1350 pacto
565 1286 769 1350 colligit.
842 1288 1036 1335 Interiit
1056 1287 1331 1336 Mathusala
1368 1289 1548 1335 diluvii
1577 1289 1741 1351 aquis,
1779 1290 1822 1336 si
1848 1306 1940 1354 pu-

98 1353 258 1403 blicae
283 1357 396 1404 voci
426 1356 704 1417 credimus,
743 1375 872 1405 anno
910 1359 1068 1412 2242.
1099 1368 1145 1408 et
1173 1358 1414 1406 Eusebius
1443 1359 1550 1424 ipse
1579 1361 1789 1407 fatetur:
1828 1359 1936 1407 Ειι-

98 1425 263 1474 sebius
300 1435 463 1474 tamen
499 1427 679 1475 ducem
709 1429 1000 1476 Africanum
1033 1430 1085 1477 in
1118 1429 1372 1495 plerisque
1407 1430 1578 1477 laudat
1606 1437 1654 1477 et
1681 1430 1939 1494 sequitur:

97 1495 365 1544 Africanus
402 1505 563 1545 autem
593 1498 775 1546 diluvii
805 1517 967 1547 casum
996 1501 1059 1548 ad
1090 1518 1273 1548 annum
1307 1505 1464 1554 2262.
1498 1500 1784 1549 submovet:
1830 1500 1936 1548 Eu-

99 1566 266 1614 sebius
299 1568 479 1631 igitur,
517 1567 620 1615 fixo
647 1569 710 1616 ad
738 1587 922 1617 annum
957 1571 1134 1618 mundi
1166 1574 1320 1624 2242.
1351 1570 1570 1632 diluvio,
1610 1571 1728 1618 totis
1755 1569 1937 1633 viginti

98 1637 270 1699 annis,
308 1638 362 1685 id
389 1646 463 1686 est
487 1638 604 1692 949.
631 1640 973 1702 solummodo,
1009 1641 1167 1689 vitam
1192 1639 1472 1688 Mathusala
1504 1641 1746 1690 minorem
1779 1641 1937 1706 scrip-

98 1706 220 1756 sisse
267 1708 567 1756 declaratur.
641 1710 750 1769 Qua
801 1710 993 1757 ratione
1043 1712 1360 1776 propulsaret
1407 1711 1639 1759 iniuriam
1684 1711 1936 1773 Eusebius,

98 1795 202 1826 non
244 1778 490 1842 ignotum.
567 1781 693 1828 Sane
732 1781 972 1844 Georgio,
1020 1798 1133 1828 cum
1179 1799 1241 1829 ex
1280 1798 1361 1838 ea,
1410 1799 1560 1845 quam
1595 1781 1702 1845 ipse
1737 1788 1937 1844 tuetur-3

97 1855 206 1897 tum
245 1865 309 1897 ex
351 1850 607 1915 opposita,
660 1868 807 1915 quam
849 1852 1160 1899 adversarius
1210 1851 1422 1900 sustinet
1459 1851 1724 1916 opinione,
1766 1850 1938 1917 ipsum

99 1919 438 1968 adversarium
468 1921 697 1986 aggredi,
732 1922 1002 1971 familiare:
1050 1924 1185 1987 quod
1220 1940 1285 1970 an
1321 1922 1470 1987 plane
1505 1922 1807 1987 legitimum,
1847 1922 1938 1971 de-

96 1989 240 2039 finire
269 2007 460 2045 vereor.

241 2071 337 2126 Διὸ
357 2075 442 2126 καὶ
463 2079 651 2141 μᾶλλον
677 2074 741 2126 ὅὶν
767 2095 841 2136 τις
857 2078 930 2144 τῷ
956 2070 1095 2141 ρνα’.]
1134 2070 1258 2142 ρνοῖ.
1280 2075 1392 2124 vice
1419 2070 1536 2142 va'.
1557 2074 1934 2128 restituendum.

97 2145 168 2192 Ut
201 2145 330 2192 enim
369 2146 644 2194 Mathusala
680 2151 799 2200 969.
838 2146 981 2193 annis
1021 2154 1167 2194 natus
1205 2147 1397 2194 diluvio
1435 2145 1710 2207 interierit,
1762 2146 1938 2194 mundi
1997 2172 2001 2174 ·

99 2215 258 2270 2242.
286 2215 459 2263 debuit
487 2217 628 2280 prius
659 2234 789 2263 anno
817 2220 967 2270 1273.
1004 2216 1056 2263 in
1084 2218 1245 2264 lucem
1270 2215 1530 2280 prodiisse.
1603 2215 1777 2263 Enoch
1813 2232 1935 2264 vero

96 2293 241 2352 pater
265 2286 365 2333 eius
391 2286 545 2333 solem
569 2286 786 2350 primum
813 2295 1072 2349 aspexerat
1101 2304 1229 2334 anno
1264 2292 1413 2339 1122.
1447 2301 1548 2333 non
1577 2285 1746 2349 potuit
1769 2285 1936 2350 itaque

97 2356 194 2404 alio
221 2373 366 2419 quam
385 2356 515 2404 vitae
540 2359 655 2410 151.
680 2356 842 2404 filium
867 2355 1144 2403 Mathusala
1170 2372 1451 2421 procreare.
1504 2356 1718 2402 'sextum
1738 2363 1935 2403 utrum-

98 2443 193 2491 que
215 2427 449 2474 Latinum
473 2444 531 2473 ac
556 2427 802 2475 Graecum
816 2426 1011 2474 Author
1038 2427 1299 2476 conciliat:
1338 2443 1446 2487 nec,
1469 2432 1525 2472 ut
1543 2425 1811 2473 Africanus
1833 2427 1935 2473 Ma·

99 2497 298 2544 thusala
320 2497 474 2544 vitam
500 2515 650 2562 supra
680 2496 928 2545 diluvium
951 2506 1201 2562 prorogat,
1239 2514 1330 2545 nec
1355 2494 1703 2544 difficultatem
1726 2495 1779 2542 in
1805 2497 1934 2560 Sep-

97 2567 322 2630 tuaginta
365 2568 698 2632 Interpretum
738 2575 885 2615 textu
919 2576 1266 2615 occurrentem
1300 2567 1364 2614 ad
1402 2566 1674 2614 Hebraeam
1711 2566 1934 2615 litteram

101 2634 336 2702 confugio
366 2638 523 2696 vitat,
559 2639 643 2686 sed
668 2655 764 2702 quo
796 2638 1022 2686 foedatus
1061 2646 1194 2700 erat,
1235 2638 1480 2686 Graecum
1510 2644 1707 2684 textum
1744 2654 1933 2702 expur-

99 2716 183 2772 gat
206 2708 402 2759 mendo,
469 2708 579 2756 Hoc
600 2708 838 2756 Authoris
863 2716 936 2756 est
959 2709 1011 2756 in
1038 2709 1251 2756 Graecos
1274 2708 1583 2756 beneficium.
1660 2706 1758 2766 Qui
1779 2724 1933 2772 porro

99 2778 200 2827 sint
224 2796 468 2827 annorum
495 2779 691 2827 numeri
718 2779 770 2826 in
799 2779 952 2827 altera
987 2796 1048 2827 ex
1077 2779 1239 2828 tribus
1268 2779 1448 2842 linguis
1479 2777 1799 2840 integriores,
1847 2777 1933 2824 alii

101 2848 402 2898 discutiunt:
452 2849 578 2897 mihi
617 2867 767 2915 penes
803 2850 1016 2898 Graecos
1063 2850 1458 2897 commendatum
1497 2846 1772 2896 Authorem
1808 2848 1930 2895 red-

102 2919 217 2967 dere
239 2920 305 2967 sit
338 2919 475 2968 satis.
547 2920 706 2968 Huius
737 2920 835 2968 loci
862 2921 1150 2969 memoriam
1180 2920 1364 2968 habens
1394 2918 1755 2967 eruditissimus
1782 2919 1931 2966 Peta-

100 2988 213 3037 vius
240 2990 325 3037 lib.
353 2995 400 3043 9.
429 2991 489 3038 de
524 2990 667 3039 Doct.
697 2992 864 3053 Temp.
894 3008 1002 3055 cap.
1032 2995 1082 3044 8.
1113 2991 1336 3039 Africani
1363 2998 1579 3038 mentem
1607 2988 1929 3052 expositurus

101 3061 283 3108 erroris
308 3060 470 3123 arguit
492 3066 575 3115 70.
601 3062 934 3126 interpretum
961 3069 1181 3110 textum:
1219 3062 1434 3126 seipsum
1461 3058 1787 3108 nihilominus
1812 3076 1927 3105 con-

102 3129 265 3178 festim
304 3131 556 3193 emendat,
606 3131 691 3179 ubi
732 3131 912 3179 diluvii
949 3149 1078 3180 anno
1119 3132 1272 3186 2242.
1308 3129 1627 3194 consignandi
1664 3136 1927 3176 assertores

102 3216 383 3262 germanam
419 3209 467 3247 et
505 3219 533 3248 a
570 3205 654 3254 70.
685 3202 1043 3267 Interpretibus
1079 3210 1372 3268 conceptam
1405 3216 1650 3250 annorum
1689 3215 1929 3246 summam

100 3277 269 3317 tenere
297 3271 614 3334 pronunciat.

243 3368 355 3430 Pag.
381 3372 462 3421 21.
513 3361 672 3429 Οὗτος
694 3365 890 3420 ἅπαντα
911 3370 1117 3421 πλείονα
1140 3365 1362 3438 χρόνον.]
1398 3370 1539 3417 Hanc
1566 3364 1786 3415 Africani
1815 3380 1924 3411 sen-

99 3437 305 3486 tentiam
331 3438 549 3501 Scaliger
573 3439 782 3487 Eusebio
807 3457 1067 3506 perperam
1100 3441 1314 3507 imputat
1339 3457 1447 3506 pag.
1485 3439 1533 3491 4.
1561 3444 1618 3483 ut
1645 3442 1692 3483 et
1713 3450 1923 3499 sequen-

101 3514 219 3557 tem.
256 3507 351 3559 εἰσὶ
369 3514 501 3574 τρεῖς
523 3507 820 3574 ὅμωνυμίαι.
