2222 3938
290 188 415 248 468
933 191 1519 248 ΕΜΕΝὉΔΤΙΟΝΕΒ
1581 238 1583 240 ,

291 325 508 376 thoritas
542 325 742 374 Eusebii
771 322 1013 372 Archelao
1037 322 1541 372 Lacedaemoniorum
1582 323 1687 388 regi
1722 323 1933 389 septimo
1971 339 2126 372 annos

292 397 549 461 sexaginta
577 395 932 456 adiudicantis,
973 394 1057 440 cui
1088 410 1202 440 cum
1237 392 1431 441 Author
1469 396 1772 455 consentiat,
1812 393 1969 442 errori
2005 411 2127 442 cau-

291 485 397 516 sam
425 467 658 532 praebere
695 482 799 511 non
837 463 1017 528 potuit.
1090 464 1385 511 Communes
1421 472 1581 512 autem
1610 465 1785 512 mundi
1829 464 1975 526 anni,
2011 479 2128 512 cum

293 538 349 586 in
397 536 583 586 'lelecti
620 534 869 614 principio
905 533 1136 582 Archelai
1179 534 1328 581 finem
1367 534 1561 582 duobus
1600 542 1856 600 superent,
1909 534 2126 583 coniicio

294 607 527 657 mendose
551 606 765 670 scriptos
794 599 924 674 6740'.
954 618 1166 668 quorum
1193 604 1329 666 vice,
1369 605 1654 654 scribendos
1677 603 1842 675 δχξηζ

442 679 543 726 Τοῦ
567 673 621 725 δὲ
639 671 832 740 κόσμου
859 670 995 744 (impis
999 673 1043 742 .]
1085 674 1432 723 continuanda
1462 674 1546 724 hic
1573 692 1698 741 quae
1725 683 1846 724 nota
1871 673 2127 740 superiore

291 748 501 832 probata
529 753 605 793 est
628 725 921 794 emendatio.

428 812 798 882 Ἀπολλόδωρος
816 810 1122 883 Λυκούργου
1150 810 1375 882 νόμιμα.]
1412 817 1575 864 Locus
1620 815 1798 881 integri
1829 832 1998 864 sensus
2036 813 2127 862 de-

289 888 425 935 fectu
451 887 706 935 evidenter
728 904 813 934 c01
815 894 1007 949 ruptus.
1084 886 1204 933 Cum
1233 895 1394 934 autem
1421 887 1657 936 Eusebius
1683 887 1963 935 Alcamenis
1995 901 2126 933 anno

290 961 375 1010 18.
409 957 498 1021 qui
521 956 747 1005 Abrahae
783 962 934 1010 1221.
975 956 1184 1004 sciibat:
1237 960 1469 1022 Lycmgb
1497 959 1625 1022 leges
1659 960 1715 1005 in
1750 955 2128 1006 Lacedaemone

285 1030 436 1075 iaxta
473 1030 774 1074 sententiam
822 1026 1130 1091 Apollodmi
1167 1027 1268 1074 lzao
1307 1037 1468 1075 aetate
1503 1038 1789 1115 susceptae.-
1828 1028 2013 1076 audens
2049 1025 2128 1073 his

291 1097 491 1147 verbis:
526 1092 891 1164 Ἀπολλόδωρος
921 1093 1226 1165 Λυκούργου
1264 1094 1453 1163 νόμιμα
1490 1098 1544 1149 ἒν
1572 1103 1639 1167 τῷ
1670 1094 1732 1163 η’.
1771 1093 2125 1163 Ἀλκαμένουςε

293 1168 567 1231 subiungO,
604 1168 713 1230 ε’τει,
749 1187 868 1227 τους
892 1169 1328 1232 Λακεδαιμονίους
1350 1151 1719 1234 καταδεχθῆναι
1742 1166 1951 1234 γράψειε
1990 1165 2132 1231 quasi

288 1246 470 1287 octavo
513 1238 794 1286 Alcamenis
841 1254 972 1285 anno
1012 1238 1229 1302 Lycurgi
1271 1238 1401 1301 leges
1447 1247 1700 1304 susceptae
1745 1238 1874 1286 sint.
1919 1237 2024 1299 vel,
2069 1243 2128 1283 ut

289 1309 478 1357 Graece
515 1309 788 1373 Latineque
825 1308 1058 1373 reposui,
1095 1308 1432 1374 Apollodorus
1465 1309 1551 1359 lib.
1585 1313 1636 1363 8.
1671 1309 1794 1357 haec
1827 1316 1964 1373 gesta
1999 1306 2127 1355 scri-

325 1380 459 1430 serit.
2131 1421 2133 1427 .

286 1396 320 1444 P
429 1445 674 1514 Εὔδημος
704 1446 788 1513 ἔτη
821 1444 934 1512 κς’.]
970 1448 1221 1497 Eudemus
1258 1447 1451 1512 vulgari
1490 1448 1666 1496 mundi
1694 1466 1824 1496 anno
1850 1448 2007 1501 4631.
2040 1462 2127 1496 re-

288 1537 441 1582 gnum
497 1520 810 1585 auspicatus,
859 1519 966 1568 vita
1007 1536 1127 1568 vero
1171 1521 1374 1567 functus
1413 1519 1570 1573 4657.
1617 1519 1787 1569 debuit
1836 1535 1994 1568 annos
2037 1521 2124 1572 26.

286 1607 532 1654 iegnasse.

427 1654 832 1725 Ἀριστομήδης’
815 1657 896 1724 ἐτη
922 1652 987 1711 λε’
993 1658 1024 1724 .]
1056 1659 1297 1708 Eusebius
1318 1659 1508 1724 pariter
1525 1659 1611 1713 35.
1641 1658 1950 1724 impertitur:
1985 1657 2127 1722 isque

287 1736 361 1777 est
394 1731 684 1778 emendatus
714 1746 955 1777 numerus
983 1748 1011 1777 a
1036 1731 1209 1778 mundi
1236 1731 1389 1783 4657.
1414 1731 1652 1783 3114692.
1683 1747 1745 1778 ex
1766 1747 1875 1794 pag.
1897 1733 2007 1783 180.
2030 1730 2088 1778 A.

429 1801 543 1863 Pag.
583 1803 699 1852 186.
747 1797 985 1864 Τελεστης
1021 1799 1102 1865 ε’τη
1133 1798 1232 1866 ιβ’]
1268 1800 1482 1865 Reponit
1511 1801 1724 1864 Scaliger
1744 1795 1941 1861 'Igc'mv’
1925 1799 2008 1864 ἐτη
2033 1795 2123 1865 ιβ.]

285 1868 514 1919 Fallitur.
583 1870 824 1917 Telestem
857 1871 987 1917 enim
1030 1870 1407 1918 Corinthiorum
1449 1888 1621 1934 regum
1657 1872 1954 1919 laterculum
1989 1869 2126 1917 aliud

282 1956 394 2004 pag.
423 1943 538 1992 180.
578 1939 635 1990 B.
680 1940 1070 2004 consulendum,
1107 1948 1156 1989 et
1193 1941 1431 1989 Eusebius
1469 1941 1668 2006 pariter·
1683 1941 1971 1989 Alexandro
2000 1941 2126 1988 sub·-

284 2011 516 2074 iungunt.

433 2082 537 2130 Τοῦ
572 2075 627 2130 δὲ
655 2071 842 2143 κόσμου
869 2074 1030 2147 δψλγ’
1036 2078 1067 2144 .]
1119 2079 1194 2127 Ab
1238 2080 1371 2128 orbis
1410 2081 1619 2129 conditu
1655 2097 1786 2127 anno
1821 2080 1974 2134 4608.
2012 2078 2122 2127 aliis

286 2150 372 2205 25.
391 2150 534 2197 annis
565 2166 629 2196 ex
647 2149 858 2197 Eusebio
884 2158 932 2198 et
954 2150 1209 2214 superiore
1233 2150 1469 2198 Authoris
1492 2152 1839 2215 diagrammate
1859 2168 1910 2215 p.
1931 2154 2046 2203 180.
2063 2151 2120 2198 B.

241 2215 248 2220 ’
286 2237 493 2284 regnum
519 2219 885 2268 administravit
920 2219 1204 2268 Alexander
1234 2222 1441 2269 Telestis
1473 2238 1788 2287 praecessor:
1825 2238 1930 2269 non
1953 2219 2122 2286 potuit

283 2290 438 2355 igitur
460 2290 545 2338 hic
565 2307 770 2353 regnum
794 2291 930 2337 adire
953 2291 1051 2337 nisi
1076 2308 1206 2338 anno
1230 2291 1385 2344 4733.
2106 2327 2108 2329 -

430 2362 727 2427 Κορινθίων
765 2355 848 2426 ιβ’.
882 2360 1244 2428 ἐβασίλευσεν.]
1297 2361 1446 2409 Hunc
1485 2362 1598 2426 quia
1635 2360 1929 2410 laterculum
1966 2376 2121 2425 supra

287 2439 642 2488 memoratum,
693 2438 742 2479 et
783 2431 1024 2478 Eusebius
1063 2431 1297 2478 ultimum
1336 2441 1630 2494 recensent,
1678 2432 1900 2479 Librario
1941 2430 2120 2478 mundi

288 2518 444 2548 annos
489 2496 662 2570 δψμέ.
702 2502 881 2565 quibus
915 2502 1081 2567 coepit
1110 2518 1315 2566 regnare
1344 2502 1398 2551 in
1424 2504 1526 2553 MS.
1556 2520 1661 2551 non
1688 2509 1910 2551 extantes
1937 2509 2120 2550 temere

288 2571 523 2619 scribenti
550 2571 790 2619 excidisse
814 2579 958 2656 puto.

430 2636 718 2707 Διήρκεσαν
754 2642 836 2708 ε’τη
873 2637 979 2707 τν’.]
1029 2642 1269 2690 Eusebius
1313 2642 1500 2707 pariter
1542 2643 1607 2691 ad
1655 2659 1810 2690 annos
1851 2638 2118 2689 Abrahami

292 2714 446 2764 1260.
478 2712 679 2762 scribit·
718 2710 844 2759 Fuit
869 2722 1038 2760 autem
1076 2713 1167 2760 Sub
1201 2714 1402 2778 regibus
1430 2713 1782 2760 Lacedaemon
1809 2714 1960 2759 annis
1995 2713 2115 2764 350.

290 2781 360 2828 De
387 2780 655 2829 Corinthiis
680 2800 808 2831 anno
841 2787 993 2836 1240.
1036 2785 1165 2830 Post
1189 2783 1281 2830 laos
1309 2801 1448 2848 reges
1479 2786 1533 2831 in
1575 2783 1813 2831 Corintho
1853 2799 1954 2829 non
1975 2783 2116 2844 fue-

289 2859 442 2899 runt.-
490 2849 581 2897 sed
620 2856 781 2900 annui
816 2855 1026 2900 Pritam'
1058 2856 1335 2904 constituti.
1420 2853 1616 2901 Author
1651 2869 1820 2918 parem
1855 2869 2115 2900 numerum

290 2921 570 2968 summatim
595 2931 851 2986 acceptum
878 2923 1146 2988 proponit:
1185 2941 1291 2971 eum
1315 2932 1480 2971 tamen
1507 2941 1568 2973 ex
1599 2923 1805 2986 singulis
1830 2939 2002 2986 regum
2030 2938 2111 2972 ae-

288 2991 472 3038 tatibus
497 3007 595 3037 una
623 2994 858 3055 collectis,
883 2993 1019 3042 haud
1043 2993 1318 3043 breviorem
1343 2993 1577 3055 ostendit,
1616 2994 1700 3057 qui
1722 2992 1916 3057 regibus
1938 2992 2112 3058 Epho-

287 3077 370 3108 ros
396 3067 441 3108 et
469 3061 711 3125 Prytanos
736 3064 889 3112 addit.

426 3128 510 3191 Ὡς
532 3130 621 3195 μέν
647 3150 777 3192 τινες
799 3133 882 3182 ἐπὶ
906 3129 1195 3199 Αἰσχύλου.]
1231 3131 1393 3180 Huius
1426 3132 1699 3181 sententiae
1731 3132 1967 3198 princeps
2002 3132 2110 3181 Eu·-

288 3199 475 3261 sebius,
514 3200 658 3248 aliam
685 3203 907 3266 sequitur
934 3203 1141 3251 Author.

427 3267 636 3336 Ῥοβοοῖμ
663 3269 777 3331 υἷός
806 3270 1176 3337 Σολομῶντος]
1213 3270 1353 3319 Nuda
1389 3271 1490 3319 fere
1521 3272 1721 3321 nomina
1753 3281 1804 3323 et
1838 3291 1992 3323 annos
2023 3290 2107 3323 re-

290 3356 404 3403 gum
427 3341 550 3388 Iuda
577 3349 625 3389 et
649 3342 799 3390 Israel
824 3343 976 3390 refert
1003 3342 1239 3390 Eusebius
1267 3342 1514 3404 Scaligeri.

426 3409 636 3477 Ῥοβοοέμ
669 3412 788 3463 υἱοῦ
821 3415 1148 3475 Σολομῶντος
1184 3407 1268 3476 ε’.]
1310 3412 1554 3472 Quintum
1583 3413 1803 3461 Roboam
1833 3430 2017 3461 annum
2051 3411 2108 3460 in

292 3495 602 3529 communem
629 3482 805 3531 mundi
834 3482 985 3537 4514.
1013 3489 1063 3531 et
1089 3484 1323 3531 Psuennis
1350 3483 1478 3547 regis
1508 3484 1721 3551 Aegypti
1754 3485 1954 3533 tertium
1979 3482 2107 3531 inci-
