2222 3938
649 213 748 270 ET
781 176 1368 270 ANNOTATIO'NES.
1597 198 1599 202 ’
1803 196 1929 264 455

93 346 180 398 37.
218 349 424 390 tantum
452 341 768 408 publicaret.-
814 354 861 392 et
891 353 1058 392 tamen
1095 360 1214 391 cum
1252 343 1373 390 illos·
1407 357 1545 407 reges
1577 340 1643 389 ab
1678 341 1931 405 Africano
1964 370 1967 372 <

92 415 369 478 acciperet,
405 415 485 461 ita
521 423 581 460 ut
610 423 657 461 et
689 418 805 480 ipsa
837 416 989 465 verba
1021 414 1271 478 Africani
1300 416 1410 460 sine
1442 413 1555 460 ulla
1580 414 1934 460 immutatione

95 486 452 549 usurpaverit,
489 483 582 531 hos
621 485 670 538 4.
707 504 869 551 reges,
907 496 1151 550 tanquam
1186 483 1333 550 apud
1349 484 1680 566 ‘Africanum
1717 501 1820 533 non·
1853 501 1934 533 ex-
1993 521 1995 523 .

93 564 290 617 tarent,
327 553 694 605 dissimulavit.
766 558 942 623 Itaque
983 558 1236 622 Georgius
1269 557 1357 621 qui
1390 556 1593 607 nullam
1627 557 1937 603 occasionem

93 624 395 691 exagitandi
405 627 618 674 Eusebii
637 629 841 690 omittit,
872 629 1070 675 nullam
1093 645 1194 675 non
1217 629 1420 692 quaerit
1433 635 1552 691 post
1578 626 1707 677 alia.
1745 621 1936 677 οὔκουν

92 695 380 765 πρόδηλον,
417 697 612 762 iuquit,
651 693 728 749 ότι
756 697 841 750 διοὶ
868 695 967 750 τὸν-
987 698 1171 749 ἑαυτοῦ
1195 706 1287 746 etc.
1339 698 1549 766 Propter
1577 696 1936 745 hallucinatio-

94 784 210 816 nem
246 767 370 834 (imo
393 777 604 833 propter
629 770 863 834 culpam,
901 769 970 817 ait
993 769 1201 834 ipsemet
1232 768 1477 830 Scaliger,
1528 769 1584 814 in
1619 786 1671 815 se
1708 767 1935 820 consulto

95 837 404 905 admissam)
430 839 692 887 ,mutilavit
712 840 1035 904 Assyriorum
1058 847 1312 903 tempora,
1350 846 1399 886 et
1423 838 1503 885 Ilii
1533 855 1702 891 casum
1731 838 1787 886 in
1819 837 1938 888 alie-

94 925 217 958 num
239 915 438 975 tempus
463 909 689 960 contulit.
739 912 1016 975 Utrumque
1043 926 1214 958 verum
1238 918 1326 958 est.
1367 910 1608 972 Quatuor
1632 927 1770 974 rege-s·
1784 925 1937 974 prae-

95 981 296 1041 terivit,
332 989 379 1027 et
404 990 600 1045 tempus
620 980 711 1028 Ilia·
747 984 889 1046 capti
921 984 977 1028 in
1003 990 1229 1044 tempora
1258 980 1505 1027 Teutanis
1535 981 1784 1033 contulit.-
1823 995 1939 1026 cum

96 1048 160 1097 id
199 1048 446 1099 acciderit
494 1069 628 1100 anno
680 1056 728 1106 9.
793 1053 1004 1101 leinaei
1044 1055 1130 1106 23.
1187 1050 1522 1115 Assyriorum
1569 1053 1719 1117 regis.
1801 1050 1940 1099 Haec

101 1121 333 1184 Scaliger.

236 1192 352 1255 Pag·
391 1196 512 1246 170
564 1186 858 1258 Ουεννὲφης
902 1191 983 1257 ἔτη
1021 1187 1103 1257 μβ’
1105 1191 1137 1257 .]
1194 1191 1451 1241 Annorum
1487 1185 1603 1262 γθ’.
1648 1196 1780 1238 aetas
1818 1187 1939 1237 huie

96 1261 401 1328 Vennephi
386 1280 442 1310 m
461 1262 722 1327 Excerptis
747 1263 928 1312 Euseb.
967 1263 1208 1312 attributa
1235 1241 1541 1326 Scaligerum
1565 1268 1614 1309 et
1636 1261 1739 1309 eius
1759 1259 1942 1309 Libra-

98 1333 230 1382 rium
259 1333 550 1381 oscitantiae
576 1333 758 1396 arguit

226 1400 352 1467 ’Έτη
379 1399 486 1467 ιθ’.]
524 1402 731 1450 Nonnisi
769 1403 1014 1452 concessis
1052 1403 1432 1466 Agamemnonis
1475 1418 1629 1466 regno
1668 1401 1811 1449 annis
1857 1405 1939 1456 19.

99 1490 286 1521 8111111111
320 1474 381 1520 ab
417 1474 536 1521 orbe
574 1474 777 1522 condito
813 1476 1068 1554 vulgarem
1103 1476 1257 1526 4330.
1301 1470 1471 1540 (quam
1494 1473 1671 1521 mundi
1697 1471 1940 1537 epocham

99 1544 210 1608 figit
237 1544 471 1592 Author'
457 1561 510 1590 111
534 1545 880 1608 sequentibus,
919 1546 1057 1592 etin
1094 1561 1146 1592 ea
1176 1544 1357 1608 passim
1396 1543 1664 1608 repetenda
1705 1549 1940 1590 constans

97 1613 404 1683 perseverat)
445 1614 659 1663 Troiana
697 1616 863 1664 clades
898 1616 1071 1680 nequit
1116 1615 1386 1677 attingerze
1403 1614 1524 1678 qui
1564 1614 1694 1665 enim
1732 1613 1791 1660 ab
1831 1613 1942 1677 ipso

98 1689 257 1742 4312.
284 1702 492 1750 regnum
524 1685 814 1751 exorditur,
852 1703 909 1735 eo
946 1703 1038 1752 per
1067 1685 1348 1734 octodecim
1382 1691 1604 1748 retento,
1643 1682 1943 1732 succedente

99 1757 530 1822 4329.depone1e
559 1756 747 1808 debuit.

252 1830 333 1878 Te)
367 1823 435 1878 θ’.
476 1826 571 1877 ἔσει
602 1821 1006 1894 Ἀγαμέμνονος]
1058 1826 1119 1878 In
1146 1814 1461 1875 communem
1483 1824 1543 1871 ab
1565 1823 1702 1873 orbis
1734 1822 1945 1871 conditu

103 1914 292 1946 annum
330 1898 485 1951 4330.
537 1897 807 1946 Troianum
858 1897 1111 1946 excidium
1151 1897 1416 1945 incurrens
1471 1893 1842 1960 expeditionem
1883 1894 1946 1943 ab

101 1969 467 2033 Agamemnone
490 1985 620 2017 anno
648 1969 752 2017 eius
779 1974 831 2023 9.
873 1969 949 2036 (ut
973 1976 1089 2034 post
1109 1985 1267 2016 annos
1293 1968 1463 2015 decem
1499 1972 1746 2015 statuatur
1779 1963 1945 2013 conti-

103 2038 272 2106 gisse)
289 2046 596 2103 susceptam,
634 2047 683 2088 et
705 2057 941 2088 numeros
964 2039 1298 2088 emendandos
1320 2037 1552 2102 suggerit.

252 2114 356 2176 Τῆς
407 2110 590 2174 Τροίας
634 2110 721 2162 καὶ
761 2106 907 2161 Ἰλίου
962 2110 1292 2175 ἐβασίλευσεν.
1304 2109 1322 2173 ]
1385 2109 1651 2172 Hucusque
1709 2085 1944 2170 Scaliger,

107 2181 290 2229 omissa
321 2188 554 2244 sequente
578 2182 638 2229 de
662 2181 781 2229 belli
805 2181 1010 2229 Troiani
1035 2181 1224 2244 origine
1245 2179 1547 2228 narratione.
1622 2178 1763 2237 Quae
1786 2193 1944 2241 porro

109 2253 171 2300 de
199 2252 481 2299 litterarum
511 2250 801 2299 inventione
822 2251 986 2316 pagin.
1020 2254 1106 2303 31.
1112 2218 1282 2297 t>initio
1313 2248 1481 2296 subdit
1507 2248 1622 2310 ille,
1658 2262 1753 2294 nec
1790 2247 1947 2294 Geor-

108 2323 220 2387 gius
238 2321 465 2385 scripsit,
501 2337 595 2367 nec
616 2323 757 2368 velut
778 2338 804 2368 e
834 2322 1043 2383 Georgio
1076 2320 1246 2385 potuit
1272 2319 1490 2382 Scaliger
1517 2317 1827 2378 exscribere,
1857 2315 1947 2364 sed

106 2410 172 2442 ex
195 2393 417 2440 Cedreno
451 2391 684 2438 editionis
719 2393 833 2455 Reg.
866 2408 980 2457 pag.
1019 2392 1134 2444 125.
1168 2398 1228 2438 ut
1260 2389 1509 2454 prolixius
1534 2389 1668 2435 inter
1700 2394 1847 2435 notas
1884 2385 1948 2434 de

109 2464 330 2527 antiquis
355 2462 635 2510 litterarum
659 2462 830 2509 formis
863 2470 1006 2510 texe1
1009 2469 1054 2509 et
1075 2477 1249 2526 parci„
1224 2477 1319 2508 <ron
1343 2457 1768 2509 commentarium.

249 2529 366 2584 'Ano
395 2531 450 2583 δὲ
478 2537 569 2597 τῆς
592 2529 819 2599 Ἀβρααμ
844 2531 1079 2601 γενέσεως
1115 2530 1200 2581 καὶ
1233 2525 1326 2598 ‘ay'-
1364 2528 1506 2589 ἔτους
1535 2527 1737 2593 Νίνου]
1781 2527 1947 2576 Ν81811

109 2602 337 2654 Abrahae
362 2603 426 2650 ad
449 2604 570 2651 Nini
598 2603 1029 2667 quadragesimum
1056 2602 1263 2650 tertium
1291 2601 1516 2663 alligat0,
1563 2598 1775 2647 eundem
1814 2615 1948 2663 quo-

111 2692 210 2741 que
231 2675 284 2722 in
312 2675 567 2737 vulgarem
585 2673 762 2721 mundi
786 2691 971 2722 annum
996 2675 1150 2726 3313.
1173 2671 1396 2720 incidere
1423 2686 1624 2718 necesse
1654 2676 1755 2721 est·
1794 2685 1947 2734 quare

111 2747 176 2795 ad
198 2745 374 2793 mundi
399 2746 561 2797 4330.
579 2761 678 2809 quo
699 2745 903 2793 Troiani
930 2743 1114 2792 excidii
1136 2742 1465 2790 calamitatem
1487 2740 1684 2788 Author
1702 2748 1945 2802 recenset,

111 2833 216 2865 non
251 2815 391 2863 1111118
422 2823 471 2863 et
504 2815 807 2873 octodecim,
845 2815 932 2864 sed
968 2813 1305 2878 septendecim
1343 2811 1588 2860 duntaxat
1618 2827 1797 2877 operae
1830 2827 1944 2876 pre-

109 2888 239 2936 tium
257 2894 337 2934 'est
355 2886 592 2933 scribere:
629 2886 729 2934 nisi
762 2887 931 2934 forsan
957 2885 1183 2933 Abrahae
1211 2883 1440 2932 natalitia
1481 2898 1543 2930 ex
1579 2881 1852 2948 depravato
1894 2887 1944 2928 et

109 2958 341 3006 breviore
362 2956 581 3004 eiusdem
601 2957 794 3005 calculo
817 2958 868 3004 in
898 2972 1083 3006 annum
1107 2959 1265 3010 3312.
1285 2953 1524 3003 retuleris.
1561 2953 1672 3001 Uno
1700 2960 1748 3001 et
1771 2952 1944 3000 eodem

114 3029 228 3076 loco
255 3027 447 3091 gemino
480 3035 715 3094 computo
754 3027 837 3096 (de
866 3045 964 3094 quo
989 3027 1086 3075 iam
1109 3022 1442 3092 frequentius)
1479 3022 1674 3074 Author
1700 3022 1942 3087 Georgius

115 3098 291 3146 utitur.

261 3160 471 3231 Κόσμον
495 3165 550 3219 δὲ
575 3165 700 3219 κατα
720 3189 776 3220 το
804 3163 966 3238 γψλη’
969 3167 1002 3233 .]
1040 3166 1212 3217 Inachi
1247 3173 1416 3215 sextus
1440 3183 1590 3231 supra
1619 3160 1947 3229 quadragesi-

119 3255 255 3288 mum
287 3253 446 3285 annus
481 3240 653 3287 mundi
685 3243 840 3294 3737.
871 3240 1127 3302 iungitur·
1174 3238 1233 3286 ab
1267 3253 1324 3286 eo
1360 3237 1425 3285 ad
1461 3238 1615 3290 4330.
1651 3234 1945 3298 qulngento⁸

121 3309 391 3372 nonaginta
415 3315 517 3357 tres
547 3325 776 3360 numeres
813 3326 1012 3359 necesse
1040 3318 1141 3359 est:
1178 3308 1222 3358 si
1251 3316 1422 3358 tamen
1457 3304 1741 3355 emendatos
1768 3302 1946 3350 obser-

122 3396 212 3430 ves
248 3378 484 3426 calculos.

263 3445 600 3515 Λιαμαρτάνει
642 3450 724 3516 ἔτη
761 3444 870 3500 vuol.
884 3449 903 3514 ]
950 3449 1214 3511 Colligeret
1249 3449 1446 3499 Author
1486 3446 1583 3494 hoc
1631 3450 1794 3508 pacto.
1865 3442 1942 3491 Ab

125 3520 256 3571 orbis
289 3520 499 3568 conditu
522 3521 585 3569 ad
608 3520 854 3570 Abraham
873 3520 1021 3569 medii
1047 3527 1166 3568 suut
1185 3536 1248 3567 ex
1273 3518 1483 3569 Eusebio
1516 3515 1671 3569 3184.
1701 3529 1842 3562 anm·
1885 3513 1945 3561 ab
