2222 3938
711 195 810 250 ΕΤ
843 193 1438 252 ANNOTATIONES.
1856 183 1979 246 405

158 340 186 372 a
212 322 456 388 Scaligero
481 323 696 389 positum
718 323 943 374 falsitatis
965 325 1154 392 arguit,
1190 327 1382 394 reliqua
1405 324 1641 391 Scaligeri
1665 322 1856 375 obiecta
1889 341 1982 374 ceu

158 393 403 444 levissima
427 395 671 443 exsufflat.
1388 452 1392 457 ,

293 464 405 528 Pag.
444 465 530 520 84.
567 461 716 515 Μετοὶ
749 461 838 516 τόν
869 464 1211 533 κατακλυσμὸν
1247 467 1329 533 ἔτη
1368 462 1461 518 τν’.
1499 465 1665 532 μέχρις
1684 459 1978 530 πγ’.“Εβερ.]

153 532 329 581 Annus
355 553 383 582 a
409 533 598 586 diluvio
623 537 741 588 350.
763 536 818 583 in
844 536 1007 586 Heber
1035 540 1119 590 83.
1144 537 1238 585 hac
1260 537 1453 588 ratione
1479 538 1672 585 incidit.
1708 534 1983 599 Arphaxad

151 602 352 652 biennio
394 613 510 669 post
542 605 788 654 diluvium
817 607 1069 656 nascitur:
1120 608 1236 655 anni
1275 615 1322 663 2.
1355 607 1626 673 Arphaxad
1657 605 1827 653 aetatis
1863 604 1979 658 135.

152 681 354 737 generat
380 676 491 723 Sala
527 673 743 743 (Cainan
767 677 897 723 enim
916 678 1153 727 Eusebius
1180 679 1435 743 praeterit)
1473 695 1662 726 summa
1699 678 1814 729 137.
1871 675 1983 722 Sala

156 760 402 793 annorum
430 749 545 799 130.
569 755 770 809 generat
784 747 972 795 Heber:
1010 765 1198 799 summa
1225 754 1341 802 267.
1369 749 1530 799 Heber
1557 751 1637 803 83,
1655 762 1843 794 summa
1862 746 1982 798 350.

290 813 448 881 Ὁρῶν
486 814 540 866 δὲ
576 816 631 867 ἐν
668 820 732 884 τῇ
768 814 1241 885 συγκεφαλαιῶσει.]
1300 821 1449 867 Haec
1486 827 1607 867 sunt
1642 817 1981 867 stultissima.-

153 884 328 940 ncribit
338 886 553 949 Scaliger
566 887 825 936 Animadv.
844 905 890 952 p.
910 879 1026 941 249.
1052 889 1309 953 Sapienter
1322 889 1420 951 ille,
1437 889 1479 936 si
1494 889 1686 936 ratione
1701 887 1978 934 duceretur.

291 955 405 1018 Pag-
443 959 526 1010 85.
562 955 718 1023 Ὁμοῦ
739 955 799 1008 τοὶ
822 954 983 1008 πάντα
1007 958 1085 1023 ἔτη
1113 955 1260 1026 ,αι-ζῇ
1310 960 1385 1006 Ex
1423 958 1632 1024 privatis
1672 954 1982 1008 Genearcha-

149 1038 266 1074 rum
309 1027 614 1090 singulorum
657 1035 770 1076 ante
806 1029 1124 1096 vsnvoyom‘cev
1170 1029 1408 1081 aetatibus
1448 1040 1693 1077 annorum
1728 1030 1878 1079 1307.
1918 1041 1981 1072 ex

151 1097 456 1144 Samariticor
485 1106 718 1162 computo
757 1115 977 1158 summa,
1013 1099 1180 1162 colligi
1212 1099 1407 1163 nequit,
1451 1099 1545 1146 nisi
1573 1097 1709 1162 quod
1739 1103 1982 1161 antepen÷

150 1165 328 1215 ultima
361 1169 682 1231 probavimus
723 1169 1089 1232 observatione,
1124 1169 1297 1217 Enoch
1334 1177 1446 1217 ante
1478 1170 1671 1234 prolem
1703 1173 1981 1230 susceptam

150 1236 283 1284 vitae
314 1237 544 1300 quintum
574 1246 624 1286 et
654 1244 737 1291 60..
764 1239 979 1301 attigisse
1002 1257 1260 1305 ponamus.
1306 1239 1434 1287 Illuc
1459 1240 1673 1288 adducta
1700 1236 1981 1286 coniectura

151 1307 343 1355 ratione
370 1315 418 1355 et
443 1308 676 1372 scaligeri
705 1309 985 1356 testimonio
1009 1311 1216 1373 probata
1233 1309 1484 1373 praesenti
1504 1307 1804 1356 authoritate
1827 1306 1982 1354 robur

151 1393 296 1424 omne
320 1377 414 1424 sibi
440 1386 707 1444 comparat.
746 1379 909 1438 Quare
935 1381 1067 1442 quod
1094 1388 1200 1429 tum
1222 1379 1291 1426 ibi
1318 1396 1427 1444 pag.
1455 1379 1575 1432 243.
1602 1385 1706 1425 tum
1740 1377 1792 1424 in
1833 1375 1982 1429 verba

151 1445 276 1495 haec
299 1464 410 1513 pag.
441 1450 559 1505 249.
581 1450 838 1497 contendit
866 1450 1084 1513 Scaliger
1115 1467 1178 1497 ex
1209 1449 1445 1496 mendoso
1475 1448 1648 1496 codice
1674 1464 1764 1495 suo
1805 1447 1981 1494 Sama-.-

150 1517 299 1566 ritico
323 1518 378 1565 in
406 1527 659 1581 nostrum,
693 1527 753 1567 ut
781 1520 851 1570 ibi
876 1529 1114 1571 assertum
1152 1526 1251 1581 est,
1289 1513 1614 1587 ἀρχαιότατον
1644 1525 1692 1565 et
1715 1533 1831 1564 vere
1854 1509 2001 1583 ‹il-nr

149 1586 243 1648 θὲς
265 1589 466 1637 mendas
489 1590 742 1652 inducere,
779 1598 827 1638 et
849 1586 1005 1659 ἀτκζ.
1034 1597 1327 1654 corruptum
1353 1605 1617 1637 numerum
1650 1585 1832 1636 sinceri
1853 1581 1979 1653 ,0113st

149 1659 261 1706 vice
295 1675 596 1725 supponere,
633 1678 736 1708 non
774 1660 872 1711 nisi
909 1659 1133 1710 indurati
1170 1659 1351 1714 erroris
1386 1659 1644 1710 veritatem
1681 1663 1850 1723 aperte
1878 1655 1975 1703 im—

148 1732 414 1795 pugnantis
448 1731 692 1779 indicium
724 1738 812 1780 est.

272 1798 440 1854 ’Έτεσι
458 1797 622 1866 maest]
659 1801 733 1848 Ita
755 1801 1045 1852 emendatur
1066 1800 1319 1849 Librarius
1353 1816 1417 1848 ex
1440 1798 1640 1864 scriptis
1668 1796 1727 1844 ab
1752 1812 1810 1845 eo
1831 1812 1880 1860 p.
1897 1797 1981 1847 83.

149 1869 207 1917 D.
246 1869 316 1917 ita
350 1871 585 1934 Scaligeri
617 1888 780 1920 novus
816 1889 955 1920 error
986 1889 1095 1937 pag.
1129 1871 1245 1926 243.
1270 1870 1531 1921 Animadv.
1569 1863 1681 1925 22).ss
1720 1865 1982 1914 scribentis

150 1940 404 2003 arguitur,
442 1942 511 1989 ita
540 1942 754 2007 denique
784 1942 1005 1991 numeris
1036 1945 1184 1996 1307.
1214 1948 1263 1988 et
1287 1941 1405 1995 935-
1430 1940 1493 1987 ad
1518 1938 1733 1986 invicem
1771 1951 1983 1997 compo·—

149 2010 261 2058 sitis
295 2019 478 2059 statuta
510 2021 623 2061 ante
657 2013 905 2061 diluvium
947 2031 974 2060 a
1011 2016 1096 2066 70.
1143 2011 1502 2077 interpretibus
1544 2004 1786 2058 annorum
1823 2003 1983 2060 2242.

149 2097 340 2130 summa
364 2084 503 2130 nulla
530 2083 825 2136 difficultate
851 2083 1108 2136 astruitur,

289 2153 491 2212 Λίθους
527 2151 621 2222 γοῖρ
662 2153 812 2207 ἔνθεν
843 2154 936 2218 τ-ε.]
995 2153 1176 2202 Eadem
1209 2150 1495 2202 Eustathius
1532 2147 1674 2213 quasi
1713 2140 1976 2209 αὕτόπτ-ης,

157 2221 238 2270 vel
259 2222 435 2270 saltem
459 2224 531 2270 rei
555 2231 714 2287 gestae
737 2221 1018 2291 ὅμόχρονος.

290 2287 544 2358 Ἀρφαξοῖδ
561 2290 826 2360 γενόμενος
851 2288 959 2359 ρλε’.
985 2290 1246 2359 ἐγέννησεν
1273 2287 1354 2341 τὸν
1380 2290 1582 2339 Καϊνᾶν
1611 2277 1788 2364 ,βτοζῇ
1826 2282 1979 2331 Misth-

151 2362 338 2413 raudus
362 2364 496 2428 apud
519 2364 778 2426 Virgilium
805 2364 911 2411 Nisi
933 2363 993 2411 de
1014 2362 1178 2427 palma
1203 2359 1547 2408 contendentis
1569 2357 1623 2404 in
1644 2356 1806 2403 medlo
1827 2368 1978 2404 cursu

151 2441 394 2500 pratoque
421 2450 590 2481 casus:
632 2442 683 2481 at
712 2433 935 2483 miranda
956 2431 1108 2494 magis
1130 2430 1214 2478 hic
1236 2428 1544 2477 celeberrimi
1573 2424 1831 2489 scriptoris
1861 2421 1978 2501 hal-

150 2505 417 2566 lucinatio,
455 2511 527 2566 et,
566 2504 701 2567 quod
724 2504 894 2566 aiunt,
932 2502 983 2550 in
1009 2503 1159 2567 plano
1192 2499 1441 2564 diligentis
1479 2495 1779 2558 Chronologi
1812 2509 1978 2556 cespi-

150 2574 304 2638 tatio,
353 2581 402 2622 et
439 2575 603 2639 lapsus
638 2574 832 2622 infelix.
895 2573 1147 2637 Nusquam
1197 2571 1396 2619 fallaces
1431 2568 1684 2627 scientiae,
1736 2565 1977 2615 fallantur

149 2645 284 2706 licet,
311 2644 395 2708 qui
421 2661 498 2693 eas
522 2652 752 2693 tractant.
792 2645 931 2704 Quae
957 2643 1139 2691 certior
1161 2639 1517 2691 Mathematicis
1546 2634 1798 2699 cognitio?
1837 2633 1977 2713 (guae

150 2715 519 2765 Mathematicas
554 2715 712 2773 inter,
758 2713 1122 2764 Arithmetica'?
1187 2713 1261 2760 En
1300 2718 1494 2771 tamen,
1543 2708 1631 2772 qui
1676 2721 1895 2755 numeris
1926 2709 1977 2750 et

151 2786 295 2834 annis
325 2786 478 2833 totius
515 2787 646 2834 orbis
671 2785 927 2833 historiam
969 2782 1225 2832 distribuit
1250 2780 1487 2844 Georgius
1519 2777 1777 2843 Syncellus
1805 2774 1858 2821 in
1890 2774 1976 2822 fa·-

152 2856 350 2905 cinimis
374 2858 774 2923 παραλογίζεταιε
815 2863 863 2902 et
899 2855 987 2918 qui
1007 2853 1239 2916 religioso
1278 2852 1581 2901 Graecorum
1607 2863 1743 2898 more
1770 2861 1822 2915 se
1847 2845 1972 2923 Pec-

152 2935 369 2976 catorem
398 2927 661 2992 profitetur
689 2926 744 2973 in
779 2924 1128 2987 Chronologici
1161 2921 1324 2986 operis
1361 2920 1560 2981 limine,
1595 2919 1972 2995 impraesentia-

151 3014 268 3046 rum
305 2998 443 3061 quasi
485 2997 545 3045 de
579 3014 629 3045 se
662 2995 989 3056 vaticinatus,
1040 2993 1278 3058 probatur
1316 2989 1631 3054 Chonologus
1667 2985 1971 3051 ἇμαρτωλος,

151 3067 380 3117 Humana
423 3084 501 3116 res
544 3076 644 3129 est,
694 3066 916 3129 adeoque
952 3064 1216 3122 facillima,
1265 3068 1552 3126 peccatum,
1596 3059 1653 3106 in
1697 3055 1832 3106 facili
1867 3068 1971 3101 non

154 3137 525 3185 committetur?
576 3137 668 3191 ἔτει
705 3136 941 3199 δευτέρω,
991 3135 1163 3182 scribit
1188 3133 1298 3194 ille,
1351 3127 1468 3197 μετὰ
1498 3126 1586 3180 τᾶν
1615 3117 1970 3186 κατακλυσμὸν,

155 3204 272 3272 Σήμ
296 3207 522 3275 ἐγέννησε
544 3204 634 3258 τόν
655 3187 923 3274 Ἀρφαξάδ.
965 3203 1216 3252 Generalis
1239 3201 1370 3251 orbis
1393 3218 1485 3266 per
1510 3197 1753 3250 diluvium
1772 3195 1968 3273 ‘iactura

155 3280 309 3332 2242.
355 3294 483 3324 anno
519 3277 809 3326 ascribitur:
873 3275 1141 3341 Arphaxad
1183 3272 1363 3324 natalis
1409 3271 1512 3318 dies
1561 3272 1809 3330 sequentis
1850 3277 1970 3341 anni

155 3350 308 3402 2243.
343 3347 586 3408 termino,
625 3343 719 3415 (sic
752 3362 937 3394 annum
959 3363 986 3391 a
1014 3344 1204 3394 diluvio
1235 3341 1503 3390 secundum
1539 3331 1765 3400 exponit)
1803 3348 1970 3409 consi-

154 3427 349 3481 gnatur.
407 3417 632 3464 Evolutis
663 3418 828 3482 itaque
863 3423 1061 3463 centum
1088 3422 1135 3462 et
1164 3413 1382 3478 quinque
1413 3426 1559 3474 supra
1585 3405 1784 3468 triginta
1809 3417 1970 3480 11οΠ1118,

155 3507 256 3539 non
278 3492 433 3543 2377.
456 3503 715 3536 numerare
740 3486 961 3547 deberet,
998 3485 1083 3534 sed
1110 3488 1263 3539 2378.
1314 3483 1388 3531 En
1424 3489 1585 3527 tamen
1620 3483 1679 3522 ut
1715 3472 1970 3521 manifeste
