2222 3938
313 147 440 211 526
946 157 1526 216 EMENDATIONES

315 306 435 341 suae
456 291 690 341 restituta
708 288 956 353 libertati,
993 288 1124 338 Iulio
1149 289 1351 339 Caesare
1372 289 1624 339 Dictatore
1650 291 1986 358 proclamato,
2024 307 2142 341 suos

312 379 471 414 annos
507 363 738 428 deinceps
765 368 1036 427 coeperunt
1067 360 1170 408 eius
1203 360 1338 410 cives
1361 359 1642 428 numerare)
1679 362 1991 427 Olympiadis
2021 366 2141 417 182.

315 453 446 484 anno
465 442 641 500 quarto
661 471 675 495 ,
713 440 826 480 ante
854 431 1104 479 Christum
1126 439 1303 479 octavo
1330 447 1479 496 supra
1507 433 1961 497 quadragesimum,
1998 440 2047 480 et
2082 440 2144 480 ut

311 506 507 555 Author
537 503 776 567 Georgius
802 503 864 550 ad
890 519 1004 550 suos
1025 510 1226 567 putaret
1252 502 1470 550 calculos
1491 503 1667 551 mundi
1691 505 1845 557 5453.
1877 502 2143 552 inchoasse

314 577 571 625 doctrinae
603 582 885 638 temporum
922 572 1188 638 scriptores
1229 573 1512 638 praecipui,
1548 574 1761 621 maxime
1801 574 1887 638 qui
1919 573 2143 636 Scalige-

312 665 424 696 rum
454 647 540 694 lib.
578 648 630 698 3.
667 645 787 708 Isag.
829 646 949 691 Can.
986 661 1096 709 pag.
1133 645 1253 698 295.
1294 643 1468 691 ducem
1510 652 1815 708 sequuntur,
1862 644 2144 692 communi-

312 727 391 765 ter
421 717 656 778 tradunt,
695 723 752 762 ut
776 715 915 764 testis
946 723 1020 762 est
1052 714 1141 779 qui
1169 714 1470 762 contrariam
1500 714 1596 761 init
1634 714 1928 762 sententiam
1961 714 2144 763 erudi-

313 795 393 835 tus
422 786 649 835 Petavius
684 786 773 835 lib.
801 790 880 839 10.
907 793 1014 833 toto
1054 803 1163 850 cap.
1195 789 1277 839 62.
1324 785 1543 835 Huiusce
1575 802 1712 834 aerae
1739 786 1798 834 ab
1830 784 2143 834 Antiochen-

314 858 450 906 sibus
477 864 744 922 usurpatae
773 865 980 921 quartus
1015 874 1166 920 supra
1196 856 1490 919 vigesimum
1518 857 1792 921 completus
1810 891 1825 916 ‚
1862 873 1950 904 seu
1973 856 2143 922 potius

314 929 521 992 quintus
555 945 612 975 ac
650 928 914 991 vigesimus
948 928 1003 974 in
1044 927 1353 992 Olympiadis
1389 931 1502 980 189.
1539 944 1722 974 annum
1746 928 1991 991 primum,
2028 932 2142 974 ante

314 998 566 1046 Christum
589 1001 672 1051 23.
701 1006 750 1045 et
780 999 842 1045 ad
872 998 1069 1061 Georgii
1091 997 1252 1045 nostri
1286 1005 1574 1062 computum
1596 997 1649 1045 in
1675 997 1847 1044 mundi
1869 999 2022 1051 5478.
2050 997 2143 1044 in-

314 1069 486 1118 currit.
560 1069 714 1116 Iidem
739 1086 891 1134 porro
918 1077 1199 1132 temporum
1229 1085 1285 1115 ac
1309 1068 1615 1116 diversarum
1639 1068 1888 1115 rationum
1924 1067 2145 1116 calculos

308 1148 526 1189 tractare
544 1139 680 1187 soliti
705 1140 973 1204 scriptores
1000 1139 1117 1186 anni
1139 1139 1424 1203 Aegyptiaci
1449 1138 1752 1203 principium
1790 1137 1872 1204 (de
1903 1155 2000 1202 quo
2025 1138 2143 1186 bre-

309 1211 442 1260 viter
478 1210 720 1258 nonnulla
755 1218 986 1258 notarum
1022 1211 1229 1257 istarum
1269 1226 1379 1274 pag.
1419 1214 1464 1261 1.
1501 1214 1548 1262 6.
1589 1217 1638 1256 et
1675 1212 1758 1262 13.
1798 1207 2142 1274 delibavimus)

310 1281 366 1328 in
405 1289 595 1329 certum
638 1281 755 1328 anni
788 1281 948 1328 nostri
981 1277 1158 1328 Iuliani
1193 1280 1322 1328 diem
1344 1287 1457 1327 ante
1478 1297 1697 1344 pugnam
1722 1278 1976 1327 Actiacam
2008 1279 2142 1327 inci-

311 1352 441 1400 disse
472 1359 685 1415 negant3
734 1352 874 1399 nullo
909 1351 1093 1416 quippe
1129 1350 1418 1398 intercalari
1456 1351 1588 1415 apud
1624 1350 1891 1415 Aegyptios
1921 1357 2140 1414 recepto,

313 1440 501 1470 annum
538 1422 638 1470 illis
677 1422 915 1469 usitatum
941 1440 1039 1470 uno
1069 1421 1147 1469 die
1173 1421 1425 1469 Iulianum
1450 1423 1754 1469 antevertere
1789 1437 1986 1469 necesse
2019 1420 2140 1469 fuit:

147 1498 202 1542 P.
230 1496 287 1542 75
317 1494 521 1558 eiusque
542 1492 751 1541 subinde
777 1493 995 1558 primum
1021 1492 1179 1555 diem,
1216 1509 1390 1556 vagam
1411 1507 1604 1557 semper
1630 1499 1678 1539 et
1700 1491 1941 1539 incertam
1975 1491 2027 1538 in
2053 1508 2142 1538 an-

309 1582 377 1613 no
400 1565 591 1612 Iuliano
617 1564 783 1611 sedem
809 1563 1048 1612 habuisse.
1111 1563 1336 1628 Aegypto
1360 1580 1480 1610 vero
1506 1569 1621 1627 post
1647 1562 1902 1610 Actiacam
1928 1578 2142 1627 pugnam

310 1636 522 1697 domita,
560 1635 892 1698 Romanisque
919 1635 1109 1698 legibus
1137 1651 1195 1681 ac
1221 1633 1463 1681 institutis
1491 1633 1712 1696 subdita,
1753 1632 1864 1697 vagi
1891 1632 2027 1680 illius
2052 1649 2142 1680 an-

307 1706 364 1754 ni
389 1707 473 1753 lex
496 1706 646 1753 simul
677 1707 908 1768 abrogata
936 1713 1037 1767 est,
1076 1713 1125 1753 et
1153 1704 1383 1768 alterius,
1420 1704 1562 1752 cuius
1597 1704 1729 1751 fixus
1767 1705 1898 1751 soret
1923 1703 1978 1750 in
2007 1720 2139 1751 anno

308 1776 505 1825 Iuliano
531 1776 723 1840 primus
744 1776 911 1839 limes,
949 1776 1257 1822 consuetudo
1285 1774 1512 1824 admissa.
1565 1775 1722 1822 Cessit
1748 1774 1947 1822 Actiaca
1973 1773 2137 1823 victo·

307 1847 386 1896 ria
427 1846 619 1894 Caesari
662 1846 913 1908 Augusto,
962 1854 1114 1910 prout
1151 1846 1447 1906 Africanus,
1487 1845 1628 1893 cuius
1661 1845 1784 1892 haec
1820 1844 1971 1894 verba
2006 1852 2138 1906 sunt,

309 1924 489 1982 putat,
530 1916 840 1981 Olympiadis
868 1919 983 1969 187.
1012 1934 1141 1964 anno
1168 1918 1216 1969 4.
1243 1924 1356 1963 ante
1382 1916 1565 1963 Christi
1596 1916 1809 1963 natalem
1841 1931 2024 1963 annum
2051 1917 2138 1968 28.

306 1988 481 2035 mundi
506 1987 659 2040 5472.
691 2003 788 2050 quo
813 1987 1011 2034 erratici
1039 1986 1156 2034 anni
1182 1985 1378 2048 Thoth,
1416 1986 1521 2034 sive
1555 1985 1887 2050 principium,
1926 1985 2139 2048 Augusti

305 2058 490 2106 mensis
516 2057 646 2104 diem
671 2061 755 2110 29.
781 2058 1071 2122 occupabat.
1141 2057 1273 2104 Exin
1309 2058 1569 2120 utriusque
1607 2056 1727 2103 anni
1757 2056 1862 2104 dies
1897 2055 2047 2117 certi,
2088 2063 2139 2104 et

305 2128 482 2176 iisdem
514 2127 688 2191 spatiis
712 2144 739 2172 a
762 2143 812 2174 se
833 2127 1046 2175 invicem
1075 2127 1262 2188 dissiti,
1306 2127 1408 2175 labi
1442 2134 1726 2190 coeperunt.
1795 2125 2140 2175 verumenim-

307 2216 427 2247 vero
444 2235 458 2260 ,
494 2197 672 2247 vitiosa
694 2196 875 2244 Iuliani
901 2198 1019 2245 anni
1047 2197 1371 2263 dispositione
1396 2214 1458 2244 ex
1479 2197 1685 2244 adiectis
1713 2195 2007 2261 quibusdam
2031 2196 2140 2245 die-

308 2269 404 2317 bus
427 2267 806 2316 intercalaribus
838 2267 1101 2333 superfluis
1126 2268 1424 2332 Aegyptium
1449 2286 1475 2314 a
1498 2269 1735 2316 mendoso
1763 2267 1956 2316 Iuliano
1982 2284 2140 2315 exor-

307 2339 467 2388 bitare
491 2346 722 2402 cogente,
762 2339 931 2387 eodem
958 2339 1152 2387 Iuliano
1180 2338 1498 2403 postmodum
1525 2338 1790 2402 castigem,
1829 2345 1878 2386 et
1906 2337 2140 2403 Aegyptii

309 2409 479 2458 Thoth
505 2410 568 2456 ad
592 2408 773 2456 mensis
799 2409 1010 2472 Augusti
1032 2414 1119 2463 29.
1146 2410 1300 2465 diem,
1342 2426 1443 2474 quo
1460 2445 1475 2473 ‚
1515 2409 1719 2457 subacta
1739 2410 1989 2474 Aegypto,
2027 2408 2140 2473 pri-

309 2497 447 2528 mum
487 2487 715 2541 steterat,
778 2488 1015 2528 revocato
1035 2520 1050 2543 ,
1103 2497 1162 2527 ac
1207 2480 1406 2527 demum
1451 2487 1652 2545 recepto
1698 2479 1763 2527 ad
1811 2478 2136 2527 accuratioris

309 2549 654 2599 Astronomiae
672 2550 864 2613 regulas
888 2550 1175 2598 intercalari
1205 2550 1310 2612 die,
1347 2550 1506 2598 fixum
1532 2551 1763 2616 deinceps
1790 2557 1841 2597 et
1874 2551 2135 2597 immotum

308 2621 501 2686 primus
526 2620 706 2668 mensis
734 2621 1031 2686 Aegyptius,
1073 2621 1156 2669 cui
1189 2620 1356 2668 Thoth
1386 2638 1594 2684 nomen,
1631 2626 1718 2676 29.
1758 2620 1967 2684 Augusti
1990 2619 2136 2684 prin-

311 2690 505 2756 cipium
539 2690 772 2741 obtinuit.
846 2693 1120 2740 Perfectam
1153 2691 1291 2739 illam
1321 2698 1371 2739 et
1404 2692 1678 2740 absolutam
1714 2691 1977 2755 utriusque
2015 2687 2135 2737 anni

306 2760 677 2826 :reparationem
724 2769 968 2810 memorat
1011 2761 1279 2810 Africanus
1325 2762 1606 2810 institutam
1651 2760 1962 2827 Olympiadis
2014 2763 2132 2813 189.

308 2849 441 2879 anno
483 2831 661 2896 prim0.
733 2825 803 2897 ἦν
832 2827 1103 2899 Ὀλυμπιὰς
1141 2828 1276 2900 ρπθ’.
1313 2849 1412 2897 quo
1439 2833 1700 2899 superfluis
1731 2831 1925 2880 duobus
1957 2829 2132 2878 diebus

306 2901 687 2950 intercalaribus
725 2902 956 2966 sublatiS,
1009 2903 1217 2968 reliqui,
1269 2911 1327 2952 ut
1372 2905 1642 2970 composito
1688 2901 1920 2966 deinceps
1957 2899 2134 2949 ordine

305 2972 651 3038 procederent,
679 2980 797 3020 sunt
819 2973 1110 3036 instaurati,
1149 2991 1246 3038 quo
1271 2973 1442 3022 eodem
1465 2990 1604 3022 aerae
1625 2969 1963 3020 Antiochenae
1985 2987 2132 3035 quar-

304 3051 388 3104 tus
411 3043 493 3091 vel
515 3042 713 3106 quintus
743 3059 894 3107 supra
917 3044 1208 3108 vigesimum
1243 3044 1519 3108 completus
1554 3043 1931 3106 numerabatur,
1967 3041 2131 3088 idem..

306 3130 403 3178 que
433 3111 808 3160 intercalatione
834 3114 963 3162 facta
991 3115 1291 3180 conspicuus
1329 3121 1458 3175 erat,
1497 3121 1545 3162 et
1579 3113 1847 3163 bissextilis
1883 3111 2129 3175 audiebat,

305 3181 416 3249 ἥτις
451 3180 547 3250 πρό
584 3178 639 3241 ς’.
681 3184 965 3234 Καλανδῶν
1001 3186 1250 3251 Μαρτίων
1284 3181 1411 3233 navo?
1442 3181 1704 3250 Ἀντιοχεῖς
1740 3179 1830 3235 κδ’.
1866 3180 2031 3249 ἤχθηι
2069 3197 2131 3229 ac

308 3254 511 3302 tandem
534 3253 618 3319 qui
641 3252 865 3301 effraenis
892 3262 940 3301 et
959 3254 1140 3318 absque
1162 3254 1278 3317 iugo
1300 3253 1557 3303 incedebat
1580 3255 1941 3320 Aegyptiorum
1967 3267 2130 3300 annus

309 3323 470 3372 fixum
494 3332 771 3388 statumque
792 3323 945 3385 diem,
985 3341 1084 3388 quo
1123 3324 1368 3372 desineret
1395 3332 1444 3371 et
1465 3334 1820 3388 renovaretur,
1856 3325 1912 3372 in
1935 3322 2128 3370 Iuliano

310 3402 386 3442 est
420 3402 733 3460 assequutus:
771 3388 842 3445 δι’
868 3387 932 3460 ἧς
955 3393 1039 3445 ἐπὶ
1067 3397 1167 3445 τῶν
1193 3393 1347 3461 ὁρίων
1381 3393 1492 3461 ἔστη
1517 3395 1549 3447 ό
1567 3392 1802 3456 ἐνιαυτός.
1873 3392 2130 3444 videndus

308 3462 397 3514 hic
416 3466 643 3518 Petavius
671 3465 757 3516 lib.
783 3468 865 3521 10.
891 3465 953 3531 de
977 3465 1122 3515 Doct.
1143 3466 1313 3532 Temp.
1340 3481 1446 3533 cap.
1471 3471 1559 3524 71.
1630 3467 1782 3530 Quod
1817 3465 2034 3530 Scaliger
2066 3462 2130 3511 de
