2112 3854
199 185 281 247 34
929 189 998 246 G.
1036 190 1105 245 G.
1136 189 1477 281 RBEDOVII

341 323 527 374 Imbres
552 322 731 374 diluvii
754 321 808 371 in
832 329 1018 372 terram
1039 319 1239 372 irruunt
1264 320 1623 390 quadraginta
1645 322 1751 373 dies
1778 328 1827 372 et
1847 327 2027 372 noctes<
2099 294 2112 361 '⁷

203 394 569 462 quadraginta.
600 396 774 446 Genes.
797 398 849 447 7.
885 392 935 446 4.
959 396 1039 446 12.
1067 397 1148 447 17.

339 466 480 531 Aqua
502 465 680 515 diluvii
707 464 946 513 decrescit
971 462 1320 530 quadraginta
1347 481 1438 530 per
1462 464 1582 514 dies.
1622 465 1797 515 Genes.
1821 467 1870 524 8,
1896 465 1948 517 6.

340 537 476 585 Isaac
513 534 861 602 quadraginta
891 551 1134 583 annorum
1158 535 1283 602 fuit,
1317 552 1470 600 quum
1509 535 1782 585 Rebeccam
1811 549 2022 582 uxorem
2111 595 2112 598 Ἴ

199 605 293 656 sibi
313 607 533 656 duceret.
584 606 757 653 Genes.
783 605 852 659 25
868 639 884 668 ,
919 609 1003 658 20.
2108 645 2112 652 .

338 677 469 726 Esau
487 674 846 742 quadraginta
864 692 1109 724 annorum
1139 675 1262 740 fuit,
1300 692 1453 741 quum
1481 674 1734 724 luditham
1763 672 1859 723 sibi
1886 690 2019 722 uxo·
2101 707 2107 718 .

198 763 306 798 rem
329 747 546 796 duceret.
599 747 771 797 Genes.
794 749 890 808 26,
927 745 1013 799 34.

336 818 495 866 Moses
521 816 871 882 quadraginta
895 833 1052 864 annos
1083 817 1327 882 populum
1355 833 1499 866 suum
1525 833 1616 882 per
1643 815 1895 864 desertum
1922 813 2022 862 du·-

195 886 295 950 cit,
334 887 596 940 Deuteron
619 894 678 1011 27,
713 893 771 941 7·
759 923 775 951 ,
811 887 1123 952 moriturque
1156 905 1287 936 anno
1311 887 1446 937 vitae
1469 887 1710 991 vigesimo
1735 884 2021 934 centesimo.

194 958 463 1008 Deuteron.
498 958 598 1021 34,

336 1028 393 1076 In
421 1036 589 1087 monte
625 1027 759 1076 Sinai
792 1027 951 1076 Moses
984 991 1210 1077 moratur
1238 1026 1593 1094 quadraginta
1630 1026 1735 1076 dies
1763 1032 1814 1075 et
1849 1031 2028 1074 noctes

196 1085 566 1165 quadraginta.
604 1099 763 1149 Exod.
793 1099 891 1161 34,
927 1101 1012 1152 38.

337 1170 694 1235 Exploratores
714 1206 730 1231 ,
767 1186 890 1233 quos
920 1169 1079 1218 Moses
1103 1168 1387 1233 praemisit,
1422 1175 1482 1217 ut
1511 1176 1694 1216 terram
1724 1168 1920 1216 Canaan
1940 1164 2024 1214 vi·-

194 1248 388 1299 serent,
424 1240 633 1289 redeunt
656 1247 770 1319 post
792 1237 1148 1303 quadraginta
1170 1238 1289 1291 dies.
1361 1239 1566 1287 Numeri
1596 1242 1686 1300 13,
1725 1243 1811 1292 26.

337 1311 454 1359 Post
492 1310 863 1376 oppressionem
893 1311 986 1359 τοῦ
1022 1310 1215 1371 Cusan,
1251 1309 1378 1372 regis
1405 1308 1814 1374 Mesopotamiae,
1858 1307 2026 1356 Israe-

194 1378 300 1428 litis
325 1388 399 1428 est
421 1397 523 1446 pax
546 1378 896 1444 quadraginta
926 1395 1188 1427 annorum.
1260 1379 1506 1441 Iudic.3,
1543 1383 1626 1433 11.

335 1451 454 1499 Post
471 1450 733 1500 victoriam
761 1449 977 1498 Deborae
998 1466 1102 1515 pax
1129 1456 1203 1498 est
1230 1449 1583 1516 quadraginta
1611 1465 1874 1498 annorum.
1931 1445 2027 1497 Iu-

338 1593 457 1640 Post
482 1588 1051 1640 clademMidianitarum
1070 1607 1172 1657 pax
1194 1598 1267 1640 est
1279 1588 1635 1657 quadraginta
1655 1606 1918 1640 annorum.
1944 1589 2029 1638 Iu-

199 1661 300 1712 dic.
337 1664 397 1724 8,
438 1664 522 1715 28.
2104 1663 2108 1668 ’

335 1730 614 1781 Philistaeis
642 1731 894 1781 Israelitae
924 1730 1151 1781 serviunt
1185 1729 1539 1798 quadraginta
1563 1748 1655 1799 per
1689 1747 1860 1780 annos.
1933 1729 2026 1780 Iu·-

197 1802 296 1853 dic.
324 1804 391 1856 13
456 1806 504 1855 1.

333 1841 419 1920 Eli'
439 1871 595 1922 iudex
631 1879 709 1921 est
743 1871 1081 1922 Israelitarum
1109 1870 1463 1939 quadraginta
1496 1888 1587 1940 per
1627 1889 1802 1924 annos.
1865 1871 1904 1923 I.
1931 1872 2029 1920 Sa-

202 1942 351 1993 muel.
374 1942 422 1995 4.
463 1946 545 1995 18.

346 2012 550 2060 Goliath
573 2012 750 2061 castris
781 2013 977 2061 excedit
999 2012 1194 2063 hostem
1224 2031 1507 2082 provocans
1535 2011 1889 2079 quadraginta
1914 2011 2025 2061 die-

198 2083 304 2133 buS.
345 2083 384 2132 Ι.
422 2083 634 2132 Samuel.
663 2087 748 2136 17.
788 2088 871 2136 16.

335 2153 498 2202 David
516 2153 745 2218 regnavit
771 2151 1123 2220 quadraginta
1145 2173 1317 2206 annos.
1391 2156 1453 2207 Π.
1481 2155 1694 2203 Samuel.
1718 2155 1768 2209 5.
1806 2153 1856 2207 4.

332 2223 555 2272 Isboseth
593 2221 947 2290 quadraginta
981 2243 1223 2276 annorum
1259 2234 1364 2276 erat
1377 2266 1393 2291 ,
1430 2243 1583 2292 quum
1613 2242 1708 2275 rex
1733 2226 1897 2274 factus
1935 2230 2027 2272 est.

197 2294 264 2345 11.
295 2296 424 2344 Sam.
453 2299 503 2347 2.
540 2299 624 2348 10.

330 2364 546 2414 Absalon
567 2372 688 2432 post
709 2364 1062 2432 quadraginta
1086 2385 1240 2418 annos
1264 2368 1328 2417 ad
1350 2384 1514 2432 regem
1539 2365 1693 2417 venit.
1727 2365 1788 2415 II.
1811 2364 2026 2415 Samuel.

338 2505 535 2554 Salomo
557 2505 785 2569 regnavit
811 2505 1166 2573 quadraginta
1186 2522 1279 2571 per
1297 2523 1468 2556 annos.
1517 2506 1557 2554 I.
1582 2507 1699 2570 Reg·
1730 2509 1810 2559 11.
1847 2504 1933 2559 42.

262 2643 307 2693 R
333 2575 466 2623 Elias
489 2576 598 2623 cibo
619 2576 858 2626 abstinuit
881 2579 1234 2644 quadraginta
1260 2578 1363 2626 dies
1387 2586 1436 2627 et
1460 2584 1631 2626 noctes
1658 2574 2026 2642 quadraginta.

191 2645 230 2695 1.
310 2661 381 2708 eg.
404 2649 485 2699 19
522 2649 569 2698 8.
771 2660 780 2665 '

332 2715 580 2780 Multique
613 2715 699 2764 alii
725 2715 829 2764 loci
850 2717 967 2765 addi
990 2724 1229 2783 possunt,
1266 2723 1326 2765 ut
1350 2716 1531 2767 Ezech.
1553 2721 1640 2771 29.
1680 2720 1763 2771 12.
1800 2719 1895 2770 13·
1883 2753 1898 2779 ,
1936 2716 2026 2765 Io-

191 2802 282 2836 nas
308 2790 361 2839 3.
398 2786 460 2847 4,
499 2794 594 2834 etc.

333 2857 411 2904 Ex
444 2855 626 2904 horum
653 2855 881 2904 locorum
909 2857 1051 2923 copia
1084 2856 1202 2905 satis
1240 2863 1470 2922 apparet,
1509 2853 1858 2921 quadraginta
1884 2855 2023 2922 apud

184 2926 441 2977 Hebraeos
466 2926 530 2974 ad
549 2926 663 2974 illos
691 2943 944 2990 numeros,
983 2945 1108 2993 quos
1136 2929 1379 2976 rotundos
1405 2935 1601 2989 vocant,
1637 2926 1902 2992 pertinere,
1931 2927 2021 2991 qui

188 3005 386 3065 praeter
411 3005 606 3045 certum
637 3014 901 3046 numerum
930 2998 1303 3047 multitudinem
1329 3015 1433 3047 non
1455 2997 1626 3045 stricte
1655 2997 1847 3045 finitam
1879 2997 2022 3045 indi-

192 3075 324 3117 cant.
393 3067 553 3132 Igitur
591 3065 688 3115 hoc
728 3085 935 3117 numero
979 3069 1056 3117 usi
1096 3076 1240 3130 sunt,
1291 3076 1376 3117 aut
1407 3067 1450 3116 si
1486 3085 1728 3115 annorum
1763 3068 2021 3117 dierumve

190 3139 388 3205 copiam
423 3155 528 3186 non
553 3146 781 3186 accurate
807 3148 1173 3201 cognoverant,
1210 3146 1297 3187 aut
1319 3147 1548 3188 accurate
1578 3134 1854 3201 significare
1880 3139 2021 3187 nole-

186 3207 323 3258 bant.
396 3203 563 3277 (Unde
595 3225 701 3256 non
731 3209 836 3257 sine
856 3210 1050 3258 ratione
1084 3211 1312 3274 colligas,
1348 3226 1553 3275 prorsus
1575 3209 1683 3257 fieri
1717 3226 1820 3256 non
1858 3226 2018 3275 posse,

186 3287 244 3328 ut
283 3293 310 3327 e
349 3277 569 3328 numeris
591 3278 786 3327 biblicis
827 3280 948 3327 anni
968 3281 1142 3329 Mundi
1170 3289 1545 3346 computentur,
1585 3296 1739 3344 quum
1763 3287 1812 3328 et
1838 3295 2019 3328 nume-

182 3365 268 3398 rus
303 3349 521 3398 incertae
560 3349 933 3413 significationis
979 3351 1173 3416 saepius
1207 3359 1464 3414 recurrat,
1503 3358 1551 3399 et
1582 3350 1637 3398 in
1670 3350 1844 3398 multis
1870 3350 2017 3400 rebus

183 3419 332 3482 gestis
363 3418 600 3486 temporis
627 3419 843 3485 spatium
867 3438 969 3469 non
995 3422 1192 3470 finitum
1210 3420 1411 3488 'sit).—
1432 3422 1495 3470 Et
1520 3422 1574 3469 in
1599 3421 1824 3470 dialectis
1851 3421 2017 3470 orien-

182 3489 394 3555 talibus,
423 3504 550 3539 cum
577 3490 819 3540 Hebraica
844 3493 1090 3556 cognatis,
1126 3492 1260 3542 idem
1284 3492 1463 3542 modus
1484 3492 1725 3557 loquendi
1749 3491 2014 3559 reperitur.
