2222 3938
692 203 790 258 ET
829 200 1414 260 ANNOTATIONES.
1844 192 1968 254 453

140 333 294 386 3271.
342 345 550 394 regnum
586 341 842 394 assecuto,
889 334 952 383 ad
993 334 1246 383 excidium
1283 333 1550 383 Troianum
1587 340 1638 382 et
1674 333 1970 385 Teutamum

50 451 55 455 ,
139 400 433 465 vigesimum
468 410 517 449 et
550 404 814 468 septimum
853 422 1047 469 regem,
1087 407 1175 453 sub
1210 422 1310 470 quo
1347 405 1591 453 Diodorus
1643 401 1725 472 (ut
1749 412 1799 452 et
1821 406 1970 454 Euse-

138 470 269 536 hius)
309 471 502 519 cladem
525 472 663 521 illam
694 476 986 537 constituit,
1025 492 1267 540 nusquam
1297 493 1454 523 annos
1490 476 1627 523 mille
1665 492 1965 524 numerave-

138 541 236 604 rit,
275 558 386 590 cum
425 543 689 592 Teutamus
716 547 800 594 ille
825 515 1000 594 mund'i
1035 548 1188 600 4124.
1225 563 1319 594 rex
1347 547 1626 595 declaratus
1651 546 1971 610 Assyriorum

138 611 337 677 imperii
361 631 388 659 a
411 613 540 661 Nino
574 615 838 664 instaurati
869 619 1000 665 solos
1029 618 1148 670 853.
1177 634 1361 678 annos,
1400 625 1448 664 et
1470 635 1496 664 a
1523 618 1642 664 Belo
1674 617 1825 682 positi
1852 621 1971 670 909.

137 683 374 746 attingat:
426 691 475 731 et
510 683 593 732 hic
628 696 916 752 computus,
965 697 1021 734 ut
1051 682 1210 751 Qass'.
1247 691 1366 741 942.
1404 688 1457 734 in
1498 688 1814 750 marginalem
1843 682 1971 746 ἥθ’.
2000 691 2055 735 V.
2081 686 2138 737 43

137 757 258 807 909.
289 761 560 817 mutarem,
598 774 675 803 me
700 757 930 822 impulit:
969 758 1058 805 etsi
1083 762 1203 812 909.
1233 759 1374 805 annis
1399 758 1650 806 addendos
1672 759 1842 819 fatear,
1883 758 1972 822 qui

138 840 167 870 a
202 825 428 872 Teutami
463 827 719 892 principio
757 830 821 876 ad
858 829 1161 876 destructam
1197 844 1355 892 usque
1394 829 1592 876 Troiam
1627 829 1972 878 decurrerunt.

136 893 176 940 Ii
200 911 354 958 porro
379 905 498 943 sunt
524 897 608 950 24.
646 897 890 964 (Teutami
914 915 1130 962 namque
1151 897 1255 946 sive
1282 899 1516 946 Tautanis
1543 904 1626 952 26.
1657 917 1684 946 a
1702 900 1838 948 vNino
1863 899 1972 946 As*

138 965 386 1028 syriorum
408 965 563 1029 regis,
601 970 681 1016 vel
709 987 736 1015 a
763 970 880 1017 Belo
909 974 997 1023 27.
1023 986 1152 1016 anno
1181 968 1264 1021 25.
1305 969 1506 1017 Troiam
1543 986 1759 1018 eversam
1789 986 1972 1018 memo-

107 1031 109 1035 ’
136 1042 216 1083 rat
241 1035 497 1102 Eusebius)
539 1046 588 1084 et
617 1040 1023 1102 praecedentibus
1049 1044 1168 1092 909.
1194 1038 1420 1087 adiuncti
1440 1040 1661 1088 reddunt
1685 1043 1803 1093 933.
1829 1057 1971 1087 sum-

136 1122 284 1154 mam.
335 1107 562 1166 Quadrat
581 1108 666 1156 hic
690 1110 879 1158 Petavii
905 1110 1136 1157 doctrina
1165 1108 1254 1159 lib.
1294 1115 1342 1165 9.
1382 1127 1490 1175 cap.
1528 1110 1610 1163 14.
1666 1110 1724 1157 In
1748 1111 1972 1158 Graeco-

136 1192 256 1225 rum
297 1181 635 1227 monumentis
677 1181 894 1244 legitnr,
946 1181 1262 1242 Teutamum‚
1323 1181 1424 1230 sive
1471 1182 1772 1244 Teutanem‚
1823 1180 1908 1243 qui
1943 1197 1972 1228 a

137 1247 268 1295 Nino
306 1252 390 1302 26.
428 1257 747 1313 numeratur,
792 1252 985 1299 Priamo
1018 1251 1255 1299 adversus
1293 1251 1506 1299 Graecos
1541 1251 1727 1298 auxilia
1768 1251 1971 1300 misisse.

138 1317 290 1377 Quod
325 1335 388 1366 ex
420 1319 639 1367 Diodoro
676 1322 891 1386 sumpsit
927 1321 1184 1369 Eusebius,
1259 1323 1355 1369 Sed
1391 1330 1671 1386 temporum
1705 1322 1831 1368 ratio
1868 1338 1973 1369 non

137 1388 256 1435 satis
298 1396 510 1438 constat.
582 1391 705 1439 Nam
745 1393 937 1457 primus
976 1392 1200 1439 Teutami
1236 1410 1394 1440 annus
1421 1391 1473 1438 in
1509 1391 1783 1439 Eusebiano
1817 1390 1972 1439 Chre-

136 1458 252 1506 nico
278 1458 459 1506 incidit
480 1461 534 1507 in
556 1478 741 1509 annum
771 1463 830 1509 ab
859 1461 1124 1510 Abrahami
1155 1471 1270 1510 ortu
1299 1467 1416 1515 811.
1443 1462 1620 1524 quibus
1647 1461 1686 1508 si
1715 1462 1799 1515 42.
1836 1462 1972 1524 Nini,

138 1530 224 1593 qui
248 1530 562 1578 Pati-iarcliae
598 1533 811 1582 natalem
846 1533 1171 1593 antecedunt,
1209 1541 1256 1579 et
1291 1533 1395 1580 Beli
1420 1534 1502 1584 55.
1527 1532 1807 1595 addideris,
1847 1548 1971 1579 con-

65 1650 67 1652 ,
137 1600 260 1648 fient
293 1601 352 1648 ab
390 1601 534 1651 initio
568 1602 675 1651 Beli
710 1603 775 1650 ad
808 1602 1096 1665 viges-imum
1126 1603 1356 1666 quintum
1393 1603 1644 1663 Teutami‚
1684 1619 1782 1665 quo
1821 1602 1972 1650 Troia

139 1678 285 1736 capta
315 1679 647 1737 memor-atur,
691 1672 810 1721 anni
845 1677 966 1726 832.
1021 1674 1278 1723 Caeterum
1312 1672 1599 1734 adBabii,¹
1623 1673 1728 1720 sive
1762 1673 1968 1720 secundi
1993 1676 2132 1724 P..47

138 1742 375 1789 Teutanis
398 1750 627 1809 tempora
657 1743 910 1793 excidium
934 1743 1110 1792 Troiae
1137 1743 1397 1793 submovet
1429 1742 1650 1805 Author,
1687 1743 1749 1791 de
1783 1759 1882 1811 quo
1918 1742 1974 1791 in

139 1813 474 1877 sequentibus.

278 1885 392 1947 Pflg-
433 1887 550 1938 167.
584 1879 697 1936 Ἐπὶ
734 1885 1148 1951 Δήμοφοῶντοςῇ
1201 1884 1509 1934 Adversatur
1533 1879 1743 1931 ‘sibimet
1781 1881 1974 1932 Author

136 1952 268 2003 infra
296 1971 406 2020 pag.
423 1959 550 2009 172.
566 1956 624 2005 D.
654 1957 844 2004 cladem
872 1957 1137 2005 Troianam
1158 1957 1212 2004 in
1237 1955 1508 2005 Menesthei
1535 1954 1762 2004 ultimum
1788 1970 1975 2002 annum

137 2040 394 2074 revocanS.
432 2026 485 2072 Si
511 2034 675 2074 tamen
702 2024 758 2078 τό
782 2025 890 2089 ἐπὶ,
928 2025 1018 2093 per
1043 2025 1166 2078 κατοῖ
1185 2066 1198 2088 ,
1236 2027 1336 2075 hoc
1359 2034 1458 2083 est,
1495 2043 1698 2086 versae,
1737 2031 1973 2089 exponat,

138 2096 307 2143 nullus
340 2096 396 2145 in
428 2096 532 2144 eius
560 2097 707 2145 dictis
743 2097 1032 2146 conflictus:
1068 2114 1240 2147 versus
1269 2098 1400 2146 enim
1427 2095 1819 2158 Demophoontis
1842 2102 1972 2144 tem-

138 2182 264 2230 pora
290 2175 404 2214 ante
428 2168 570 2229 regni
598 2167 698 2215 eius
723 2185 904 2215 annum
938 2168 1157 2232 primum
1185 2185 1356 2216 eversa
1376 2175 1451 2214 est
1479 2167 1643 2214 Troia.

284 2237 876 2302 Κεφαλαίωνὲπίσημος.]
906 2238 1273 2302 Cephalionem,
1301 2236 1706 2300 Cephalaeonem,
1723 2241 1770 2281 et
1782 2233 1971 2297 Cepha·

139 2307 498 2368 lonem,atnon
524 2307 735 2354 eundem
751 2307 901 2354 scribi
926 2307 1108 2354 nemini
1128 2307 1334 2354 dubium
1357 2323 1462 2353 esse
1486 2306 1644 2365 debet,
1668 2305 1976 2367 Κεφαλίωνα

139 2378 314 2425 scribit
337 2376 543 2423 Photius
569 2384 618 2424 et
642 2378 979 2439 Κεφαλαίωνα
1006 2377 1227 2424 sectione
1247 2382 1331 2430 70.
1348 2384 1396 2423 et
1412 2381 1527 2429 161.
1556 2383 1615 2421 ut
1638 2373 1722 2421 hic
1748 2373 1974 2422 Aul-hor:

142 2443 429 2511 Κεφάλωνα
452 2447 643 2508 Suidas,
667 2448 845 2495 Strabo
859 2447 942 2495 lib.
963 2451 1042 2500 13.
1062 2455 1110 2494 et·
1134 2447 1398 2510 Dionysius
1419 2445 1850 2494 Halicarnassaeus
1871 2445 1972 2491 An·-

140 2518 230 2582 tiq.
258 2519 398 2566 Rom.
426 2517 512 2564 lib.
544 2522 589 2570 1.
614 2518 847 2580 quocirca
877 2519 1117 2565 Strabone
1145 2524 1196 2564 et
1222 2517 1457 2580 Dionysio
1481 2515 1620 2563 hunc
1643 2514 1974 2578 antiquiorem

140 2605 246 2638 non
267 2588 436 2635 debuit
460 2588 637 2635 Suidas
658 2588 721 2635 ad
748 2587 952 2635 Adiiani
981 2595 1203 2651 tempora
1232 2587 1535 2636 submovere.
1573 2587 1739 2634 Pauca
1763 2583 1886 2631 haec
1909 2600 1973 2632 ex

143 2658 356 2721 Allatio,
394 2657 643 2706 Allatius
629 2673 734 2743 ipse
766 2657 913 2722 plura
938 2657 998 2705 de
1023 2656 1322 2723 Cephalione
1343 2665 1391 2704 et
1419 2657 1523 2706 eius
1557 2655 1785 2718 scriptia,
1823 2671 1973 2719 quam

142 2730 410 2794 ἐπίσημος,
446 2727 532 2778 καὶ
558 2723 629 2786 εἷς
662 2723 752 2792 οὐχ
775 2727 805 2779 ὁ
832 2747 1020 2793 τυχων,
1060 2728 1303 2792 opusculo
1338 2727 1400 2775 de
1432 2727 1594 2791 patria
1619 2724 1822 2773 Homeri
1853 2741 1895 2771 c.
1926 2729 1970 2776 1.

143 2817 242 2864 quo
267 2816 389 2863 quae
412 2799 472 2847 de
501 2797 839 2862 Cephalione
826 2816 880 2845 m
905 2799 1008 2847 suis
1031 2798 1175 2847 Notis
1203 2815 1253 2863 p.
1287 2800 1406 2853 254.
1429 2797 1772 2846 hallucinatur
1809 2794 1972 2842 Scali-

143 2887 230 2935 ger
254 2869 308 2917 in
334 2870 498 2917 lucem
528 2868 830 2934 pioduntur.

238 2939 391 2992 Καὶ
433 2959 536 2991 των
576 2942 768 2992 λοιπων
804 2939 876 3002 εἰς
913 2935 984 3008 α’.
1023 2936 1196 3002 gram]
1244 2938 1371 3003 Lege
1407 2934 1493 2988 καὶ
1529 2937 1630 2987 τῶν
1665 2938 1857 2988 λοιπων
1901 2935 1971 2995 εἷς

147 3008 219 3080 α’.
258 3010 359 3074 §.tn

286 3082 398 3143 Pag·
437 3083 554 3133 168.
598 3078 654 3131 Ὅ
696 3078 864 3147 μέντοι
909 3074 1157 3143 Εὐσέβιος
1191 3078 1369 3143 καίπερ
1407 3074 1790 3145 neumnensium]
1836 3073 1970 3121 Haec

148 3149 367 3213 Scaliger
401 3151 524 3198 Not.
551 3150 670 3204 254.
702 3159 751 3198 et
773 3166 880 3215 pag.
910 3155 959 3203 2.
982 3148 1060 3196 his
1085 3148 1284 3213 pliora.
1323 3156 1372 3196 et
1400 3149 1638 3212 quaedam
1663 3163 1727 3194 ex
1754 3159 1968 3208 sequen-

147 3186 309 3270 tibuso
319 3219 498 3284 prioris
521 3220 622 3268 loci
646 3221 876 3268 columna
900 3219 1114 3267 secunda
1142 3227 1191 3266 et
1210 3218 1389 3283 pagina
1411 3223 1495 3272 57.

297 3294 376 3357 Τῷ
401 3286 621 3357 Καστορι
649 3295 837 3355 μᾶλλον
861 3284 1254 3354 ακολουθησας]
1305 3289 1430 3348 Quis
1453 3288 1539 3336 ille
1575 3283 1788 3333 Castoris
1813 3284 1972 3332 vesti-

148 3360 226 3423 gia
267 3360 539 3424 sequutus?
584 3360 851 3409 Eusebius:
888 3360 1154 3424 respondet
1181 3358 1392 3409 Author.
1445 3359 1511 3406 At
1541 3357 1583 3403 si
1618 3356 1866 3401 Cast01em
1890 3369 1970 3403 se-

150 3437 338 3494 quutus
379 3430 618 3477 Eusebius
659 3431 712 3477 in
746 3431 862 3478 solis
902 3431 1104 3492 tiiginta
1128 3446 1215 3477 sex
1252 3428 1565 3503 Assyiiorum
1595 3441 1679 3487 leg
1665 3423 1787 3471 ibus
1820 3423 1969 3471 colli..

152 3500 322 3565 gendis
341 3537 355 3564 ‚
394 3517 490 3565 qua
523 3501 739 3561 ratione,
786 3517 883 3565 qua
923 3502 1112 3562 fronte,
1149 3500 1329 3549 malam
1363 3494 1561 3546 Eusebii
1597 3462 1966 3544 111⁰Africanum
