2112 3854
713 183 1266 239 CHRONOGRAPH.
1301 181 1559 236 CANON.
1919 171 2044 229 227

277 317 532 357 Macedonum
559 318 705 365 Reges.
800 316 1001 363 Lydorum
1074 315 1270 352 Romano·
1411 315 1539 362 Reges
1562 313 1679 349 Iuda.
1725 310 1730 315 '
1821 310 2015 359 olympia-

533 388 725 432 Emendg-
831 375 977 421 Reges.
1053 384 1139 414 rum
1155 374 1296 420 Reges.
1881 371 1962 406 des.

515 455 594 486 tum
614 443 736 481 latex·-

558 502 697 540 culum.

1815 706 1968 752 olymp.
1988 707 2049 745 4ο,

334 852 400 901 31
487 856 495 914 ι
613 852 680 904 31
888 853 956 902 33
1194 850 1225 897 7
1394 849 1459 900 81
1668 849 1700 898 3
1947 851 1969 897 1

223 975 389 1042 primo
423 974 486 1022 ad
524 974 700 1022 mundi
737 973 891 1028 4888.
926 973 1183 1034 submoto,
1235 972 1294 1020 ab
1334 988 1390 1019 eo
1430 970 1608 1019 deinde
1641 971 1704 1018 ad
1741 987 1898 1035 usque
1932 971 2049 1036 Cyri

224 1046 442 1112 primum
468 1053 513 1092 et
538 1045 714 1092 mundi
736 1047 889 1098 4952.
917 1045 1134 1109 quinque
1157 1044 1337 1091 desunt
1365 1043 1496 1089 anni.

332 1117 380 1169 5.
422 1115 606 1162 Deinde
637 1135 664 1163 a
702 1115 1060 1163 Chaldaeorum
1089 1131 1255 1177 legum
1291 1114 1416 1161 selie
1460 1120 1508 1160 et
1537 1111 1676 1159 annis
1715 1111 1778 1158 ad
1813 1128 1968 1158 annos
2003 1119 2052 1158 et

225 1187 400 1234 seriem
425 1187 683 1233 Medorum
711 1193 760 1233 t1
763 1186 918 1249 ausu
956 1194 1014 1233 ut
1039 1185 1178 1251 plius
1207 1202 1233 1230 a
1257 1201 1427 1247 regum
1453 1183 1574 1231 Iuda
1604 1182 1665 1230 ad
1696 1180 2052 1229 Chaldaeorum

223 1256 382 1305 lineas
409 1257 724 1304 transilierat.

331 1332 380 1380 6.
416 1327 626 1391 Insuper
661 1345 688 1373 a
716 1326 1003 1390 Niriglesari
1042 1325 1218 1387 tertio,
1258 1324 1321 1371 nd
1354 1323 1471 1388 Cyri
1498 1322 1718 1387 primum
1754 1321 1849 1368 soli
1883 1321 2052 1368 trede-

225 1397 323 1446 cim
341 1435 354 1459 ,
390 1414 495 1445 non
520 1399 689 1445 decem
722 1405 770 1445 et
798 1404 985 1463 septem
1013 1397 1240 1462 Astyagis
1273 1412 1424 1459 regno
1465 1393 1618 1442 debiti
1646 1391 2053 1440 intercluduntur

226 1486 359 1517 annu

330 1542 379 1590 7.
416 1538 503 1586 His
529 1538 654 1585 adde
675 1537 856 1586 Ioacim
880 1554 1034 1584 annos
1061 1539 1108 1588 8.
1135 1534 1395 1582 Iechoniae
1422 1550 1604 1586 unum.
1647 1539 1695 1578 et
1715 1531 1941 1579 Sedeciae
1970 1535 2050 1584 11.

223 1607 324 1656 hoc
358 1617 430 1656 est
463 1609 668 1672 viginti,
719 1608 1064 1656 novemdecim
1112 1607 1379 1659 duntaxat
1400 1602 1863 1652 Nabuchodonosor
1906 1618 2053 1649 coex-

223 1679 391 1740 tendi,
429 1695 485 1727 eo
514 1680 647 1743 quod
679 1678 936 1726 lechoniae
960 1685 1009 1724 t1
1013 1694 1061 1724 es
1085 1693 1274 1723 menses
1304 1676 1359 1722 in
1393 1691 1578 1722 annum
1615 1679 1819 1738 reputet
1844 1689 1871 1719 a
1903 1688 2053 1738 prae-

229 1749 437 1799 cessolis
467 1758 553 1796 aut
576 1749 875 1797 successoris
899 1747 1207 1812 temporibus
1237 1746 1539 1794 distinctum.

335 1823 382 1872 8.
420 1820 602 1867 Ioaoim
639 1837 797 1867 annus
830 1819 884 1872 4.
925 1819 1012 1883 qui
1046 1817 1349 1883 captivitatis
1384 1824 1456 1864 est
1485 1814 1679 1880 primus
1717 1811 1937 1860 cernitur
1967 1811 2054 1859 hic

226 1907 356 1937 anno
386 1891 561 1938 mundi
603 1890 760 1944 4887.
794 1889 1119 1952 coniunctus,
1158 1888 1248 1953 qui
1275 1887 1494 1954 primum
1519 1883 1979 1933 Nabuchodonosor
2004 1890 2053 1930 et

224 1960 400 2009 mundi
424 1961 576 2014 4883.
606 1962 766 2008 socios
799 1960 1027 2024 requirit.

331 2031 630 2079 Numerosae
677 2031 960 2080 istiusmodi
996 2046 1224 2080 errorum
1257 2026 1452 2078 illuviei
1479 2025 1766 2076 emendatae
1790 2023 2054 2074 medentur

223 2099 440 2151 tabulae.

1340 2294 1436 2334 Iuda
1457 2295 1538 2333 Rex

1352 2355 1404 2390 1⁷.
1430 2355 1513 2391 IoA-
2051 2354 2053 2356 ’

1355 2423 1453 2448 ειιη
1480 2413 1514 2448 3.

1330 2470 1537 2506 mensibus.
1790 2489 1791 2492 =

1198 2580 1234 2631 8
1437 2585 1465 2634 1
1675 2575 1711 2627 4
1951 2573 1986 2621 2

249 2581 458 2788 Μέἓίᾱῖῃ·
1341 2710 1436 2746 Iuda
1455 2711 1539 2746 Rex

273 2809 376 2845 1‘1111
379 2818 438 2842 ¹1¹—
1350 2769 1424 2860 (lgm
1429 2768 1518 2859 1:¹³:
1590 2832 1593 2835 .

273 2875 349 2957 ¹:¹¹2
368 2876 444 3053 {5-
1366 2882 1426 2917 nis
1449 2882 1500 2917 11.

1199 2998 1235 3050 9
1437 2995 1465 3046 1
1674 2991 1707 3045 5
1948 2992 1981 3041 3

1170 3478 1235 3526 10
1435 3475 1468 3523 2
1672 3473 1704 3522 6
1946 3466 1978 3515 4
