2222 3938
323 168 452 233 518
940 173 1530 233 EMENDATIONES·

321 311 472 358 iussn
489 309 771 359 Ptolemaei
800 302 1136 355 adolescentis·
1154 307 1211 354 in
1238 308 1471 371 gratiam
1494 308 1702 355 victoris
1739 306 1975 356 Caesaris
1999 309 2147 355 ‘occi-

321 399 412 430 sus·
442 391 542 429 est:
579 389 629 429 et
669 396 776 443 cap.
814 376 1055 442 sequenti.
1133 374 1512 426 Alexandrinos
1543 395 1709 425 omnes
1741 377 1817 425 ad
1840 378 2144 426 deditionem

321 451 660 517 desperatione
693 450 882 498 Caesar
904 448 1174 512 compulit,
1212 465 1420 512 regnam
1447 446 1667 513 Aegypti
1696 449 1990 514 Cleopatrae
2020 447 2047 514 (
2058 467 2144 496 so-

320 522 454 589 rori)
479 520 634 569 dedia
701 520 794 567 Ille
818 518 996 572 histor.
1021 520 1162 570 Rom.
1188 519 1274 567 lib.
1304 524 1352 573 6.
1415 520 1595 568 Victus
1616 523 1890 602 Pompeius
1911 529 1956 567 et
1969 522 2145 585 suga-

321 602 411 640 tas
432 588 806 640 Alexandriam
827 592 1005 654 petiit,
1045 599 1105 636 ut
1125 607 1160 636 a
1183 607 1270 655 Jeg·
1272 609 1295 636 e
1315 588 1562 653 Aegypti,
1601 592 1687 638 cui
1713 608 1747 638 a
1782 593 1973 639 Senatu
2007 599 2146 637 tutor

321 663 476 710 datas
491 664 620 725 fuer
622 671 701 721 at,
730 679 801 726 pr
803 670 940 724 opter
963 663 1052 708 ίαν
1043 626 1258 707 ἐηίίειηὸ
1250 662 1358 707 eius
1380 669 1618 724 aetatem,
1653 663 1896 726 acciperet
1920 661 2143 710 auxilia.

320 734 385 782 Et
407 733 557 785 infra.
622 733 746 780 Mox
782 732 972 779 Caesar
1002 730 1377 779 Alexandriam
1409 734 1571 780 venit.-
1618 733 1720 796 ipsi
1754 749 1956 797 quoque
1985 731 2148 781 Ptole-

318 821 494 850 maeus
519 820 712 867 parare
741 803 905 852 voluit
945 800 1183 852 insidias,
1247 803 1366 866 Qua
1399 819 1562 850 caasa
1595 802 1783 850 bellam
1805 806 1917 867 regi
1940 802 2149 849 illatam

319 883 417 921 est.-
468 875 650 924 Victus·
677 876 732 921 in
755 874 876 921 Nilo
893 876 1075 938 periit:
1113 875 1465 938 inventumque
1488 882 1563 921 est
1583 891 1767 937 corpus·
1790 876 1900 921 eius·
1925 890 2047 921 cum'
2066 873 2148 920 lo-

317 947 430 993 rica
467 962 646 995 aurea.
732 945 921 993 Caesar
951 943 1274 992 Alexandria
1311 946 1543 1008 potitus,
1591 962 1803 1008 regnum
1856 941 2149 1008 Cleopatrae

317 1015 481 1078 dedit,
519 1017 800 1063 Ptolemaei
830 1017 1024 1079 sorori,
1065 1033 1180 1062 cam
1209 1032 1314 1079 qna
1334 1013 1745 1062 consuetudinem
1767 1018 1932 1079 stupri
1952 1014 2151 1061 habae-

315 1095 425 1146 rat,
465 1105 594 1150 qliae
624 1096 807 1151 postea
846 1087 983 1150 regio
1020 1088 1269 1132 comitata
1309 1086 1482 1132 urbem
1518 1088 1750 1149 ingressa
1794 1094 1892 1133 est.-
1941 1085 1980 1132 F
1982 1091 2151 1134 averet

315 1157 562 1205 Eusebius
596 1158 722 1220 regis
753 1157 893 1205 istius
921 1156 1250 1204 adolescentis
1283 1172 1464 1220 regno,
1504 1158 1590 1220 qui
1622 1163 1765 1203 sexto
1791 1163 1988 1204 tantum
2017 1171 2149 1202 anno
2212 1179 2214 1181 >

320 1228 628 1292 Cleopatram
651 1228 832 1291 regiam
854 1226 1026 1275 urbem
1046 1226 1317 1291 ingressam
1340 1234 1513 1274 narrat
1527 1264 1540 1288 ,
1577 1226 1678 1274 nisi
1700 1225 1967 1274 Ptolemaei
1994 1242 2151 1273 annos

317 1298 500 1345 sororis
525 1298 625 1345 iam
648 1297 939 1364 imperantis
967 1298 1111 1346 annis
1139 1297 1363 1345 inclusos
1389 1304 1641 1345 statueret.
1679 1297 1830 1356 Quod
1855 1313 2009 1361 porro
2034 1297 2152 1344 Sca-

314 1369 440 1432 liger
460 1369 607 1417 modo
636 1369 860 1433 Georgii,
900 1369 1049 1417 modo
1077 1368 1279 1416 Eusebii
1303 1369 1524 1416 calculos
1549 1368 1694 1432 plane
1716 1367 1937 1416 diversos
1964 1383 2150 1432 sequu-

315 1446 423 1501 tus,
463 1439 679 1487 eiusdem
727 1441 854 1503 regis
894 1439 1106 1505 tempori
1149 1447 1272 1505 puta
1314 1438 1592 1504 Physconis
1633 1438 1797 1503 primo
1841 1455 2020 1502 regno,
2066 1437 2154 1485 hic

316 1510 592 1558 octodecim
626 1526 737 1575 pag.
769 1513 850 1564 56.
894 1510 1013 1558 alibi
1050 1514 1132 1564 17.
1179 1526 1290 1575 pag.
1328 1514 1445 1564 179.
1490 1509 1762 1557 Alexandri
1800 1525 1951 1571 vero,
2000 1508 2151 1556 modo

318 1581 603 1644 quindecim
629 1583 742 1646 pag.
766 1584 854 1634 36.
878 1581 1027 1629 modo
1057 1581 1226 1629 decem
1248 1597 1360 1645 pag.
1390 1584 1474 1634 59.
1502 1597 1657 1627 annos
1683 1579 1923 1641 ascribat3
1959 1579 2151 1634 indicio

316 1657 390 1698 est
415 1651 561 1699 obvia
585 1669 808 1716 quaeque
830 1652 884 1698 in
916 1651 1127 1716 Georgio
1150 1651 1211 1699 ab
1239 1651 1454 1699 Eusebio
1486 1651 1708 1698 derivata
1731 1650 1993 1699 censuisse.
2046 1651 2151 1716 Ego

316 1722 514 1785 quidem
550 1723 768 1770 calculos
806 1722 1108 1782 Eusebianos
1140 1722 1431 1786 Georgianis
1471 1722 1762 1787 reparandis
1797 1721 2151 1769 accommoda-

313 1792 531 1839 tissimos
555 1794 730 1843 fateor.
804 1793 1002 1840 Etenim
1027 1793 1068 1840 si
1101 1810 1128 1840 a
1154 1793 1331 1840 mundi
1358 1794 1514 1846 5380.
1538 1810 1635 1856 quo
1665 1809 1728 1841 ex
1754 1791 2025 1840 emendatis
2047 1791 2154 1839 Au·-

313 1861 474 1910 thoris
504 1862 685 1911 tabulis
707 1863 1012 1911 Ptolemaeus
1042 1863 1276 1928 Physcon
1296 1880 1504 1927 regnum
1525 1863 1657 1924 iniit,
1696 1881 1850 1911 annos
1873 1862 2153 1927 septemde-

316 1933 412 1979 cim
440 1933 630 1998 primae
667 1933 772 1981 eius
796 1932 851 1980 in
885 1951 1036 1997 regno
1077 1950 1246 1982 morae
1283 1951 1344 1981 ex
1383 1933 1592 1981 Eusebio
1621 1933 2007 1992 contulerimu8,
2044 1939 2152 1980 tum

314 2004 460 2051 fratri
483 2004 797 2063 Alexandr0‚
836 2003 1029 2066 decem3
1071 2022 1128 2052 ac
1149 2005 1306 2052 eidem
1334 2002 1581 2067 Physconi
1616 2004 1828 2068 repetito
1856 2003 1910 2050 in
1943 2019 2152 2066 regnum

314 2090 512 2122 reverso
539 2075 662 2122 alios
689 2083 806 2122 octo
835 2091 989 2122 annos
1018 2093 1046 2121 a
1072 2075 1246 2122 mundi
1278 2074 1432 2127 4407.
1459 2074 1816 2138 auspicandos;
1856 2073 2036 2122 deinde
2059 2089 2153 2120 ve-

313 2161 371 2192 ro
397 2162 423 2191 a
446 2144 621 2192 mundi
646 2145 799 2198 5415.
826 2145 890 2192 ad
914 2145 1070 2199 5445.
1097 2144 1364 2193 Ptolemaei
1397 2144 1635 2208 Dionysi,
1674 2145 1817 2192 cuius
1852 2161 2034 2192 nomen
2058 2143 2154 2191 ha·

314 2214 396 2263 bet
419 2215 657 2278 Georgius
682 2232 730 2279 p.
759 2218 878 2268 303.
909 2216 963 2264 A.
989 2232 1081 2280 per
1114 2233 1271 2263 annos
1312 2217 1397 2267 30.
1438 2231 1554 2263 cum
1590 2215 1802 2263 Eusebio
1834 2214 2156 2280 protenderi-

180 2336 185 2340 ,
312 2302 453 2348 mus,
491 2302 610 2334 mox
651 2285 1045 2334 Ptolemaeorum
1087 2287 1262 2334 ultimo
1293 2284 1590 2350 'Cleopatrae
1616 2286 1762 2334 fratri
1789 2285 1931 2333 annis
1960 2302 2048 2332 sex
2073 2292 2155 2332 at-

252 2413 257 2419 .,
311 2356 541 2419 tributis,
580 2375 606 2403 a
651 2356 831 2403 mundi
876 2356 1028 2410 5445.
1068 2357 1132 2405 ad
1171 2357 1326 2411 5450.
1367 2373 1466 2420 quo
1504 2373 1531 2402 a
1570 2356 1876 2404 Caesarianis
1909 2355 2154 2406 militibus

313 2428 508 2474 occisus
548 2434 649 2488 est,
688 2427 949 2491 Cleopatra
986 2443 1158 2476 sorore
1193 2426 1368 2474 mundi
1408 2426 1561 2479 5451.
1610 2427 1677 2474 ad·
1710 2443 1919 2491 regnum
1965 2433 2152 2488 evecta,

311 2504 427 2562 post
447 2497 569 2545 alios
596 2497 842 2545 exercitae
869 2498 1125 2560 potestatis
1151 2498 1313 2561 regiae
1339 2496 1463 2544 duos
1486 2514 1543 2543 ac
1569 2497 1745 2560 viginti
1766 2514 1952 2559 annos,
1990 2496 2157 2561 Aegy-

238 2587 242 2591 ·
311 2575 458 2632 ptus,
495 2575 639 2632 parta
674 2567 807 2632 apud
847 2567 1048 2615 Actium
1080 2567 1316 2629 victoria,
1354 2566 1528 2614 mundi
1564 2568 1718 2622 5472.
1753 2569 2033 2616 Romanum
2068 2567 2155 2614 :iu-

313 2654 429 2700 gum
469 2638 660 2698 subire,
700 2646 749 2685 et
789 2637 1031 2687 Authoris
1067 2656 1177 2703 pag.
1210 2641 1329 2692 308.
1367 2638 1421 2687 D.
1466 2638 1801 2703 compositos,
1848 2646 1897 2686 et
1931 2636 2155 2685 Africani

313 2707 462 2754 dictis
502 2708 866 2756 consentientes
917 2710 1134 2758 calculos
1177 2707 1454 2758 reddidisse
1494 2708 1775 2774 apparebit,
1860 2709 1933 2756 De
1972 2707 2154 2772 quibus

311 2794 402 2825 suo
436 2778 549 2825 loco
577 2779 894 2827 tractabitur.
1931 2803 1933 2806 >

157 2848 207 2892 Ρ·
231 2847 287 2894 72
460 2848 574 2910 Γᾶς.
612 2853 730 2902 291.
769 2845 921 2916 Haeo&
951 2845 1213 2915 Μάλχον.]
1268 2849 1545 2913 Corruptae
1594 2848 1828 2897 dictionis
1874 2847 2153 2897 emendatio

310 2917 560 2981 Scaliger-o
589 2935 699 2982 pag.
721 2920 842 2973 259.
877 2920 1058 2974 debita.
1103 2921 1315 2985 Reliqua
1341 2919 1614 2985 praesentis
1638 2918 1939 2967 narrationis
1967 2919 2153 2968 omittit

312 2987 420 3055 ipse
443 2995 612 3036 textus
639 3005 757 3070 pag.
782 2994 866 3077 ἐγ.

456 3055 524 3109 Τὸ
549 3076 759 3140 πρωτον
779 3058 860 3123 ε’τη
895 3079 924 3125 γ
925 3054 974 3123 ’.]
1012 3058 1190 3107 Verbis
1226 3058 1362 3107 hisce
1398 3076 1427 3105 a
1458 3058 1703 3121 Scaligero
1732 3058 1969 3108 inversis
1966 3074 2151 3107 sensus

314 3127 568 3176 adimitur.
607 3123 897 3210 Δημήτριος
917 3130 1236 3196 Δημητρίου,
1274 3127 1301 3179 ὁ
1320 3127 1406 3178 καὶ
1429 3146 1483 3178 το
1512 3148 1714 3195 πρωτον
1733 3130 2032 3196 Σιρισπίδης
2061 3128 2150 3213 (ita

310 3199 432 3261 legit
458 3195 576 3263 ille)
615 3197 696 3262 ἔτη
728 3194 786 3264 y'.
839 3198 1113 3246 Emendare
1144 3197 1348 3246 molitus
1377 3198 1560 3245 elalius
1601 3200 1926 3264 leposuisset:
1964 3194 2150 3264 Δημή-

310 3287 448 3334 τριος
485 3289 511 3321 ο
543 3267 630 3319 καὶ
667 3268 938 3350 Σιδηρίτου
985 3264 1229 3332 ἄδελφος,
1262 3269 1348 3329 (de
1376 3285 1473 3331 qua
1499 3285 1624 3317 voce
1664 3287 1772 3334 pag.
1804 3275 1922 3324 292.
1960 3269 2056 3333 D.)
2093 3289 2147 3319 το

311 3357 513 3404 πρωτον
536 3338 619 3402 ε’τη
646 3334 703 3404 γ’.
743 3354 950 3403 regnum
980 3339 1108 3385 enim
1148 3339 1298 3386 semel
1337 3338 1568 3386 amissum
1599 3340 1778 3388 deinde
1818 3339 2151 3405 recuperavit,

316 3415 363 3455 et
386 3408 618 3457 nonnihil
642 3409 772 3456 infra
804 3406 1082 3456 Antiochus
1118 3408 1305 3456 Sidetes
1335 3408 1439 3455 eius
1469 3410 1621 3457 frater
1646 3410 1895 3458 asseritur.

406 3496 413 3500 “
459 3472 620 3540 Οὗτος
649 3476 734 3531 τὸν
768 3473 1058 3545 Τρύφωνα.]
1095 3477 1226 3526 Haec
1248 3478 1312 3527 ad
1335 3479 1572 3527 Antiochi
1603 3481 1783 3529 Sidetis
1813 3495 1994 3528 nomen
2019 3479 2148 3543 apud
