2222 3938
633 208 734 263 ET
773 206 1363 265 ANNOTArloNEs.
1448 281 1452 291 Δ
1661 235 1670 243 -
1777 198 1903 260 529

81 338 213 388 illud
236 324 464 402 intelligi,
508 338 648 403 quod
671 354 787 387 cum
813 337 1032 387 Antonio
1059 338 1201 400 iniit,
1239 356 1369 387 anno
1396 337 1572 386 mundi
1594 338 1747 393 5459.
1766 346 1815 386 et
1843 346 1933 388 ut.

80 426 234 477 prave
267 425 626 473 nonnunquam
663 426 777 457 cum
804 409 1026 458 Authore
1063 410 1277 458 scribam
1312 409 1465 463 5458.
1491 409 1574 458 vel
1602 409 1737 474 quod
1774 426 1908 456 anno

83 480 238 540 5472.
271 495 335 527 ex
371 479 593 527 Africani
629 479 834 527 calculis
874 480 1091 544 suscepit
1131 481 1283 534 solus.
1352 480 1604 528 Posterius
1636 479 1733 528 hoc
1766 479 1908 527 annis

3 557 12 567 '
81 548 260 599 mundi
288 549 616 598 coniunctum
640 551 681 597 si
703 551 992 615 sumpseris,
1020 552 1226 598 Romam
1251 566 1380 612 anno
1404 550 1580 598 mundi
1600 549 1752 603 4754.
1783 567 1912 598 con-

84 619 239 669 ditam
265 619 405 667 annis
433 619 626 668 duobus
650 621 768 668 solis
793 637 984 668 summa
1010 624 1129 675 720.
1162 620 1353 669 adiecta
1381 629 1597 685 superat.
1633 637 1810 669 verum
1846 620 1909 668 ab

84 689 275 739 exactis
301 690 500 752 regibus
531 708 660 738 anno
688 691 864 738 mundi
898 692 1053 746 4980.
1089 708 1212 756 quae
1240 689 1493 754 colligitur
1518 691 1636 744 477.
1668 707 1912 739 annorum

83 777 274 809 summa
299 760 364 808 ad
389 760 526 808 illius
550 761 746 826 imperii
769 761 951 809 limites
967 798 981 823 ,
1021 778 1206 810 annum
1229 761 1421 808 scilicet
1443 760 1596 814 5472.
1627 778 1729 809 non
1757 761 1914 810 attin-

86 830 174 896 git.
244 830 388 879 Prius
411 831 454 878 si
476 831 670 879 dederis
689 869 702 893 ,
742 849 769 878 a
793 831 1049 895 Regifugio
1077 833 1276 896 quidem
1301 831 1363 878 ad
1388 839 1686 895 occupatum
1721 831 1780 878 ab
1814 833 1917 879 Au-

85 908 231 966 gusto
268 908 384 967 post
409 902 622 950 Caesaris
645 909 856 950 mortem
875 901 1164 967 imperium,
1202 901 1395 966 reperio
1433 902 1644 965 scriptos
1676 901 1762 949 hic
1791 902 1913 954 477.

87 987 271 1020 annosa
308 971 584 1035 Augustum
611 989 850 1037 namque,
889 973 949 1019 de
978 989 1077 1036 quo
1119 972 1340 1038 saepius,
1380 971 1442 1019 ad
1472 973 1712 1036 Rempub.
1751 971 1917 1020 admi-

85 1042 395 1090 nistrandam
423 1059 552 1090 anno
583 1043 736 1096 5458.
764 1044 1025 1106 depravate
1049 1043 1222 1107 posuit
1248 1040 1444 1090 Author
1467 1058 1577 1106 pag.
1601 1043 1720 1096 305.
1743 1042 1802 1091 A.
1849 1043 1917 1089 At

90 1128 206 1160 cum
229 1129 255 1158 a
285 1111 427 1160 iactis
448 1113 632 1160 Romae
668 1113 1005 1161 fundamentis
1026 1130 1155 1160 anno
1184 1113 1337 1166 4754.
1374 1112 1438 1159 ad
1462 1114 1656 1175 fugatos
1693 1129 1832 1175 reges
1866 1119 1919 1159 et

86 1183 348 1231 institutos
375 1184 507 1231 Coss.
536 1200 666 1230 anno
692 1183 845 1236 4981.
873 1200 974 1231 non
996 1184 1164 1247 plures
1192 1187 1309 1240 227.
1339 1200 1364 1229 a
1386 1182 1587 1230 Romuli
1612 1199 1730 1231 vero
1756 1189 1919 1230 morte

89 1270 217 1318 quae
253 1253 431 1301 mundi
466 1253 621 1307 4779.
659 1252 848 1316 signata
877 1262 950 1301 est
973 1253 1068 1301 soli
1092 1257 1213 1307 201.
1236 1259 1288 1300 et
1310 1269 1412 1300 non
1438 1253 1555 1307 243.
1594 1259 1922 1301 numerentur

89 1323 238 1385 anni;
290 1340 396 1371 eam
427 1323 489 1370 ob
514 1340 619 1371 rem
644 1342 671 1370 a
693 1325 876 1371 Romae
909 1324 1116 1374 conditu
1135 1331 1182 1371 et
1207 1339 1337 1371 anno
1363 1323 1519 1376 4754.
1551 1322 1614 1369 ad
1645 1324 1939 1386 Augustum*

90 1394 248 1448 5458.
281 1393 364 1441 vel
404 1394 555 1448 5459.
590 1394 946 1459 imperantem,
995 1411 1100 1442 non
1126 1398 1244 1447 720.
1267 1393 1355 1441 sed
1381 1394 1500 1446 704.
1527 1393 1609 1441 vel
1632 1394 1753 1446 705.
1784 1394 1920 1441 dun..

89 1472 232 1513 taxat
255 1481 410 1512 annos
432 1465 572 1511 iuxta
594 1465 811 1529 Syncelli
839 1472 1128 1529 computum
1152 1471 1286 1512 recte
1310 1463 1579 1527 posuerim.

229 1528 349 1585 Ἀπό
376 1531 430 1584 δὲ
451 1531 680 1594 ἁλώσεως
713 1532 931 1600 Τροίας.]
982 1534 1256 1583 Praesentis
1283 1540 1451 1581 textus
1487 1531 1773 1598 depravatio
1805 1532 1921 1580 Eu·-

91 1604 218 1653 sebii
241 1605 437 1652 Troiam
457 1605 519 1652 ad
546 1622 731 1653 annum
753 1605 976 1653 Abrahae
1002 1606 1123 1659 835.
1145 1605 1459 1664 destructam,
1488 1611 1536 1651 et
1562 1602 1767 1651 Antonii
1785 1620 1925 1650 mor-

90 1683 193 1723 tem
229 1675 292 1723 ad
315 1692 499 1723 aunum
527 1679 682 1729 1988.
706 1675 965 1723 referentis
1003 1676 1276 1723 sententiae
1313 1674 1571 1738 congruit:
1615 1689 1739 1737 quae
1761 1673 1928 1737 sequi-

92 1753 181 1794 tur
218 1744 271 1792 in
306 1762 512 1794 numero
545 1742 664 1813 vky'.
696 1754 752 1793 ut
784 1745 1030 1806 Authori,
1079 1746 1154 1794 sic
1191 1744 1402 1794 Eusebio
1453 1744 1762 1792 adversatur.
1844 1742 1926 1790 Ad

93 1815 333 1865 Authoris
372 1824 584 1863 mentem
626 1823 889 1880 reparatur
926 1815 1114 1880 scripto
1150 1809 1324 1884 ,dems-
1358 1813 1469 1862 vice
1502 1809 1671 1881 ,apvyst
1710 1820 1758 1860 et
1795 1809 1923 1863 vxd'.

92 1887 206 1936 vice
231 1881 351 1954 vky'.
422 1886 656 1934 Ultimam
681 1903 897 1950 namque
923 1886 1114 1935 cladem
1143 1902 1285 1951 passa
1311 1892 1385 1932 est
1407 1884 1555 1932 Troia
1593 1900 1723 1930 anno
1749 1883 1924 1931 mundi

96 1957 250 2011 4330.
277 1973 339 2003 ex
361 1957 522 2020 pagin.
553 1961 667 2009 170.
694 1963 731 2003 a'
750 1974 846 2021 quo
871 1957 934 2004 ad
961 1957 1167 2019 Augusti
1190 1955 1528 2021 principatum
1564 1953 1741 2001 mundi
1769 1953 1924 2006 5459.

97 2026 445 2090 consignatum
466 2027 616 2075 medii
642 2026 810 2075 fluunt
837 2030 988 2081 1128.
1012 2033 1060 2074 et
1080 2043 1253 2075 rursus
1272 2043 1299 2073 a
1323 2026 1546 2091 praefato
1564 2032 1736 2088 captae
1751 2023 1927 2071 Troiae

94 2097 255 2146 limite
282 2096 346 2145 ad
373 2104 661 2163 susceptum
688 2115 715 2146 a
740 2099 954 2146 Romulo
980 2114 1110 2146 anno
1140 2097 1293 2151 4742.
1326 2111 1533 2160 regnum
1557 2095 1651 2142 soli
1677 2094 1797 2146 411.
1824 2093 1926 2141 ela-

94 2168 304 2217 buntur.

243 2238 355 2301 Τῆς
387 2230 480 2287 οὖν
520 2232 638 2303 ρπέ.
665 2232 1036 2302 Ὀλυμπιάδος.]
1075 2235 1341 2296 Quoddam
1373 2234 1570 2283 Eusebii
1594 2235 1924 2298 fragmentum

100 2307 236 2374 apud
259 2307 533 2355 Cedrenum
559 2315 732 2355 extans
756 2307 1029 2371 praemittit
1058 2307 1166 2354 istis
1199 2306 1417 2369 Scaliger
1438 2312 1604 2352 textus
1626 2321 1738 2369 pag.
1767 2309 1848 2357 61.
1877 2312 1927 2351 et

99 2395 163 2427 ex
187 2377 396 2441 Georgio
425 2377 594 2425 multis
618 2378 868 2443 partibus,
903 2377 1098 2440 inquit,
1136 2376 1196 2424 ab
1223 2375 1515 2440 antiquariis
1540 2375 1768 2422 mutilato
1797 2375 1930 2422 inter

101 2448 311 2497 Cedreni
343 2447 641 2495 collectanea
672 2448 786 2497 vult
820 2447 1138 2512 deportatum
1175 2446 1289 2494 Not.
1318 2462 1427 2511 pag.
1461 2449 1582 2498 260.
1621 2444 1713 2503 Aa
1727 2444 1928 2507 Georgii

101 2535 261 2584 opus,
299 2525 358 2565 ut
383 2518 477 2566 sibi
497 2518 665 2581 fingit,
700 2517 931 2567 vitiatum
956 2533 1102 2583 quam
1120 2524 1303 2566 temere
1327 2516 1566 2564 arioletur
1594 2514 1810 2580 Scaliger
1834 2516 1929 2564 de-

104 2588 402 2638 claravimus
432 2589 485 2635 in
512 2589 782 2653 prooemio.

238 2659 351 2722 Peg·
388 2661 507 2711 311.
551 2662 625 2727 Τῇ
660 2656 715 2710 δὲ
750 2652 883 2725 qnos.
919 2653 1264 2724 Ὀλυμπιάδι]
1311 2655 1484 2721 Atqui
1514 2652 1812 2719 Olympiade
1835 2656 1930 2700 in-

104 2738 248 2778 eunte
282 2728 447 2775 inibat
480 2746 645 2777 annus
675 2728 928 2777 secundus
960 2746 994 2775 α
1025 2737 1181 2775 morte
1205 2728 1423 2775 Antonii
1450 2725 1524 2774 ad
1551 2742 1741 2774 annum
1772 2724 1926 2778 5472.

105 2801 167 2848 ab
205 2799 438 2848 Africano
463 2802 654 2863 posita.
733 2798 887 2849 Vides
914 2799 1148 2848 Librarii
1179 2793 1415 2862 ἄτοπίανς
1459 2797 1583 2846 bene
1606 2802 1777 2845 monet
1799 2796 1930 2842 Sca-

103 2872 231 2935 liger
257 2869 521 2919 Animadv.
545 2888 595 2936 p.
624 2875 742 2925 260.
856 2870 859 2875 ’

249 2937 392 2990 Kato?
416 2941 589 2992 τοίνυν
612 2938 728 3007 ρπε’.
752 2935 1095 3009 Ὀλυμπιόδω]
1130 2939 1373 3006 Lepidum
1398 2938 1638 3002 dignitate
1668 2941 1858 2984 motum
1881 2939 1931 2981 et

106 3010 378 3074 relegatum
400 3012 553 3060 refert
567 3013 849 3066 Suetonius.
883 3010 938 3064 τό
960 3010 1348 3077 κατασχεθέντος
1372 3027 1400 3058 a
1424 3010 1525 3059 MS.
1543 3006 1688 3058 Barb.
1705 3007 1933 3071 deprom-

106 3088 247 3147 ptum
275 3088 363 3128 est.
410 3081 680 3131 Periochen
700 3082 830 3132 hanc
853 3083 1040 3132 omittit
1065 3081 1298 3146 Scaliger.

254 3150 321 3200 Οἱ
356 3149 412 3200 ἐν
446 3146 828 3219 Ἀλεξανδρεία.]
888 3148 998 3202 Hoc
1030 3160 1108 3201 est
1145 3151 1279 3216 quod
1317 3150 1547 3200 observat
1585 3143 1822 3196 Eusebius
1866 3140 1931 3189 ad

109 3220 458 3286 Olympiadem
485 3226 600 3276 187.
652 3206 877 3288 Quiilam
901 3224 965 3272 ab
989 3224 1084 3270 lzoc
1109 3223 1216 3270 loco
1235 3224 1462 3287 primum
1489 3233 1679 3266 annum
1701 3213 1933 3277 Augusti

109 3290 439 3338 Monarchiae
471 3303 769 3357 supputant.
839 3295 929 3343 Est
953 3302 1115 3342 autem
1151 3293 1281 3358 apud
1313 3309 1425 3340 eum
1455 3285 1664 3351 Augusti
1699 3284 1779 3337 15.
1827 3281 1930 3330 Alii

111 3377 227 3408 cum
254 3360 455 3409 Petavio
474 3362 562 3412 lib.
589 3367 670 3417 18.
690 3366 751 3413 de
775 3365 920 3415 Doct.
947 3365 987 3411 T
991 3381 1116 3430 emp.
1139 3380 1269 3411 anno
1302 3364 1382 3416 14.
1410 3374 1568 3407 aeram
1593 3356 1930 3417 Augustorum

112 3431 373 3494 assignant.
446 3431 582 3479 Idem
606 3433 692 3483 lib.
719 3440 800 3488 10.
825 3453 932 3499 cap.
961 3439 1044 3488 69.
1080 3435 1325 3498 Tyrones,
1363 3428 1560 3488 scribit,
1598 3423 1932 3473 admonendos

113 3517 285 3549 censeo
304 3538 316 3562 ‚
353 3500 429 3549 uti
459 3501 719 3565 diligenter
745 3522 899 3565 annos
933 3504 1158 3555 Actiacos
1190 3503 1250 3552 ab
1285 3500 1485 3550 Actiaca
1506 3495 1718 3547 victoria
1743 3493 1932 3541 discer-

224 3585 385 3640 Georg.
417 3585 647 3639 syncellus.
677 3585 735 3628 ΙΙ.
1520 3581 1590 3635 34
