2222 3938
338 170 465 230 410
961 157 1541 234 EMENDATIONES

335 318 438 368 tur,
462 319 673 375 propter
688 308 1005 357 nobilitatem
1027 309 1171 372 regni
1195 306 1539 371 Assyriorum,
1564 305 1707 374 qaod
1724 304 1966 359 dilatavit
1992 310 2160 360 Ninus

332 381 453 429 Beli
477 381 635 444 filius
673 378 903 427 conditor
941 380 1154 426 Ninives·
1193 380 1419 426 civitatis·
1456 397 1700 444 magnae,
1752 381 1899 427 ouius
1935 383 2161 430 civitatis·

333 469 509 499 nomen
543 469 599 498 ex
630 451 776 497 illius
806 451 1004 496 nomine
1028 447 1316 497 derivatum
1343 458 1440 513 est,
1491 459 1550 497 ut
1577 468 1612 498 a
1648 451 1783 498 Ntno
1811 452 1994 500 Mnive
2021 451 2160 500 dice-

330 531 482 570 retur.
531 523 703 570 Assur
745 529 943 582 autem,
995 517 1129 567 unde
1167 521 1400 583 Assyrii,
1449 538 1551 568 non
1585 523 1700 585 fuit
1745 538 1801 568 ex
1826 522 1969 586 filiis
2001 520 2161 571 Cham

329 588 485 640 medii
493 593 609 656 filii
635 593 771 654 Noe,
807 589 898 638 sed
920 591 1125 654 exsiliis
1152 583 1296 653 Sem,
1336 593 1426 656 qui
1439 594 1559 654 fait
1591 594 1848 639 maximus
1877 593 1983 640 Noe
1988 593 2158 657 filius,

341 661 482 711 Unde
518 671 730 727 apparet
764 680 820 709 ex
838 662 980 726 filiis·
1009 663 1119 708 Sem
1151 670 1343 709 exortos
1369 664 1567 725 fuisse,
1615 665 1704 728 qui
1733 672 1911 727 postea
1948 681 2160 729 regnum

333 735 578 797 Gigantas
606 734 753 780 illias
778 730 1035 780 Nembrod
1059 731 1359 795 obtinerent,
1398 742 1445 779 et
1481 732 1596 780 inde
1623 732 1970 798 procederent,
2007 743 2161 799 atque

330 804 470 850 alias
506 802 768 851 conderent
805 806 1059 865 civitates,
1100 821 1319 868 quarum
1353 806 1524 868 prima
1557 812 1628 851 est
1654 821 1688 850 a
1727 806 1862 852 ,Nino
1898 806 2160 869 appellata

330 876 531 924 Ninive.
575 874 672 923 Vix
710 882 914 940 apparet
938 874 1143 939 insuper
1168 891 1266 938 qua
1299 874 1523 935 ratione,
1559 875 1878 940 procedentis
1913 883 2048 924 retro
2075 875 2159 923 ‹li-

327 945 524 992 luvium
561 946 799 1010 temporis
842 945 1000 992 eidem
1039 944 1198 1010 spatio
1234 945 1518 1010 paucissimi
1543 963 1569 993 e
1595 945 1746 992 Cham
1785 945 2008 994 homines
2046 947 2160 1003 orti,

329 1015 463 1063 Chus
487 1015 723 1064 nimirum
741 1016 992 1063 Nembrod
1019 1023 1067 1063 et
1091 1015 1275 1077 Ninus,
1311 1016 1403 1063 sub
1430 1033 1554 1080 quo,
1593 1033 1696 1063 non
1724 1017 2018 1065 assentiente
2040 1017 2160 1066 licet

327 1086 560 1148 Petavio,
598 1088 774 1135 melior
803 1086 1227 1149 Chronologorum
1260 1104 1375 1151 pars
1409 1086 1655 1134 Abraham
1687 1086 1741 1133 in
1769 1087 1933 1135 lucem
1966 1087 2161 1135 venisse

328 1164 566 1219 testatur,
617 1156 939 1222 paucissimi,
978 1157 1117 1216 dico,
1159 1156 1308 1203 Cham
1338 1164 1542 1221 nepotes
1584 1157 1760 1221 longae
1794 1157 1854 1205 ab
1889 1158 2160 1222 multiplici

330 1229 443 1274 Sem
467 1227 712 1289 filiorum,
753 1222 1049 1292 A'rphaxad,
1088 1227 1227 1288 Sala,
1265 1227 1450 1288 Heber,
1490 1227 1692 1290 Phalec,
1731 1228 1914 1290 Ragau,
1951 1227 2158 1291 Seruch‚

329 1297 557 1359 Nach0r‚
594 1297 845 1360 Tharrha,
888 1296 1112 1345 Abrahae
1145 1297 1287 1345 se'riei
1325 1298 1517 1362 possint
1559 1299 1849 1362 exaequari3
1890 1315 2012 1363 quos
2043 1315 2156 1346 cum

331 1369 471 1416 iuxta
491 1373 573 1422 70.
609 1369 945 1433 interpretum
971 1368 1182 1433 putandi
1212 1369 1414 1417 modum
1438 1386 1527 1433 per
1553 1387 1638 1416 sua
1660 1377 1882 1433 tempora
1907 1377 1955 1417 et
1979 1376 2158 1417 aetates

332 1439 565 1504 disponat
595 1439 790 1488 Author
834 1440 1100 1503 Georgius,
1139 1457 1196 1487 ac
1234 1439 1440 1487 insimul
1471 1439 1828 1488 Chaldaeorum
1866 1447 1915 1488 et
1939 1439 2157 1488 Arabum

332 1519 447 1558 ante
471 1513 658 1575 primos
685 1510 912 1576 Assyrios
938 1509 1185 1559 Abraham
1216 1527 1422 1558 coaevos
1453 1511 1701 1559 Nembrod
1732 1511 1992 1559 inferiores
2018 1510 2158 1558 anti-

332 1582 563 1646 quissima
589 1599 736 1645 regna
766 1598 854 1646 per
877 1581 1045 1629 eadem
1078 1581 1235 1646 spatia
1264 1599 1325 1629 ex
1350 1580 1602 1642 Africani,
1640 1581 1721 1630 vel
1749 1598 1806 1629 eo
1830 1580 2158 1630 vetustiorum

330 1652 629 1701 authoritate
658 1670 806 1715 regna
830 1652 1073 1714 stabiliat,
1111 1652 1241 1699 inter
1265 1652 1457 1699 fabulas
1492 1660 1540 1700 et
1575 1652 1832 1715 figmenta,
1869 1652 2005 1699 nudo
2033 1652 2158 1699 sim-

327 1722 553 1788 plicique
585 1723 749 1781 dicto,
797 1724 929 1786 quod
962 1724 1187 1787 privatae
1221 1722 1370 1769 alicui
1405 1721 1760 1785 Chronologiae
1798 1729 2043 1786 nequeant
2063 1721 2157 1770 ad-

329 1795 519 1860 aptari,
555 1810 659 1840 non
681 1793 917 1841 videntur
939 1793 1083 1841 facile
1110 1793 1529 1849 connumeranda.
1570 1793 1692 1842 Vide
1718 1809 1828 1858 pag.
1860 1798 1941 1847 92.
1970 1793 2027 1842 A.

468 1893 581 1954 Pag.
619 1895 703 1944 91.
748 1894 827 1959 Τῷ
853 1886 1033 1960 Ιβψοςῖ
1071 1889 1162 1941 ἔτει
1192 1894 1287 1941 τοῦ
1313 1886 1543 1956 κόσμου]
1594 1890 1636 1938 Α
1671 1890 1861 1939 diluvio
1886 1891 1949 1938 ad
1969 1892 2159 1943 instau-

326 1971 437 2013 rata
465 1962 824 2010 Chaldaeorum
870 1970 918 2010 et
953 1961 1308 2027 Aegyptiorum
1335 1978 1482 2025 regna
1519 1969 1747 2010 numerat
1780 1961 1971 2009 Author
1999 1980 2155 2011 annos

328 2033 448 2088 534.
484 2034 585 2081 Nec
618 2032 884 2084 immerito,
941 2033 1108 2096 Longo
1151 2033 1333 2097 quippe
1361 2032 1600 2096 temporis
1633 2039 1679 2079 et
1720 2048 1961 2079 annorum
1993 2032 2154 2098 spatio

325 2104 426 2154 fuit
449 2120 571 2170 opus
597 2102 907 2165 hominibus,
944 2110 1002 2150 ut
1027 2103 1082 2150 in
1106 2119 1212 2150 eam
1247 2109 1587 2150 excrescerent
1623 2102 2020 2162 multitudinem,
2059 2120 2157 2166 qua

325 2174 702 2241 populatissima
735 2190 883 2236 regna
913 2181 962 2221 et
989 2181 1236 2222 terrarum
1259 2173 1485 2220 immensi
1506 2180 1696 2219 tractus
1722 2173 2017 2222 colerentur.
2067 2173 2155 2222 His

326 2246 531 2309 aliisque
561 2244 723 2306 regnis
759 2243 1103 2305 instituendis,
1143 2251 1192 2290 et
1229 2244 1411 2291 referta
1450 2243 1623 2308 quavis
1652 2242 1976 2291 incolentium
2012 2243 2155 2310 plebe

324 2314 644 2365 referciendis
668 2314 761 2362 soli
786 2315 901 2369 153.
930 2314 1130 2363 Petavio
1154 2314 1270 2361 satis
1296 2315 1501 2362 fuerunt
1521 2313 1607 2362 lib.
1645 2318 1693 2367 9.
1727 2313 1788 2361 de
1817 2314 1959 2365 Doct.
1986 2315 2157 2381 Temp-

327 2404 435 2451 cap.
471 2387 550 2440 14.
590 2393 639 2432 et
678 2384 759 2438 15.
788 2386 873 2433 sed
908 2385 1086 2450 quibus
1125 2384 1222 2432 hoc
1261 2385 1550 2447 confirmat,
1590 2383 1807 2433 rationes
1838 2391 2157 2450 portentosae

328 2464 476 2520 sunt,
515 2464 563 2504 et
591 2456 741 2504 fidem
770 2473 966 2504 omnem
992 2456 1230 2506 videntur
1251 2471 1561 2522 exsuperare.

466 2540 757 2607 Αἰγυπτίων
780 2536 871 2590 δύο
893 2539 1174 2606 βασιλέων]
1226 2541 1364 2601 Quos
1396 2537 1662 2588 coniunxit
1701 2538 1966 2602 Georgius,
2002 2539 2154 2588 homo

330 2611 548 2674 Scaliger
575 2610 822 2676 separavit.
847 2628 1010 2674 reges,
1050 2619 1098 2659 et
1121 2612 1379 2677 utriusque
1405 2609 1546 2659 annis
1574 2615 1656 2663 72.
1680 2608 1768 2657 uni
1794 2610 1888 2656 soli
1924 2609 2152 2674 addictis,

329 2681 532 2729 alterius
557 2698 729 2728 eorum
757 2681 1054 2730 desideravit
1074 2690 1283 2731 aetatem
1310 2683 1516 2730 lacunae
1541 2687 1678 2742 nota,
1700 2678 1919 2727 scribens
1939 2679 1994 2727 in
2015 2679 2154 2730 hunc

328 2752 561 2800 modum:
607 2751 896 2816 Αἰγυπτίων
925 2752 1240 2818 ἐβασίλευσεν
1277 2749 1326 2805 ε’.
1368 2748 1708 2816 ἀνεπίγραφος
1735 2743 1827 2814 οβ’.
1861 2750 2154 2816 Αἰγυπτίων

251 2860 253 2862 v
330 2823 643 2887 ἐβασίλευσεν
667 2819 718 2879 ς’.
747 2816 1085 2890 ἀνεπίγραφος
1122 2820 1250 2891 (ἔτη)
1290 2860 1302 2872 .
1338 2860 1350 2872 .
1389 2860 1400 2872 .
1439 2859 1451 2871 .
1488 2822 1648 2868 Huius
1673 2820 1835 2882 itaque
1858 2819 2154 2870 innominati

329 2892 574 2941 desiderat
612 2909 791 2938 annos:
832 2900 881 2939 at
916 2894 1154 2957 Georgius
1187 2893 1348 2958 quinti
1382 2901 1429 2940 et
1456 2890 1584 2940 sexti
1609 2907 1777 2952 regum
1818 2907 1971 2938 annos
2000 2892 2153 2940 simul

330 2963 546 3026 colligit,
594 2969 642 3008 et
675 2962 931 3027 utriusque
967 2969 1051 3017 72.
1090 2964 1328 3025 affirmat,
1368 2971 1415 3010 et
1449 2981 1477 3008 a
1515 2960 1690 3008 mundi
1726 2960 1878 3014 2944.
1908 2961 1970 3008 ad
1994 2965 2150 3016 3016.

327 3050 554 3096 regnasse
581 3039 803 3082 testatur.
842 3034 899 3079 In
925 3032 1002 3080 his
1041 3070 1259 3083 .....
1296 3032 1531 3097 anonymi
1552 3029 1753 3079 alterius
1781 3047 1936 3080 annos
1960 3033 2154 3098 quaerit

329 3103 572 3167 Scaliger-3
612 3101 701 3149 ubi
726 3103 964 3166 reperiat,
998 3121 1100 3151 non
1127 3103 1352 3151 coniicio.

465 3184 620 3238 Ἐτῶν
645 3180 796 3255 ,αος’.]
834 3188 1049 3251 Scaliger
1070 3205 1175 3253 pag.
1196 3196 1363 3235 textus
1390 3186 1468 3240 14.
1493 3181 1635 3249 ‘70⁰5'-
1662 3186 1895 3236 Erronee.
1929 3185 2152 3235 Videnda

331 3276 459 3325 quae
496 3259 556 3306 de
592 3256 926 3305 Thebaeorum
971 3275 1139 3320 regum
1180 3259 1340 3323 spatio
1388 3258 1563 3306 scribit
1605 3256 1813 3306 inferius
1854 3256 2051 3306 Author
2087 3257 2165 3306 ad*

333 3332 519 3379 calcem
547 3345 716 3378 eorum
740 3327 1105 3390 diagrammatis
1130 3345 1237 3393 pag.
1265 3330 1378 3383 147.
1405 3328 1464 3375 D.

472 3410 619 3466 Μετὰ
656 3407 759 3480 ρκδ’
797 3411 879 3477 ἔτη
917 3414 1008 3476 τῆς
1047 3409 1365 3478 διασπορᾶς.]
1418 3411 1661 3459 Numerus
1691 3411 1839 3465 1124.
1868 3409 2149 3458 mendosus.

333 3485 375 3535 A
402 3484 708 3551 dispersione
729 3482 969 3548 siquidem
996 3483 1060 3532 ad
1077 3483 1405 3532 instauratum
1428 3482 1767 3531 Thebaeorum
1786 3498 1994 3546 regnum
2021 3496 2150 3528 anno
