2222 3938
682 181 775 239 ET
815 179 1400 239 ANNOTATIONES.
1823 174 1950 235 487

115 306 438 361 desolationis
464 310 563 376 egit
585 311 870 375 Sabbatum,
907 329 1067 379 usque
1092 313 1215 363 dum
1243 313 1615 380 complerentur
1639 313 1952 380 septuaginta

116 383 253 432 anni.
327 381 474 442 Quod
518 382 591 430 sic
629 384 853 448 equidem
896 383 1278 449 intelligendum
1320 393 1474 451 puto,
1522 385 1662 450 quasi
1696 391 1774 434 tot
1808 386 1951 434 annis

114 460 248 502 terra
290 451 526 501 manserit
560 453 773 518 inculta,
823 463 948 520 quot
988 472 1143 504 annos
1188 456 1475 505 Sabbaticos
1511 455 1678 504 ludaei
1716 473 1746 503 a
1783 455 1948 521 primo

112 530 276 572 terrae
303 522 674 572 Chanaanitidis
701 526 927 589 ingressu
955 527 1204 575 celebrare
1229 528 1573 591 neglexerantz
1609 533 1666 575 ut
1686 525 1810 575 haec
1843 526 1952 591 ipsa

113 594 474 675 septuagenarii
495 595 691 643 numeri
712 596 858 645 toties
878 596 1183 648 recurrentis
1206 598 1520 648 concinnitas
1540 614 1772 663 magnum
1787 596 1952 648 videri

111 665 274 732 possit
299 664 545 713 iudicium
574 675 798 752 repertae
826 668 1066 717 veritatis.

254 736 569 801 Στοιχείωσις
594 731 846 804 ακριβής]
888 737 1038 786 Haud
1069 733 1282 805 ακριβης
1310 746 1437 807 quae
1468 738 1798 824 paralogismo
1825 737 1952 787 niti-

22 846 27 850 ,
113 813 211 855 tur.
247 805 372 855 Vide
392 807 719 886 penultimam
746 816 935 859 notam.
987 810 1282 859 Emendatio
1311 827 1465 875 porro
1489 809 1686 857 numeri
1714 805 1766 862 ε’.
1792 809 1848 858 in
1874 829 1950 877 ιγ.

111 876 357 942 probatur
394 877 451 925 in
493 879 741 928 annotatis
779 879 844 928 ad
876 879 1033 946 ipsius
1082 880 1241 929 Ouiae
1286 879 1550 930 historiam
1585 896 1700 947 pag.
1737 884 1859 936 277.

113 954 484 998 occurrentem.

253 1018 367 1083 Pag.
403 1022 522 1072 218.
569 1018 813 1088 Τέσσαρες
842 1015 1144 1089 γεγόνασιν]
1193 1020 1270 1070 Ita
1289 1020 1440 1070 lectio
1468 1027 1703 1087 corrupta
1726 1019 1953 1072 restitui-

112 1094 198 1137 tur
225 1105 289 1138 ex
318 1093 364 1143 1.
402 1089 563 1140 Paral.
603 1109 711 1158 cap.
746 1095 798 1145 3.
834 1109 884 1141 v.
925 1093 1006 1145 15.

250 1158 306 1211 Ὅ
343 1158 428 1212 καὶ
460 1155 722 1229 Ἰεχονίας]
760 1163 894 1212 Haec
923 1179 1035 1211 cum
1059 1179 1211 1229 supra
1236 1161 1415 1229 positis
1437 1177 1550 1228 pag.
1577 1164 1696 1217 216.
1723 1161 1781 1210 D.
1807 1178 1950 1210 com-

109 1231 391 1297 paranda.

238 1299 377 1352 ’Έτει
396 1302 562 1373 τρίτω,
602 1301 695 1363 εως
716 1306 809 1355 τοῦ
832 1298 1052 1371 ὀγδόου]
1091 1303 1202 1364 Qua
1230 1302 1395 1366 tertio,
1420 1319 1520 1367 qua
1544 1308 1724 1367 quarto
1747 1301 1947 1352 scribit·

109 1372 259 1422 tertio
285 1373 521 1421 nimirum
551 1375 819 1439 completo,
858 1383 907 1423 et
937 1374 1142 1423 ineunte
1170 1382 1366 1439 quarto.
1424 1374 1594 1421 Altera
1625 1373 1759 1421 linea
1796 1390 1950 1439 supe-

110 1443 271 1501 riore,
317 1440 444 1494 κατὰ
476 1441 531 1495 τὸ
565 1443 826 1511 τέταρτονε
885 1444 971 1492 hic
1009 1445 1104 1496 ε’τει
1141 1446 1304 1512 τρίτῳ.
1381 1442 1647 1492 Adeundus
1681 1443 1866 1493 clarior
1901 1451 1951 1493 et

110 1514 417 1564 emendatim
443 1521 610 1563 textus
639 1532 748 1581 pag
782 1520 902 1571 221.
930 1517 982 1567 G.
1008 1523 1056 1563 et
1081 1516 1278 1563 tabulae
1307 1513 1539 1562 Chronol.
1567 1530 1678 1579 pag.
1707 1514 1827 1568 476.

252 1585 364 1648 Pag-
401 1589 522 1639 219.
555 1581 876 1652 Ἀπαγορεύει
910 1583 966 1639 δὲ
999 1583 1085 1637 τὸν
1114 1580 1417 1665 Σαλαθιήλ]
1465 1586 1629 1633 Locus
1657 1592 1947 1671 corruptus,
1972 1587 2026 1632 Ρ.
2055 1590 2113 1634 60

109 1663 161 1704 et
193 1655 394 1704 sibimet
423 1655 629 1704 adversa
662 1656 928 1705 continens
961 1655 1060 1705 hoc
1093 1664 1242 1722 pacto
1277 1656 1575 1706 restituitur.
1648 1650 1952 1724 ἀπαγορεύει

110 1723 167 1778 δὲ
202 1722 288 1778 τὸν
319 1723 584 1791 Σαλαθιηλ
623 1721 724 1779 οἷπὸ
758 1727 1000 1778 Σεδεκίου
1033 1730 1302 1814 τεχθῆναι,
1342 1745 1410 1785 ως
1443 1727 1715 1791 βδελυκτοῦ
1741 1729 1814 1795 τῷ
1844 1729 1954 1796 Θεῷ

109 1792 403 1866 γεγονότος,
446 1792 559 1848 ἄλλ’
595 1792 698 1849 ἄπο
736 1793 1002 1878 Ἰωαχειμ,
1019 1794 1081 1848 ὃν
1118 1797 1205 1848 καὶ
1236 1793 1471 1862 Ἰεχονίαν
1495 1801 1650 1849 καλεῖ.
1724 1778 1958 1846 Sedecias-

109 1869 272 1931 enim,
304 1884 397 1916 ceu
422 1867 522 1916 Deo
550 1884 744 1930 exosus,
782 1870 965 1933 quique
987 1867 1043 1915 in
1062 1868 1368 1936 Babylonem
1396 1867 1641 1918 abductus
1662 1874 1777 1931 post
1801 1867 1952 1917 breve

106 1938 347 2003 temporis
384 1939 600 2004 spatium
640 1956 669 1988 a
707 1938 1171 1988 Nabuchodonosor
1211 1938 1409 1988 victore
1452 1937 1564 1985 neci
1606 1937 1826 1986 traditus
1877 1945 1953 1986 est

110 2026 226 2058 cum
259 2008 400 2071 filiis,
439 2009 807 2058 successoribus
842 2010 1025 2059 caruitz
1066 2026 1222 2076 nepos
1244 2016 1407 2059 autem
1441 2008 1546 2056 eius
1574 2007 1822 2070 Ioachim,
1860 2007 1948 2072 qui

109 2088 158 2129 et
197 2079 480 2142 Iechonias,
531 2080 877 2131 novemdecim
927 2080 1070 2128 annis
1114 2081 1259 2146 prius
1295 2080 1350 2127 in
1378 2079 1716 2144 captivitatem
1752 2079 1948 2142 missus,

107 2151 294 2200 liberos
340 2150 572 2214 reliquit:
636 2159 686 2199 et
735 2151 963 2199 Ieremias
1009 2151 1130 2199 licet
1172 2151 1234 2198 de
1275 2150 1365 2196 illo
1410 2149 1558 2197 suerit
1600 2148 1949 2211 comminatus,

111 2238 219 2285 cap.
256 2225 343 2274 22.
380 2237 429 2270 V.
466 2223 551 2274 30.
625 2221 796 2269 Scribe
831 2224 1000 2269 virum
1043 2223 1196 2268 istum
1234 2220 1478 2281 sterilem,
1527 2221 1724 2280 virum,
1767 2222 1857 2283 qui
1890 2221 1948 2267 in

110 2291 292 2342 diebus·
315 2292 427 2337 sais
445 2308 543 2339 non
562 2291 973 2355 prosperabitur.-
1009 2308 1098 2338 nec
1120 2293 1252 2338 enim
1281 2292 1361 2338 νίν
1383 2293 1478 2336 erit
1513 2289 1575 2336 de
1606 2291 1789 2336 semine
1819 2291 1946 2351 eius,

111 2365 202 2429 qui
242 2359 412 2409 sedeat
457 2379 608 2426 super
643 2364 834 2409 sollum
866 2360 1052 2412 David
1080 2370 1126 2409 et
1154 2369 1457 2426 potes-tatem
1480 2359 1665 2407 habeat
1693 2362 1747 2407 in
1777 2368 1946 2411 terra.-

108 2435 162 2482 in
185 2451 241 2481 eo
267 2431 560 2481 vaticinium
591 2433 896 2498 completum
919 2439 1021 2493 est,
1058 2431 1193 2511 quod
1220 2431 1354 2495 regia
1389 2430 1631 2493 dignitate
1659 2447 1760 2478 non
1796 2431 1948 2479 fuerit

111 2511 316 2553 ornatus
341 2503 478 2550 filius
500 2503 606 2552 eius
629 2502 915 2565 Zorobabel‚
945 2503 1170 2567 quamvis
1193 2501 1430 2566 praefecti
1444 2467 1704 2565 t’potestate
1729 2500 1945 2551 donatus

109 2574 286 2642 populi
309 2590 478 2622 curam
517 2574 790 2638 suscepeiit
827 2577 872 2626 1.
910 2573 1066 2625 Paral.
1105 2589 1211 2637 cap.
1247 2577 1298 2626 3.
1333 2589 1382 2623 v.
1422 2574 1502 2625 15.
1541 2578 1588 2619 et
1626 2575 1707 2625 16.
1759 2571 1945 2622 Emen-

111 2645 360 2695 dationem
395 2644 695 2693 confirmant
720 2643 975 2708 supeiiora
1009 2643 1230 2691 eiusdem
1274 2640 1567 2708 Hippolyti,
1616 2641 1678 2689 de
1718 2659 1819 2706 quo
1858 2642 1944 2690 hic

110 2716 331 2778 mentio,
367 2715 545 2764 verba·
583 2734 674 2766 τον
706 2711 819 2766 υἴόν
848 2710 1066 2798 Ἰωακειμ
1098 2710 1315 2779 Ἰωαχεὶμ
1335 2750 1349 2775 ,
1386 2709 1476 2763 τόν
1501 2712 1586 2763 καὶ
1608 2707 1839 2777 Ἰεχονίαν
1868 2711 1943 2766 λε’-

111 2805 188 2853 γει
233 2805 354 2852 μετα
390 2781 479 2836 τόν
517 2784 706 2866 πατέρα
749 2780 1066 2852 κρατήσαντα
1111 2786 1493 2851 μετοικισθῆναι
1533 2783 1605 2843 εἷς
1643 2784 1940 2849 Βαβυλωνα.

110 2859 296 2919 Porro,
331 2863 392 2904 ut
412 2856 595 2903 Ioacim
616 2858 722 2905 sive
745 2856 934 2904 Ioakim
960 2863 1130 2920 pater,
1163 2872 1191 2902 a
1215 2854 1323 2902 filio
1345 2853 1567 2902 Ioachim
1593 2854 1721 2902 alter
1747 2862 1841 2902 est:
1870 2854 1942 2901 ita

112 2926 602 2992 geminuslechonias
626 2933 788 2975 mente
812 2926 1118 2990 retinendus,
1132 2941 1261 2973 unus
1283 2924 1367 2989 qui
1381 2924 1590 2973 Ioachaz
1610 2924 1767 2973 [osiae
1787 2924 1939 2985 filius,

113 3006 163 3048 et
196 2998 322 3045 alter
354 2997 443 3061 qui
468 2997 685 3046 Ioachim
709 2997 845 3045 filius
869 2996 1067 3047 Ioacim.
1137 2996 1233 3044 Hic
1261 2995 1512 3044 lechonias
1535 2995 1741 3043 alterius
1769 3012 1937 3059 nepos.

259 3070 363 3118 Τοῦ
387 3065 440 3117 δὲ
465 3063 693 3137 κόσμου
694 3062 835 3121 δωὸἐ
838 3066 869 3132 .]
905 3068 1053 3115 Redit
1087 3065 1282 3114 Author
1310 3066 1374 3114 ad
1412 3073 1738 3132 expungatum
1771 3073 1821 3112 et
1850 3081 1936 3112 re-

112 3155 229 3204 gum
252 3137 559 3201 temporibus
588 3138 886 3187 concordem
922 3154 1165 3186 annorum
1194 3137 1367 3185 mundi
1391 3153 1566 3185 nume1
1570 3154 1653 3184 um
1682 3150 1936 3199 reponen-

113 3211 247 3259 dum.
288 3208 507 3255 Manasse
533 3209 715 3275 quippe
740 3209 1099 3273 quinquaginta
1116 3209 1336 3272 quinque
1358 3208 1500 3255 annis
1531 3225 1558 3254 a
1584 3205 1756 3253 mundi
1778 3203 1935 3258 4795.

112 3279 176 3328 ad
198 3279 351 3332 4850.
374 3286 636 3341 regnante,
674 3280 825 3327 Amos
854 3279 990 3327 filius
1033 3297 1060 3326 a
1092 3280 1244 3332 4850.
1268 3278 1331 3326 ad
1359 3279 1512 3331 4852,
1538 3291 1742 3338 regnum
1771 3273 1932 3323 tenuit
1960 3279 2012 3323 V.
2040 3282 2097 3327 55

114 3348 333 3397 duobus:
372 3355 485 3412 post
510 3364 654 3412 quem
675 3349 825 3397 Iosias
852 3350 994 3397 annis
1018 3352 1104 3403 31.
1131 3366 1159 3396 a
1185 3349 1362 3397 mundi
1390 3349 1543 3401 4852
1568 3346 1630 3392 ad
1655 3346 1808 3398 4883·
1836 3359 1937 3408 quo

113 3418 321 3469 Ioachaz
349 3435 440 3465 rex
465 3418 745 3468 declaratus
773 3420 934 3468 tribus
959 3427 1152 3467 tantum
1180 3419 1427 3467 mensibus
1453 3417 1506 3462 in
1533 3432 1714 3462 annum
1739 3421 1938 3479 reputa-

114 3490 178 3539 tis
200 3495 398 3556 sceptro
436 3488 621 3556 potitus
649 3496 752 3552 est,
786 3489 963 3539 mundi
985 3489 1220 3539 nimirum
1245 3491 1398 3541 4883.
1428 3484 1545 3533 huic
1567 3484 1803 3533 successit
1823 3484 1937 3534 loa-
