2222 3938
341 173 464 234 460
542 132 550 139 ·
900 223 902 226 -
977 181 1552 239 EMENDATIONES

339 313 493 377 culis,
531 318 651 369 600.
689 321 852 363 autem
881 329 945 361 ex
970 312 1167 362 Eusebii
1193 321 1431 380 computo
1467 315 1666 380 colligat
1693 313 1912 381 Author,
1950 333 2163 367 summa-

337 385 428 433 tim
453 385 788 450 aperiendum.
834 384 907 432 Ac
933 385 1132 432 Eusebii
1159 386 1359 450 quidem
1389 402 1534 450 quem
1558 387 1719 451 primo
1742 396 1984 436 memorat
2007 389 2170 437 Geor-⁶

338 456 476 518 gius,
515 463 563 503 et
595 455 821 513 obiecto,
872 455 1010 519 quod
1050 464 1236 504 vocant
1267 457 1331 504 ad
1361 456 1637 521 hominem,
1685 458 1914 522 impetit,
1949 459 2166 507 rationes

335 525 433 574 hoc
462 525 635 573 ordine
657 525 995 590 disponuntur
1013 562 1026 589 ,
1065 534 1123 573 ut
1145 544 1207 574 ex
1229 527 1290 575 iis
1317 535 1429 592 post
1454 528 1720 576 discessum
1755 545 1819 576 ex
1853 528 2076 594 Aegypto
2106 530 2171 577 ad

335 597 666 645 instauratum
700 613 862 661 usque
884 597 1126 661 templum
1159 601 1278 651 600.
1315 615 1469 646 annos
1504 600 1753 663 collegisse
1783 600 2024 662 Georgius
2053 617 2171 647 con-

336 668 525 716 cludat.
589 666 767 730 Mosis,
806 684 833 714 a
857 667 1006 715 maris
1030 669 1244 716 transitu
1271 668 1333 716 ad
1359 669 1546 716 obitum
1574 672 1658 723 40.
1686 671 1835 731 anni,
1874 686 1996 734 quos
2024 670 2171 735 ponit

338 737 582 786 Eusebius
603 737 657 784 in
682 737 958 786 Chronico:
995 746 1105 786 tum
1126 739 1267 787 Iosue
1292 740 1638 805 praefecturae
1662 743 1780 788 anni
1797 746 1884 795 27.
1911 757 1974 788 ex
1999 741 2170 789 eodem

335 807 583 855 Chronico
608 817 962 858 recensentur:
1000 809 1088 857 His
1113 810 1267 873 adde,
1307 811 1448 857 etiam
1472 811 1682 859 Eusebio
1709 812 1982 874 renitente,
2018 811 2168 859 modo

290 905 294 910 ν
332 878 642 941 Scripturam
682 888 730 927 et
767 880 909 928 Pauli
951 881 1102 930 verba
1136 882 1527 941 non-exsibilet,
1584 881 1812 930 Iudicum
1853 899 2010 930 annos
2047 883 2171 935 450.-

332 949 496 998 Saulis
523 949 703 998 deinde
727 951 1034 1015 Davidisque
1057 969 1225 1015 regum
1256 969 1318 999 ex
1351 954 1573 1017 praefato
1602 952 1850 1002 Chronico
1891 970 2048 1000 annos
2083 956 2169 1005 80.

330 1028 441 1067 tum
474 1020 689 1084 denique
726 1022 1005 1070 Salomonis
1040 1029 1170 1084 tres,
1219 1031 1398 1087 quarto
1439 1023 1627 1088 quippe
1663 1041 1793 1071 anno
1833 1024 2010 1088 templi
2050 1023 2170 1070 iecit

331 1090 685 1140 fundamenta:
722 1092 800 1140 his
828 1093 883 1139 in
907 1109 1058 1140 unam
1081 1110 1323 1141 summam
1347 1095 1663 1155 coacervatiS‚
1691 1095 1913 1141 sexcenti
1938 1101 2170 1141 accurate

327 1169 380 1209 et
413 1162 604 1225 integre
648 1164 968 1227 colliguntur.
1041 1165 1264 1228 Aequam
1296 1164 1447 1227 igitur
1479 1165 1531 1211 in
1567 1164 1830 1212 Eusebium
1875 1164 2171 1212 sententiam

331 1233 574 1296 Georgius
603 1233 752 1295 tulit,
794 1251 853 1281 ac
891 1251 997 1281 eam
1033 1251 1096 1282 ex
1132 1252 1287 1298 aequo
1316 1242 1364 1282 et
1389 1235 1522 1282 bono
1558 1235 1685 1281 ferat
1717 1235 1959 1298 Scaliger,
1998 1234 2168 1296 decet5

329 1320 550 1351 severam
577 1304 891 1368 quantumvis
921 1321 1029 1370 pag.
1056 1305 1169 1352 Not
1192 1308 1275 1359 57.
1317 1313 1648 1369 conqueratur
1676 1303 1756 1365 his
1781 1305 1961 1355 verbis.
2019 1306 2172 1352 Geor-

327 1376 461 1438 gius·
486 1369 912 1441 Εὕσεβιομάστιξ,
951 1378 1040 1440 qui
1070 1376 1206 1423 nillil
1229 1378 1386 1440 prius
1427 1379 1484 1422 in
1519 1374 1717 1422 deliciis
1750 1375 1963 1437 habuit,
2012 1392 2171 1440 quam

331 1445 612 1493 Eusebium
645 1448 930 1510 exagitate,
973 1447 1139 1509 plara
1179 1446 1276 1492 hoc
1309 1447 1415 1493 loco
1455 1449 1507 1493 in
1553 1446 1836 1493 Eusebium
1873 1446 2064 1494 scribit.
2121 1447 2171 1494 Is

333 1533 450 1563 sane
486 1524 558 1563 est
591 1524 761 1564 noster
798 1516 1067 1579 Georgius,
1105 1534 1168 1563 ne
1192 1516 1290 1564 hoc
1319 1517 1380 1564 de
1412 1518 1501 1563 illo
1530 1517 1710 1564 tacitus
1743 1523 2073 1582 praeteream,
2101 1526 2171 1565 ut

333 1587 487 1633 alium
518 1586 838 1651 impetiturus
868 1587 1234 1647 adversarium,
1273 1595 1349 1650 et,
1385 1594 1445 1634 ut
1469 1587 1629 1650 aiunt,
1668 1587 1731 1634 ad
1763 1587 2011 1635 hominem
2039 1596 2167 1635 stru-

332 1657 427 1704 ctis
454 1658 753 1720 argumentis
782 1665 830 1705 et·
861 1657 1084 1705 cominus
1109 1665 1502 1723 oppugnaturUS,
1541 1675 1603 1705 ex
1628 1657 1746 1705 solis
1774 1658 2043 1706 eiusdictis
2065 1673 2171 1706 non

333 1736 605 1791 componat
642 1728 955 1789 machinmn3
1010 1728 1096 1776 sed
1131 1737 1239 1776 tum
1275 1746 1336 1776 ex
1372 1729 1603 1794 propria,
1652 1736 1761 1776 tum
1801 1746 1862 1776 ex
1897 1728 2170 1777 adversarii

333 1798 479 1862 sylva
508 1799 735 1863 colligat:
772 1800 883 1846 Uno
910 1799 1064 1846 verbo
1090 1799 1387 1847 contrariam
1417 1799 1710 1846 sententiam
1732 1816 1793 1846 ex
1818 1798 1994 1864 ipsius,
2033 1799 2169 1864 quod

330 1869 613 1934 promittit,
647 1870 815 1918 verbis
856 1869 1222 1931 debellaturus,
1267 1870 1528 1934 proprium
1556 1869 1760 1917 insimul
1788 1869 2023 1917 admiscet
2051 1887 2169 1917 sen·-

331 1956 472 2000 sum3
516 1947 564 1987 et
587 1948 697 1987 tum
725 1957 786 1987 ex
808 1941 1012 2005 proprio
1028 1976 1040 1999 ‚
1077 1947 1184 1987 tum
1211 1957 1273 1987 ex
1297 1940 1572 1988 adversarii
1597 1957 1766 2002 sensu,
1804 1940 2031 1987 falsitatis
2055 1957 2168 1989 eum

331 2009 632 2059 convincere
658 2011 877 2059 molitur.
938 2010 1017 2059 An
1040 2010 1140 2058 hoc
1163 2019 1311 2075 pacto
1342 2011 1472 2074 leges
1501 2011 1545 2058 ei
1568 2008 1711 2072 belli,
1751 2017 1801 2058 et
1826 2011 1968 2074 aequi
1997 2011 2169 2058 Martis

330 2080 440 2128 iura
474 2090 761 2143 serventur,
802 2082 929 2129 alius
954 2081 1277 2130 iudicaverit:
1316 2081 1456 2130 Vires
1495 2089 1544 2129 et
1581 2081 1883 2128 industriam
1914 2081 2166 2130 bellatoris

331 2151 552 2216 aperire,
590 2169 713 2216 quae
743 2169 849 2198 mea
874 2151 997 2199 fides
1027 2159 1124 2214 est,
1163 2153 1280 2199 satis
1314 2152 1443 2200 fuit:
1483 2169 1577 2215 qua
1611 2152 1694 2200 via
1729 2159 1928 2198 coactus
1952 2151 2096 2213 licet,
2140 2170 2168 2200 a

329 2223 509 2288 populi
535 2223 676 2270 exitu
702 2223 765 2269 ad
788 2222 1047 2270 conditum
1071 2223 1314 2287 templum
1341 2227 1457 2290 600.
1481 2239 1635 2269 annos
1656 2229 1884 2270 numeret
1906 2222 2167 2285 Eusebius,

329 2293 477 2341 facile
529 2293 945 2358 deprehendetur.
1030 2293 1180 2352 Quod
1218 2293 1281 2340 ad
1317 2293 1540 2340 Africani
1583 2300 1870 2358 computum
1907 2293 1981 2339 nil
2015 2293 2071 2340 in
2107 2310 2164 2340 eo

328 2364 549 2428 portenti
593 2372 690 2427 est,
729 2382 877 2428 quam
913 2363 1047 2428 quod
1073 2363 1269 2411 Author
1299 2363 1477 2426 finxit,
1516 2363 1660 2410 etiam
1700 2362 1920 2428 propriis
1961 2363 2024 2411 ad
2063 2363 2168 2411 eius

332 2436 587 2499 exemplar
612 2435 814 2498 digestis
840 2435 1057 2482 calculis.
1130 2435 1210 2481 Illi
1245 2452 1363 2482 vero
1401 2435 1460 2481 ab
1497 2435 1687 2481 israelis
1720 2435 1812 2480 sub
1837 2434 1972 2481 Mose
1997 2435 2167 2498 ‘prose-

335 2505 499 2552 ctione
525 2506 587 2553 ad
614 2506 832 2571 primum
853 2505 1031 2569 templi
1061 2505 1281 2569 positum
1309 2505 1527 2570 lapidem
1554 2508 1669 2558 659.
1699 2503 1933 2552 exhibent
1959 2503 2056 2552 hoc
2085 2523 2166 2552 or-

333 2575 462 2625 dine.
497 2606 500 2608 *
535 2577 684 2624 Mosis
711 2576 794 2629 40.
821 2577 964 2624 Iosue
990 2580 1077 2628 27.
1107 2576 1369 2623 Senioruin
1400 2579 1483 2629 30.
1521 2575 1748 2622 Iudicum
1785 2574 1903 2628 450.
1940 2575 2052 2622 Heli
2082 2580 2165 2628 20.

332 2647 532 2693 Samuel
566 2653 650 2700 20.
689 2647 822 2694 Saul*
848 2647 930 2700 40.
968 2646 1129 2694 David
1167 2646 1251 2700 40.
1290 2645 1657 2698 8310111οηὶ34.
1707 2662 1898 2692 summa
1937 2653 2008 2691 est
2043 2649 2163 2698 671.

333 2715 468 2764 Huic
493 2718 618 2765 adde
643 2723 728 2771 70.
755 2735 880 2781 quos
898 2716 1134 2766 Africano
1157 2717 1436 2801 superfluos
1460 2716 1732 2796 exprobrat
1750 2713 2006 2777 Eusebius,
2045 2732 2166 2778 qua-

335 2786 561 2849 draginta
600 2789 801 2852 quidem
839 2783 1104 2872 ἀναρχίας,
1153 2795 1202 2835 et
1236 2782 1441 2855 εἰρήνης
1476 2786 1706 2850 tiiginta,
1755 2801 1995 2833 summam
2043 2785 2163 2839 741.

335 2874 481 2921 quam
507 2874 622 2905 vele
654 2856 781 2926 νπὲρ
811 2855 872 2909 τοὶ
896 2854 1004 2924 rimis.
1035 2858 1117 2924 ε’τη
1147 2859 1404 2939 collegisse
1427 2858 1743 2917 Africanum,
1782 2854 1879 2902 hoc
1908 2863 1980 2903 est
2006 2872 2164 2903 annos

334 2929 458 2981 741.
509 2928 749 2992 Georgius
788 2929 1072 2994 scripserit,
1119 2929 1268 2977 etiam
1305 2944 1626 2978 numerorum
1665 2926 1926 2990 inexperto
1969 2933 2164 2973 consta-

334 2999 427 3048 bit.
466 2999 563 3046 Suo
588 3006 755 3046 tamen
778 3017 915 3047 more
931 3037 944 3062 ,
970 3000 1024 3047 id
1053 3007 1125 3048 est
1146 2999 1201 3046 in
1223 2998 1567 3048 adversarium
1589 2997 1777 3062 paulo
1763 2996 1978 3058 iniquius
2002 2997 2163 3044 Geor-

333 3070 470 3134 gium
499 3085 665 3133 agere,
706 3077 754 3117 et
779 3087 841 3117 ex
870 3070 1091 3135 propriis
1119 3070 1393 3133 alienisque
1413 3068 1667 3115 sententiis
1696 3067 2042 3130 conglobatum
2069 3067 2164 3114 ali-

335 3139 472 3205 quod
507 3147 852 3204 argumentum
879 3141 1091 3189 obiicere
1131 3140 1354 3188 adverto.
1409 3138 1726 3203 Septuaginta
1754 3138 2002 3201 siquidem
2027 3137 2160 3198 anni,

301 3255 304 3259 .
335 3207 574 3276 ἀναρχίας
600 3210 954 3275 quadraginta,
993 3218 1041 3258 et
1072 3206 1273 3276 εἰρήνης
1297 3209 1499 3272 triginta
1519 3246 1531 3269 ,
1571 3226 1695 3273 quos
1730 3209 1939 3258 οἴκοθεν
1976 3208 2035 3255 de
2070 3224 2161 3255 suo

335 3282 585 3330 addidisse
607 3281 895 3330 Africanum
917 3288 1147 3327 causatur
1170 3279 1413 3327 Eusebius
1441 3279 1549 3326 aliis
1576 3279 1695 3332 450.
1733 3278 1985 3326 Iudicibus
2011 3276 2160 3326 attri-

334 3353 470 3400 butis
495 3353 839 3401 continentur:
880 3351 963 3415 qui
989 3351 1106 3397 licet
1128 3350 1187 3396 ab
1215 3350 1413 3398 Eusebii
1438 3358 1673 3414 computo
1696 3349 1980 3416 sint-alieni,
2012 3348 2160 3395 adeo-

338 3440 435 3486 quc
459 3423 795 3472 redundantes
823 3421 1010 3469 iudicet
1029 3420 1292 3482 Eusebius,
1330 3420 1553 3468 Africani
1580 3428 1744 3467 tamen
1771 3427 2006 3484 computo
2043 3423 2160 3464 sunt

334 3493 528 3558 intimi,
565 3502 614 3543 et
635 3501 689 3544 ut
715 3511 829 3562 pars
855 3491 958 3542 eius
984 3498 1139 3541 totam
1162 3492 1376 3541 subeunt
1399 3492 1607 3541 molem:
1646 3491 1866 3556 adeoque
1892 3489 2045 3539 semel
2066 3503 2161 3536 nu-
