2222 3938
616 202 714 257 ET
751 195 1337 259 ANNOTATIONES.
1768 189 1896 250 347

67 329 338 415 positione
337 333 706 384 corroboratur.
778 334 898 397 Post
915 333 1167 382 Actiacam
1185 331 1451 382 victoriam
1470 325 1521 380 et
1542 329 1898 380 Alexandriam

68 410 292 457 Romano
322 404 439 468 iugo
478 404 761 468 subditam,
805 406 1016 453 erratico
1048 422 1139 453 suo
1175 422 1304 452 anno
1330 403 1626 468 repudiato,
1662 402 1822 450 fixum
1851 410 1901 450 et

71 484 262 526 certum
286 476 509 539 Augusto
533 475 727 523 Caesaii
747 475 840 523 sibi
861 476 1141 525 devinctius
1168 474 1481 523 conciliando
1507 474 1742 539 deinceps
1766 473 1901 522 reci-

66 547 308 614 piendum
339 547 660 595 decernentes
685 547 940 612 Aegyptii,
979 548 1114 611 quod
1136 547 1360 610 Augusto
1396 562 1564 593 mense
1595 553 1644 603 et
1679 545 1902 593 eiusdem

67 619 250 667 mensis
277 617 358 665 die
383 635 517 665 nono
557 634 709 682 supra
734 617 1027 680 vigesimum
1065 618 1170 665 eius
1210 634 1261 666 se
1289 617 1632 664 submisissent
1668 615 1902 682 imperio,

70 689 230 737 eidem
255 688 373 736 anni
398 687 648 753 primique
685 689 866 736 mensis
892 688 1059 737 Thoth
1083 688 1402 736 Neomeniam
1434 687 1620 735 futuris
1654 686 1904 752 tempori·-

68 759 162 808 bus
183 759 481 823 alligandam
502 767 796 807 sanxerunt:
837 768 885 808 et
903 759 1325 826 praescindendae
1347 758 1556 823 antiquo
1583 775 1714 806 anno
1737 758 1791 805 in
1815 773 1905 823 po-

70 837 260 879 sterum
296 829 511 893 vagandi
535 829 765 877 licentiae
795 831 926 878 diem
960 830 1308 878 intercalarem
1335 829 1466 876 illuc
1492 845 1651 894 usque
1687 829 1906 876 inusita-

69 908 180 949 tum
202 900 409 964 singulis
435 901 771 964 quadrienniis
798 902 1127 949 adiiciendum
1155 907 1410 948 curarunt.
1480 901 1582 948 Nec
1604 900 1750 947 modo
1775 899 1906 946 diem

71 971 379 1020 admiserunt
401 971 597 1019 Iuliano
623 980 670 1019 et
692 972 1005 1035 Astrologico
1025 972 1134 1018 iure
1155 971 1498 1028 inserendum3
1538 970 1761 1035 quinimo
1792 987 1907 1017 cum

69 1042 279 1107 Augusti
309 1042 526 1090 Caesaris
551 1043 775 1106 gestique
810 1043 870 1090 ab
905 1060 960 1090 eo
990 1042 1110 1090 belli
1137 1041 1333 1089 Actiaci
1373 1049 1421 1089 et
1453 1039 1787 1089 Alexandriae
1823 1039 1906 1087 de·

69 1113 236 1162 victae
256 1121 548 1178 tempestate
570 1113 870 1163 Pontificum
894 1114 1093 1161 inscitia
1115 1130 1219 1161 non
1242 1113 1352 1160 leve
1376 1113 1431 1159 in
1451 1112 1701 1159 Iulianum
1722 1127 1907 1158 annum

70 1184 355 1232 intrusisset
381 1185 558 1232 vitium
574 1222 587 1247 ,
629 1202 686 1232 ac
709 1185 808 1231 iam
836 1185 938 1233 dies
960 1201 1092 1232 unus
1118 1184 1400 1248 superfluus
1430 1191 1623 1248 praeter
1648 1183 1766 1230 Iulii
1790 1183 1908 1228 Cae-

72 1255 196 1304 saris
234 1262 283 1302 et
317 1255 651 1304 intercalandi
680 1256 901 1318 regulam
946 1256 1065 1303 anni
1102 1254 1354 1303 curriculo
1394 1254 1574 1302 fuisset
1612 1254 1907 1315 adiunctus;

71 1326 264 1374 factum
289 1334 389 1388 est,
422 1334 483 1373 ut
507 1327 595 1391 qui
618 1326 886 1374 Alexand1
873 1344 918 1373 1a
943 1327 1147 1374 subacta
1183 1325 1286 1372 dies
1310 1325 1523 1388 Augusti
1555 1324 1737 1373 mensis
1762 1324 1909 1371 trice

74 1397 253 1458 simus,
306 1404 355 1444 et
403 1396 456 1443 in
492 1397 778 1461 sequuturis
816 1397 1192 1445 intercalaribus
1229 1396 1369 1444 annis
1401 1395 1684 1444 tricesimus
1717 1395 1910 1475 primus

73 1467 333 1516 numerari
365 1467 632 1531 debuelat,
671 1470 733 1516 ob
765 1468 1093 1516 redundantis
1119 1468 1256 1515 illius
1296 1467 1397 1515 diei
1425 1483 1684 1515 excessum
1720 1465 1911 1515 vicesi-

75 1555 187 1586 mus
218 1539 463 1586 duntaxat
485 1555 648 1586 nonus
671 1539 822 1587 fuerit
844 1546 1178 1603 computatus.
1249 1538 1382 1586 Exin
1416 1538 1650 1602 castigato
1676 1544 1793 1602 post
1817 1536 1914 1583 ali-

78 1617 204 1674 quot
242 1626 488 1657 annorum
523 1610 736 1669 spatium
773 1610 891 1657 anni
926 1609 1107 1658 Iuliani
1140 1625 1334 1667 errore,
1391 1608 1478 1672 qui
1515 1615 1629 1656 ante
1666 1608 1912 1656 devictam

75 1680 430 1728 Alexandriam
455 1696 558 1727 uno
590 1680 675 1727 die·
691 1680 874 1727 limites
907 1688 1217 1742 excesserat,
1256 1679 1319 1726 ad
1358 1678 1574 1742 Augusti
1611 1679 1792 1727 mensis
1827 1694 1915 1725 se-

79 1751 189 1799 dem
215 1751 500 1799 vicesimam
530 1768 713 1798 nonam
738 1759 1002 1799 revocatus
1034 1758 1138 1814 est3
1178 1751 1315 1815 quod
1340 1750 1427 1797 ille
1455 1750 1635 1814 procul
1661 1750 1720 1797 ab
1748 1765 1917 1797 errore

77 1830 449 1884 numeraretur,
489 1838 600 1869 cum
625 1821 842 1887 primum
870 1822 1080 1885 Augusti
1113 1821 1332 1870 Caesaris
1363 1820 1628 1885 imperium
1655 1820 1921 1868 subierunt

78 1893 340 1958 Aegyptii,
377 1893 494 1940 licet
527 1892 625 1940 iam
665 1893 948 1957 trigesimus
992 1893 1267 1955 diceretur,
1306 1899 1555 1953 erranter‚
1602 1898 1650 1939 et
1684 1892 1738 1939 in
1775 1890 1922 1939 annis

78 1963 464 2012 intercalaribus
505 1981 531 2010 a
568 1964 731 2028 primo
773 1981 924 2028 supra
969 1964 1276 2028 trigesimum
1327 1963 1745 2011 recensendorum
1795 1962 1921 2010 ordo

80 2035 314 2101 progredi
337 2042 607 2086 teneretur.
681 2035 906 2098 Legenda
938 2033 1062 2082 haec
1085 2036 1219 2100 apud
1256 2035 1563 2096 Scaligerum
1591 2034 1720 2081 libro
1743 2041 1920 2097 quarto

83 2107 145 2153 de
168 2105 424 2155 Emendat.
452 2107 622 2171 Temp.
649 2113 698 2153 et
721 2106 775 2152 in
800 2106 922 2169 Isag.
951 2106 1137 2154 Canon
1166 2106 1299 2154 libro
1327 2104 1579 2167 trigesimo
1608 2106 1921 2168 11111110,οἃ-

82 2178 188 2245 pite
209 2176 532 2237 duodecimo,
571 2183 620 2223 et
647 2177 782 2240 apud
814 2176 1074 2225 Petavium
1101 2177 1162 2224 de
1188 2177 1329 2224 Doct.
1354 2177 1522 2240 Temp.
1545 2175 1677 2222 libro
1712 2175 1921 2236 decimo,

88 2266 196 2314 cap.
231 2255 260 2301 7
272 2255 316 2309 t
352 2247 551 2311 copiose
588 2247 841 2310 solideque
875 2255 1115 2308 tractata,
1156 2255 1244 2294 aut
1282 2246 1504 2310 Oedipus
1537 2246 1807 2294 verborum
1839 2243 1925 2292 1110

84 2320 364 2387 positorum
387 2317 612 2382 Sphyngi
635 2317 958 2365 declarandae
983 2317 1396 2366 adinveniendus.

227 2405 341 2467 Pag.
380 2407 429 2457 9.
463 2397 706 2461 Ἀσούαν.]
744 2399 1055 2466 Epiphanius
1082 2402 1231 2451 Haer.
1249 2406 1332 2455 39.
1359 2398 1538 2467 Σαυην
1561 2409 1735 2452 vocat:
1763 2401 1923 2450 Chro-

86 2476 238 2525 nicon
264 2474 506 2525 Alexand.
532 2481 581 2521 et
601 2473 736 2520 aliud
760 2469 906 2522 Ioelis
932 2489 1037 2520 eam
1061 2479 1353 2522 memorant.

231 2558 601 2648 Kaonptpoqiocv
639 2561 782 2608 καλεῖ
811 2555 848 2621 ἦ
870 2551 1078 2627 γραφή]
1119 2559 1298 2608 GeneS.
1330 2557 1491 2623 capite
1523 2565 1734 2623 quarto,
1769 2574 1923 2607 versu

89 2632 308 2682 secundo
323 2671 337 2694 ,
372 2627 550 2696 ἤνεγκε
575 2630 712 2679 Καιν
737 2623 836 2678 ἄπο
859 2632 958 2678 τῶν
981 2632 1188 2696 καρπῶν
1211 2632 1301 2695 τῆς
1322 2632 1416 2696 γῆς
1439 2631 1628 2680 θυσίαν
1650 2649 1720 2716 τῳ
1746 2630 1921 2700 κυρίῳ.

92 2711 143 2754 et
167 2721 216 2754 v.
249 2703 299 2756 4.
326 2698 571 2753 ἐπεῖδεν
545 2721 571 2752 o
605 2695 775 2760 &269⁹
754 2698 835 2750 επὶ
849 2696 1027 2765 ’Ἀβελ,
1064 2699 1151 2750 καὶ
1173 2698 1256 2751 ἐπὶ
1280 2705 1384 2760 τοῖς
1405 2695 1586 2766 δώροις
1612 2695 1787 2751 αὐτοῦ.

234 2783 503 2851 Μαλελεήλ
538 2783 768 2852 ἐγέννησε
799 2788 900 2835 τῶν
932 2781 1280 2844 Μαθουσαλα]
1327 2785 1403 2832 Ita
1433 2785 1608 2848 legunt
1643 2790 1729 2839 70.
1767 2786 1924 2834 Inter-

92 2867 270 2928 pretes.
340 2857 616 2907 Mathusala
661 2863 760 2918 est,
807 2856 896 2922 qui
934 2873 997 2904 ex
1043 2854 1197 2920 Seth,
1243 2855 1542 2920 Mathusael,
1603 2857 1690 2922 qui
1727 2873 1752 2904 e
1801 2856 1925 2904 Cain

95 2938 234 2981 ortus
260 2936 347 2978 est.

242 3011 342 3066 Τὸν
368 3011 509 3065 ἕκτον
531 3010 725 3071 αἰῶνα]
760 3012 986 3078 Spatium
1009 3011 1248 3076 intellige,
1275 3020 1490 3059 aetatem
1510 3010 1691 3060 mundi
1716 3010 1922 3057 dictum.

236 3098 351 3162 Pag.
390 3102 472 3151 10.
507 3092 791 3163 Ἀζουρᾶν.]
843 3097 1062 3145 Eandem
1098 3113 1162 3145 ex
1193 3113 1352 3163 parva
1389 3097 1568 3146 Genesi
1602 3094 1928 3162 Epiphanius,

103 3168 292 3218 Chron.
328 3168 568 3218 Alexand.
602 3175 648 3214 et
677 3167 820 3215 Ioelis
845 3175 1138 3219 memorant.

249 3241 330 3307 Τῷ
363 3233 485 3305 σμγ’.
515 3237 610 3288 ἔτει
646 3240 738 3288 τοῦ
762 3235 957 3303 Ἀδαμ.]
996 3240 1273 3305 Pericopen
1305 3236 1440 3286 hanc
1478 3246 1591 3285 ante
1625 3235 1927 3317 superimem

99 3325 319 3376 repon03
366 3316 414 3357 et
448 3308 581 3375 quod
616 3308 773 3371 ratio,
811 3318 861 3358 et
895 3308 1140 3358 humanae
1174 3308 1482 3358 educationis
1518 3308 1677 3389 poscit
1714 3322 1929 3353 consue-

100 3381 254 3443 tudo,
293 3380 370 3442 leg
346 3395 417 3427 ⁰.o
451 3382 522 3448 τῷ
547 3375 665 3445 σλγῖ
695 3378 790 3431 ἔτει.
817 3383 910 3431 τοῦ
930 3374 1088 3447 Ἀδαμ
1112 3376 1566 3449 ἆπεγαλακτίσθη
1542 3400 1567 3430 ο
1590 3372 1728 3443 Σήθ.
1788 3377 1929 3424 Itane

102 3450 222 3500 Seth
251 3449 392 3498 annis
421 3451 499 3502 13.
525 3448 606 3496 lac
633 3450 809 3499 suxit?

241 3520 297 3572 Ὅ
341 3515 463 3586 Σὴθ
502 3516 739 3587 αρπαγεὶς
769 3517 871 3572 ὖπὸ
904 3539 1006 3571 των
1039 3515 1297 3589 αγγὲλων.]
1349 3521 1514 3568 Locus
1549 3516 1604 3565 in
1642 3517 1742 3566 MS.
1776 3516 1930 3581 Regio
