2222 3938
651 182 752 234 ET
790 180 1382 240 ANNOTATIONES.
1811 174 1932 236 351

101 334 182 377 τες
222 313 278 368 οἷ
305 307 406 364 ἄπ’
445 311 658 375 αἰῶνος,
707 310 761 362 οἱ
794 307 1094 379 ἅνθρωποι,
1131 310 1187 363 οἱ
1223 307 1508 378 ὀνομαστοί.
1573 311 1740 379 Apud
1773 314 1935 363 Chal-

101 386 256 434 daeo-5·
282 383 479 432 Alorus
505 399 719 448 regnum
745 383 896 446 prior
925 384 1116 445 tenuit,
1155 391 1200 430 et
1234 387 1328 448 qui
1359 387 1602 433 successit
1624 385 1957 450 Alasparus,‘

100 458 380 520 caeterique
405 457 668 520 principes
706 453 828 500 illo]
831 470 952 502 um.-
999 452 1156 518 Quod
1190 456 1360 519 ips-um
1394 459 1629 504 insinuat
1666 459 1939 521 Scriptura

102 544 215 574 cum
239 525 400 576 dicit.-
452 527 700 605 Gigantes
725 542 760 570 a
788 525 992 571 saeculo
1021 526 1124 574 viri
1146 526 1351 573 celebres
1378 529 1537 589 fuere.
1609 528 1674 576 Et
1705 528 1792 576 ille
1817 528 1939 594 qui—

100 597 242 659 dem,
280 595 521 646 Eusebius
557 595 822 654 nimirum,
864 612 956 643 ceu
991 597 1320 662 παντοδαπῆς
1353 597 1573 666 ἱστορίας
1611 598 1816 660 author,
1855 599 1940 647 cui

100 667 249 716 dubia
271 668 355 716 vel
379 667 524 729 falsa,
563 684 668 714 non
691 666 856 713 minus
885 683 1031 730 quam
1058 675 1189 714 certa
1209 668 1464 717 scribendi
1488 671 1679 735 sylvam
1705 639 1938 733 offerunt,

99 755 164 787 ex
186 739 354 787 Berosi
375 737 786 800 Manethonisque
812 738 1128 800 commentis,
1166 754 1229 785 ne
1254 739 1509 800 ignoratae
1547 758 1720 789 eorum
1754 741 1939 789 lectio-

97 809 178 858 nis
211 809 306 857 sibi
331 809 490 856 labem
518 808 875 870 conscisceret,
923 810 1089 873 potuit
1123 807 1254 855 bona
1276 809 1376 857 fide
1399 813 1672 875 nonnulla,
1706 829 1831 877 quae
1854 829 1932 860 re-

95 881 277 942 ferret,
315 897 420 928 non
447 887 713 940 assereret,
750 879 850 926 suis
880 879 1082 942 scriptis
1110 878 1419 943 inspergere:
1455 882 1522 929 Hi
1553 900 1673 931 vero
1703 884 1818 949 plus
1844 883 1939 930 iu-

96 958 175 1000 sto
210 951 266 998 in
299 951 542 999 Berosum
591 958 639 998 et
674 949 1023 997 Manethonem
1060 950 1237 1013 aequi,
1289 967 1353 998 ne
1397 953 1712 1016 refellerent,
1763 970 1938 1002 eorum

96 1029 313 1070 mentem
338 1021 602 1085 benignius
636 1020 958 1085 interpretari
981 1020 1309 1068 studuerunt:
1349 1039 1472 1086 quae
1507 1040 1650 1072 causa
1684 1031 1757 1072 est
1785 1025 1936 1072 Geor·

98 1092 166 1156 gii
197 1093 532 1157 querelarum:
573 1092 752 1156 quibus
778 1098 1038 1156 permotus
1065 1090 1282 1154 Scaliger
1309 1092 1550 1141 Notarum
1580 1095 1635 1142 in
1664 1095 1935 1143 Eusebium

97 1163 264 1229 pagin.
299 1165 420 1218 246.
447 1162 731 1212 mordacius
755 1170 804 1210 et
839 1162 1000 1209 acrius
1034 1161 1088 1208 in
1120 1161 1395 1211 Authorem
1419 1164 1708 1227 invehitur,
1744 1173 1794 1213 et
1818 1182 1932 1212 cum
1962 1174 2015 1217 P.
2044 1176 2074 1218 8

94 1234 310 1283 Eusebio
350 1235 608 1298 iniquum,
657 1241 764 1281 tum
804 1233 950 1280 solita
996 1249 1084 1280 sua
1123 1234 1404 1298 pertinacia
1443 1235 1566 1283 alios
1604 1236 1798 1300 insequi
1841 1253 1936 1284 nec

93 1305 355 1370 propriam
383 1305 679 1353 sententiam
713 1303 881 1352 valido
915 1304 1094 1367 quovis
1131 1313 1420 1367 argumento
1448 1306 1646 1354 firmare
1683 1315 1933 1358 causatur.

96 1376 237 1435 Quae
258 1393 374 1423 sane
400 1376 719 1424 detraherent
742 1374 941 1437 Georgii
965 1374 1110 1421 dictis
1138 1383 1187 1422 et
1208 1375 1502 1424 authoritati
1517 1415 1531 1439 ,
1571 1377 1612 1424 si
1636 1378 1808 1426 Berosi
1829 1379 1936 1426 Ma-

94 1446 424 1511 nethonisque
451 1447 605 1494 libros
640 1445 752 1493 falsi
784 1445 1067 1509 suspicione
1092 1445 1276 1493 liberos
1315 1447 1675 1496 demonstraret
1701 1449 1935 1513 Scaliger,

95 1525 146 1565 et
180 1535 328 1581 quam
362 1518 422 1565 ab
463 1517 730 1564 Historicis
770 1516 1060 1579 postulant,
1115 1517 1299 1564 eisdem
1337 1517 1444 1581 ipse
1481 1519 1730 1568 conferret
1767 1519 1933 1571 fidem.

95 1589 195 1638 Eos
217 1589 383 1652 itaque
402 1596 603 1636 secutus
630 1586 869 1634 Eusebius
891 1587 975 1634 vel
997 1587 1215 1650 Scaliger
1243 1603 1492 1651 nusquam
1515 1590 1751 1654 probabit
1778 1607 1935 1655 prope

93 1659 270 1707 mundi
314 1666 546 1707 exortum
594 1657 956 1705 Chaldaeorum
998 1665 1048 1705 et
1083 1657 1444 1722 Aegyptiorum
1491 1659 1722 1707 instituta
1763 1678 1933 1724 regna,

93 1723 190 1778 nec
215 1737 330 1777 ante
367 1730 619 1778 diluvium
652 1735 731 1775 tot
761 1735 949 1791 queunt
986 1728 1196 1776 excitari
1219 1730 1510 1792 Dynastiae,
1545 1738 1623 1778 tot
1656 1731 1816 1780 creari
1850 1749 1935 1779 re·-

94 1817 176 1864 ges
193 1839 208 1862 ,
246 1817 417 1848 eorum
444 1800 622 1849 referri
657 1806 735 1847 tot
762 1798 991 1860 nomina,
1035 1816 1160 1862 quae
1187 1799 1454 1848 validiores
1480 1801 1682 1865 Georgii
1717 1803 1935 1851 rationes

93 1888 157 1919 ex
182 1871 433 1936 scriptura
462 1873 785 1956 depromptae
812 1887 913 1917 non
943 1873 1184 1934 perdant,
1224 1878 1310 1916 aut
1339 1871 1621 1935 profligent.

233 1938 686 2008 Στοιχειωθήσεται
707 1941 761 1992 ἐκ
785 1940 923 2007 τῶν]
962 1940 1114 2001 Quod
1142 1941 1408 2005 exequitur
1435 1959 1498 1991 ex
1521 1942 1821 1992 Manethone
1845 1943 1935 1991 in-

91 2011 244 2062 ferius
274 2030 382 2078 pag.
411 2019 494 2066 17.
524 2022 571 2061 et
600 2016 682 2066 18.

243 2088 326 2153 Τῷ
349 2079 489 2152 ανη’.
521 2104 611 2134 του
647 2077 875 2148 κόσμου]
916 2082 1175 2162 Duplicem
1214 2099 1276 2130 ex
1300 2083 1526 2132 Authore
1559 2102 1713 2149 cogor
1750 2085 1935 2133 admit-

92 2162 198 2202 tere
219 2155 510 2202 descensum
527 2155 740 2217 Egreg01
743 2170 908 2210 orum:
931 2155 1151 2219 Ρ1111111111
1167 2154 1227 2201 de
1251 2172 1349 2218 quo
1373 2156 1469 2201 iam
1485 2157 1652 2236 pagin.
1681 2160 1762 2209 11
1779 2157 1855 2205 lit.
1873 2157 1931 2203 B.

95 2232 145 2272 et
175 2226 448 2272 secundum
480 2224 565 2272 hic
589 2232 933 2272 memoratum.
1005 2225 1282 2272 Descensus
1307 2226 1393 2273 ille
1421 2229 1530 2289 quis
1555 2227 1623 2273 sit
1647 2244 1810 2291 nuper
1842 2244 1935 2274 ex·-

88 2295 274 2360 posuit.

235 2362 346 2417 Δύο
376 2361 553 2417 κύκλοι
583 2368 686 2415 τῶν
720 2360 848 2430 (ρλβ’.
883 2363 1048 2428 svau]
1095 2364 1239 2412 Prior
1268 2382 1377 2431 pag.
1419 2370 1499 2419 10.
1538 2366 1598 2416 D.
1639 2367 1932 2415 celebratur.

93 2436 320 2501 Spatium
351 2454 471 2484 vero
501 2454 600 2501 quo
632 2438 769 2483 Luna
798 2436 860 2482 ad
887 2437 1080 2499 signum
1115 2436 1246 2483 idem
1276 2435 1501 2501 signique
1525 2447 1772 2502 punctum
1797 2439 1931 2486 lucis

92 2525 208 2555 suae
234 2508 484 2573 principio
520 2508 601 2555 vel
630 2507 777 2572 plena
807 2507 948 2571 copia
978 2507 1223 2568 recurrit,
1261 2508 1403 2555 annis
1435 2509 1762 2556 novendecim
1801 2527 1929 2574 pro-

90 2579 345 2640 tenditur,
401 2587 449 2626 et
486 2579 616 2643 cycli
654 2577 845 2624 lunaris
880 2577 1147 2641 insignitur
1189 2579 1403 2626 nomine.
1491 2580 1704 2644 Tempus
1743 2580 1928 2628 iterum

93 2667 191 2714 quo
214 2657 421 2698 cunctae
455 2648 778 2696 Dominicales
800 2649 993 2697 litterae
1018 2648 1224 2712 singulis
1249 2649 1392 2697 aunis
1424 2650 1800 2710 distributaeeo
1827 2669 1925 2715 quo

90 2719 383 2786 inceperant
411 2719 491 2767 die
514 2737 604 2785 per
641 2719 867 2766 ordinem
901 2721 1114 2768 redeunt
1138 2721 1440 2768 emetiendae
1466 2721 1608 2769 annis
1635 2739 1739 2769 non
1767 2722 1930 2770 minus

93 2800 207 2840 octo
236 2809 386 2856 supra
408 2790 590 2854 viginti
616 2791 916 2852 absolvitur,
957 2807 1054 2855 quo
1090 2792 1263 2854 cyclus
1294 2791 1470 2840 solaris
1509 2792 1674 2842 dictus
1708 2794 1925 2857 emergit.
1946 2797 2002 2842 V.
2035 2798 2065 2841 8

90 2861 345 2910 Alteruter
374 2869 537 2910 autem
579 2879 671 2927 per
706 2862 1000 2909 alterutrum
1034 2861 1214 2908 ductus
1254 2863 1451 2927 cyclum
1492 2864 1613 2918 532.
1654 2865 1927 2929 componit,

89 2933 239 2996 vulgo
270 2931 642 2980 Methonicum:
680 2940 797 2997 post
823 2950 969 2996 quem
1004 2933 1153 2980 semel
1179 2949 1237 2979 ac
1264 2933 1449 2982 iterum
1481 2935 1736 2984 evolutum
1773 2934 1837 2983 ad
1864 2935 1930 2983 fi-

89 3001 183 3050 lias
206 3002 466 3050 hominum
491 3011 540 3051 11
544 3004 731 3051 ansitus
753 3012 1070 3053 memoratur.

237 3073 340 3123 Καὶ
371 3076 552 3138 συνῆξε
588 3070 773 3141 σᾶρους
797 3071 887 3141 ρκ’.
918 3073 1003 3127 διαὶ
1032 3073 1278 3140 βασιλέων
1315 3072 1476 3139 danim]
1514 3075 1665 3140 Reges
1691 3075 1808 3124 illos
1838 3075 1930 3123 de-

94 3160 202 3191 cem
226 3144 418 3206 profert
440 3145 711 3193 succedens
740 3147 936 3210 pagina.
1009 3148 1155 3194 Saros
1184 3153 1383 3193 centum
1408 3154 1457 3194 et
1478 3146 1647 3194 decem
1670 3164 1732 3195 ex
1748 3162 1930 3194 novem

92 3214 335 3261 aetatibus
376 3215 624 3279 collectis,
677 3217 800 3263 alios
836 3218 1005 3264 decem
1037 3217 1177 3265 annis
1219 3216 1380 3264 Daoni
1416 3216 1544 3280 regis
1579 3222 1666 3273 99.
1707 3216 1813 3280 (qui
1834 3215 1928 3263 Iu-

90 3284 215 3331 liani
237 3280 378 3351 sunt)
408 3284 463 3332 in
489 3286 619 3349 dies,
659 3287 832 3334 diebus
854 3304 973 3335 vero
997 3287 1051 3335 in
1087 3291 1232 3336 Saros
1263 3287 1545 3336 distributis
1573 3287 1803 3335 conficies
1830 3284 1928 3333 hoc

90 3362 258 3419 pact0.
330 3355 408 3402 Ex
444 3357 586 3403 annis
628 3361 712 3410 99.
747 3357 801 3404 in
837 3358 939 3406 <lies
971 3359 1203 3407 resolutis
1244 3357 1418 3424 (ducto
1455 3362 1539 3411 99.
1571 3374 1661 3421 per
1687 3357 1809 3409 365.
1833 3372 1928 3403 nu-

90 3426 252 3490 mero)
279 3425 384 3473 dies
407 3426 652 3473 subducto
677 3429 868 3481 36135.
892 3428 995 3476 dies
1020 3430 1215 3478 istosin
1235 3432 1399 3489 Saros,
1424 3427 1521 3476 hoc
1546 3435 1633 3489 est,
1655 3443 1748 3492 per
1772 3430 1927 3481 3600.

90 3494 289 3545 divide:
331 3497 478 3544 Saros
511 3496 755 3546 obtinebis
787 3501 870 3551 10.
895 3506 945 3547 et
969 3498 1075 3548 dies
1101 3499 1308 3565 insuper
1336 3498 1454 3551 135.
