2222 3938
630 178 731 234 ET
767 176 1355 238 ANNOTATIONES.
1783 168 1908 228 497

81 307 263 358 stiliter
283 324 343 356 ac
367 305 567 357 fortiter
588 308 822 374 reliquias
848 308 1183 359 Hebraeorum
1201 306 1553 373 aggrediuntur
1578 307 1780 368 Persae,
1814 307 1910 356 As-

81 379 271 444 syrios,
310 394 402 426 ceu
439 385 662 427 vetustos
697 387 746 428 et
781 389 1009 446 expertos
1044 379 1212 428 hostes
1247 379 1500 445 appellant
1533 377 1772 441 Hebraei,
1811 396 1909 441 quo

82 465 180 503 usu
211 450 436 497 Romana
474 447 627 496 dictio
665 450 920 516 princip-es
953 451 1072 499 olim
1098 449 1386 498 nominabat
1406 451 1657 509 Caesares,
1695 456 1744 496 et
1770 448 1912 496 illato

84 519 147 568 ab
186 519 369 567 exteris
402 518 561 579 bello,
610 521 691 568 vel
733 522 879 568 etiam
919 522 1085 569 excito
1127 520 1266 568 civili
1305 520 1554 582 tumultu,
1599 519 1814 568 Annibal
1850 519 1916 566 ad

2 606 10 613 ·
84 597 254 655 portas
270 627 286 652 ‚
323 589 491 637 nullus
517 589 582 636 sit
606 589 822 638 Annibal
842 592 983 653 licet,
1019 590 1258 638 inclamat
1283 591 1455 637 Latina
1476 589 1741 655 paroemia.
1809 589 1915 637 Na-

84 659 472 708 buchodonosor
509 659 664 722 igitur
699 660 936 710 Hebraeis
975 668 1180 725 putatus
1217 668 1292 708 est
1318 660 1528 724 quilibet
1558 659 1792 726 princeps
1817 658 1917 708 ho-

86 730 204 792 stis,
243 738 293 778 et
326 731 584 778 Persarum
631 730 892 796 imperium
941 731 1200 795 Assyriaca
1239 727 1430 778 ditione
1470 730 1827 795 locupletatum
1868 737 1918 778 et

87 809 321 862 auctum,
362 817 465 848 non
503 799 781 850 insolenter
817 801 1136 866 Assyriorum
1169 816 1377 863 regnum
1412 801 1694 865 appellatur
1729 801 1845 849 Esd.
1869 805 1915 853 1.

89 888 198 936 cap.
225 875 276 923 6.
305 887 355 919 v.
392 871 486 918 ult.
523 873 766 919 Fecerunt
802 873 1167 923 solemnitatem
1193 880 1375 934 septem
1408 869 1583 918 diebus
1613 873 1668 918 in
1699 871 1918 934 laetitia,

89 943 336 1007 quoniam
357 941 726 1005 laetificaverat
751 960 832 990 eos
851 944 1137 1003 Dominus,
1175 950 1221 987 et
1247 950 1555 989 converterat
1575 944 1794 1006 eorregis
1815 941 1919 988 As-

86 1029 178 1060 sur
210 1011 328 1079 (70.
359 1011 598 1077 βασιλέως
621 1007 923 1078 Ἀσσυρίων)
963 1011 1038 1060 ad
1072 1029 1153 1060 eos
1180 1019 1273 1059 etc.
1344 1011 1441 1059 Hic
1467 1029 1619 1076 porro
1650 1029 1754 1059 non
1789 1012 1918 1060 alius

88 1099 239 1148 quam
263 1083 527 1132 Persarum
566 1083 825 1132 dominus:
873 1083 999 1132 Nam
1038 1091 1087 1131 et
1124 1082 1414 1146 Cambysem
1440 1082 1716 1130 secundum
1740 1083 1919 1130 Nabu-

89 1153 408 1202 chodonosor
457 1154 516 1200 ab
553 1153 793 1203 Hebraeis
827 1162 1061 1204 vocatum
1101 1152 1385 1200 chronicon
1419 1152 1813 1200 Alexandrinum
1840 1160 1921 1203 tee-

87 1231 253 1272 statur
275 1240 384 1290 pag.
409 1227 531 1277 338.
556 1225 823 1290 eademque
853 1225 1047 1273 ratione
1068 1223 1260 1272 tertius
1274 1224 1357 1272 vel
1378 1231 1583 1287 quartus
1608 1224 1801 1271 Xerxes
1830 1223 1921 1272 de-

86 1294 338 1344 nominari
359 1295 539 1381 potuit.
574 1295 727 1343 Aliud
748 1296 1126 1343 fundamentum
1142 1293 1351 1379 exponit
1368 1293 1564 1341 Author
1587 1310 1720 1358 seqq.
1737 1294 1919 1343 verbis.

229 1363 283 1415 ‘O
317 1362 411 1431 γὰρ
449 1360 597 1425 αὐτος
623 1364 807 1434 Ξέρξης
832 1366 1091 1432 Αἴγυπτον
1131 1359 1466 1428 οἷποστᾶσαν.]
1508 1363 1789 1412 Istiusmodi
1827 1363 1924 1412 de-

86 1435 357 1486 sectionem
389 1435 601 1484 obscure
636 1436 856 1501 suggerit
883 1435 1053 1483 Iudith
1079 1442 1230 1500 caput
1261 1438 1506 1499 primurn.
1538 1442 1777 1483 memorat
1803 1435 1923 1482 Sui-

89 1505 176 1555 das
197 1506 351 1556 ve1bo
367 1500 595 1572 Ἰουδήθε
619 1515 789 1556 narrat
803 1506 1088 1556 Herodotus
1113 1505 1353 1570 temporis
1376 1504 1511 1552 illius
1531 1506 1750 1569 scriptor
1769 1505 1855 1552 lib.
1875 1509 1922 1558 1.

87 1575 220 1626 Hinc
255 1585 356 1624 tam
387 1576 650 1625 vehemens
696 1578 899 1625 ultionis
931 1577 1088 1624 libido
1135 1575 1242 1624 eius
1279 1575 1455 1623 animis
1488 1575 1713 1624 incussa:
1753 1574 1924 1623 Iudith

89 1665 199 1714 cap.
229 1653 280 1700 2.
329 1646 519 1714 ἐγένετο
560 1642 704 1715 λόγος
745 1648 1003 1712 ἐκδικῆσαι
1032 1649 1200 1698 πᾶσαν
1234 1665 1330 1711 την
1360 1648 1475 1711 γῆν.
1538 1647 1681 1693 „Mens
1718 1648 1765 1692 ei
1783 1647 1922 1708 ficit,

89 1717 233 1785 quod
248 1717 541 1781 defenderet,
569 1718 710 1784 quod
727 1720 1050 1766 ulcisceretur
1071 1735 1121 1764 se
1145 1715 1206 1763 de
1224 1716 1453 1764 omnibus
1470 1716 1762 1780 regionibus
1784 1718 1922 1762 istis:

86 1787 213 1837 hinc
240 1790 562 1854 satraparum
584 1789 822 1854 regnique
848 1796 1021 1837 coacta
1050 1787 1278 1850 comitia,
1317 1786 1564 1834 exercitus
1587 1786 1776 1848 vocati,
1815 1786 1925 1834 bel-

88 1860 140 1909 la
166 1859 390 1924 undique
415 1860 742 1923 denunciata,
781 1867 830 1907 et
855 1859 911 1906 in
945 1858 1178 1907 Iudaeam
1211 1856 1402 1922 primae
1431 1856 1559 1905 acies
1599 1857 1809 1916 effusae,
1839 1856 1926 1904 vel

91 1930 226 1995 quod
249 1930 428 1978 Iudaea
450 1929 705 1995 Aegyptiis
736 1930 1074 1979 desertoribus
1102 1928 1417 1990 conniveret,
1454 1927 1536 1976 vel
1564 1928 1698 1991 quod
1730 1943 1818 1992 spe
1855 1927 1926 1974 li-

89 1999 317 2064 bertatis,
346 2000 505 2049 Persis
528 2001 584 2048 in
603 2001 773 2050 Medos
797 2001 990 2066 priores
1012 1998 1292 2065 perduelles
1307 2016 1443 2046 arma
1467 1998 1784 2046 moventibus
1806 1997 1925 2044 belli

0 2111 5 2117 .
90 2071 276 2120 sociam
315 2071 583 2135 adiungere
617 2088 669 2120 se
706 2072 1029 2136 neglexisset,
1080 2078 1129 2118 et
1163 2069 1437 2134 Arphaxad
1479 2068 1624 2116 Medo
1664 2071 1926 2117 Persarum

88 2141 352 2206 imperium
374 2143 702 2204 detrectante,
740 2142 847 2207 ipsa
870 2140 1125 2190 servitutis
1149 2139 1412 2204 impatiens
1431 2138 1602 2201 iugum
1625 2139 1813 2203 pariter
1840 2154 1927 2184 ex-

93 2219 261 2259 cutere
287 2219 541 2259 tentasset.
613 2212 747 2259 Haec
771 2212 963 2275 aliquae
987 2211 1123 2275 apud
1146 2209 1454 2258 Herodotum
1481 2209 1715 2271 extantia,
1754 2216 1803 2256 et
1826 2207 1926 2254 mi-

92 2298 205 2330 rum
229 2281 284 2328 in
317 2281 521 2329 modum
548 2279 786 2329 historiae
812 2281 987 2329 Iudith
1021 2279 1406 2341 consentientia,
1445 2278 1662 2327 contulit
1693 2279 1754 2326 ad
1789 2277 1928 2326 invi-

95 2369 203 2403 cem
226 2351 359 2400 inter
380 2358 602 2400 recentes
628 2351 906 2417 scripturae
933 2359 982 2399 et
1015 2350 1251 2399 historiae
1285 2365 1452 2397 sacrae
1477 2348 1772 2415 interpretes
1806 2365 1926 2397 eru-

95 2421 230 2471 ditus
254 2422 489 2470 Nicolaus
514 2421 732 2469 Abram
717 2439 772 2469 m
799 2421 990 2470 Veteris
1016 2420 1316 2468 Testamenti
1338 2418 1512 2468 Pharo.

233 2487 315 2542 ’Ev
337 2497 402 2563 τῇ
426 2496 515 2558 τῆς
535 2487 737 2558 Ἰουδήθ
761 2491 954 2562 βίβλῳ]
991 2492 1142 2540 Plura
1176 2490 1306 2539 sacri
1336 2489 1472 2537 illius
1500 2487 1619 2538 libri
1645 2487 1923 2536 testimonia
1954 2499 2003 2543 Ρ
2029 2496 2089 2544 64

93 2561 266 2611 Iudith
296 2570 492 2627 tempus
526 2570 756 2627 reparato
787 2563 974 2628 templo
1008 2561 1301 2625 Iudaeisque
1334 2559 1646 2625 postliminio
1683 2560 1929 2608 revocatis

92 2633 345 2699 posterius
374 2641 610 2682 asserunt.
664 2634 780 2697 Cap.
809 2633 859 2686 4.
895 2649 944 2683 v.
976 2638 1026 2686 2.
1072 2637 1269 2682 Tremor
1308 2640 1354 2678 et
1378 2630 1557 2678 horr-01
1594 2630 1788 2679 invasit
1813 2648 1929 2677 sen-

94 2721 185 2751 sus
215 2722 410 2766 eorum,
448 2722 508 2751 ne
533 2703 627 2750 lzoc
638 2705 837 2767 faceret
861 2703 1189 2750 Hiemsalem
1213 2711 1258 2748 et
1279 2702 1459 2781 templo
1487 2702 1717 2749 Domini.
1766 2701 1931 2749 Grae-

98 2791 187 2822 cus
211 2782 379 2822 textus
407 2774 702 2823 dilucidior:
738 2773 824 2825 καὶ
849 2772 962 2836 περὶ
983 2769 1329 2855 Ιερουσαλημ,
1365 2772 1564 2858 inquit,
1581 2769 1668 2822 καὶ
1689 2774 1782 2822 τοῦ
1799 2774 1930 2821 ναοῦ

95 2845 275 2928 κυρίου
307 2847 436 2896 Θεοῦ
462 2839 631 2895 αὐτων
661 2841 1035 2911 ἐταραχθησαν,
1075 2839 1151 2893 ότι
1185 2837 1489 2908 προσφάτως
1527 2834 1658 2907 ησαν
1684 2837 1929 2908 αναβεβη-

95 2910 232 2975 xciv-¹:²3
252 2914 306 2966 ἐκ
327 2919 416 2981 τῆς
444 2916 791 2996 αἰχμαλωσίας.
862 2916 932 2961 Et
959 2912 1019 2960 de
1047 2913 1370 2960 Iiierusalem
1407 2922 1454 2959 et
1491 2910 1552 2959 de
1593 2913 1772 2976 templo
1809 2914 1929 2959 Do·-

95 2987 226 3033 mini
251 2985 350 3032 Dei
373 2988 457 3032 sui
477 2986 676 3033 turbati
699 2994 834 3046 sunt,
864 2986 990 3050 quia
1013 3001 1176 3032 recens
1200 2981 1530 3031 ascenderant
1556 3001 1590 3030 a
1618 2983 1928 3046 captivitate,

96 3064 144 3102 et
173 3055 350 3106 νεωστὶ
384 3060 484 3117 πᾶς
522 3055 553 3108 ὅ
584 3052 704 3116 λαός
744 3055 1086 3107 σννελέλεκτοε
1122 3072 1280 3120 nuper
1313 3056 1476 3102 omnis
1493 3054 1722 3118 populus
1744 3054 1930 3114 fuerat

97 3135 456 3190 congregatus
512 3127 630 3192 Cap.
658 3129 706 3180 5.
734 3143 784 3175 v.
813 3132 897 3180 22.
934 3125 1071 3173 Ante
1097 3124 1189 3172 lios
1221 3143 1384 3173 annos
1412 3142 1526 3172 cum
1562 3124 1871 3171 recessissent
1895 3138 1929 3167 a

95 3198 212 3254 via,
251 3213 408 3260 quarn
434 3195 639 3244 dederat
666 3197 775 3243 illis
800 3198 973 3256 Deus,
1014 3205 1072 3243 ut
1093 3195 1410 3243 ambularent.
1433 3198 1486 3242 in
1511 3213 1584 3255 ea,
1616 3192 1929 3239 exterminati

100 3275 221 3313 sunt
239 3267 455 3330 praeliis
481 3285 514 3313 α
537 3267 714 3314 multis
740 3267 1064 3329 nationibus,
1106 3275 1151 3312 et
1171 3266 1393 3331 plurimi
1415 3282 1586 3313 eorum
1615 3262 1808 3326 captiti
1841 3259 1927 3307 ab-

103 3334 249 3382 ducti
272 3346 391 3384 sunt
414 3339 470 3383 in
494 3346 593 3384 terr
595 3355 679 3384 am
701 3355 798 3386 non
824 3355 990 3387 suam.
1065 3338 1241 3401 Nuper
1263 3346 1430 3384 autem
1456 3353 1537 3383 νει
1540 3334 1635 3380 ersi
1653 3330 1727 3377 ad
1746 3332 1928 3378 Domi-

102 3424 228 3454 num
252 3410 422 3454 Deum
441 3425 621 3468 suum,
653 3425 710 3454 ex
734 3407 1066 3471 dispersione,
1106 3425 1211 3472 qua
1235 3406 1452 3471 dispcrsi
1468 3406 1688 3467 ficerant
1707 3398 1929 3447 adunati

103 3486 240 3526 sunt.
281 3485 329 3525 et
359 3495 466 3543 cap.
503 3481 554 3531 8.
608 3478 724 3525 Non
757 3495 936 3527 sumus
979 3481 1139 3526 secuti
1160 3486 1374 3543 peccata
1394 3483 1604 3540 patrum
1628 3480 1930 3533 nostrorum,

223 3559 386 3616 Georg.
416 3560 647 3615 Synccllus.
680 3560 738 3602 ΙΙ.
1516 3546 1588 3597 32
