2222 3938
623 208 724 260 ET
761 200 1347 263 ANNOTATIONES.
1540 210 1543 213 ·
1774 188 1893 248 461

15 351 20 358 ·
78 337 279 400 merati,
316 352 409 384 ceu
431 335 651 402 propriis
674 336 901 386 Indicum
926 335 1172 399 contenti,
1207 349 1313 383 non
1340 331 1613 381 debuerant
1628 329 1788 397 priori
1810 347 1902 378 nu-

75 425 211 456 mero
238 407 456 456 annecti.

217 473 362 528 Καθ’
393 477 597 529 ἕκαστον
624 476 679 528 δὲ
701 498 803 530 των
820 478 1024 560 potam]
1070 476 1275 526 validae
1310 456 1462 523 huius
1485 472 1777 522 obiectionis
1804 471 1904 518 im·-

75 547 217 615 petui
238 549 494 613 propriam
521 549 665 596 etiam
694 551 978 614 opinionem
1001 549 1240 597 evei-tenti
1263 547 1518 609 Georgius,
1549 552 1746 610 praeter
1771 541 1904 590 8011-

0 652 12 663 ,
75 628 275 699 pturam
303 627 351 667 et
370 619 487 667 fidei
513 620 768 668 munimen
792 621 894 668 vim
915 621 1101 668 illatam
1126 619 1257 666 haud
1285 619 1431 682 plene
1450 616 1745 670 retundens,
1774 611 1904 662 nihil

77 690 307 755 opponit.
355 691 510 739 Favet
535 699 876 753 argumentum
912 691 1004 752 iis,
1043 691 1129 755 qui
1157 707 1183 736 a
1210 690 1348 736 desei
1354 697 1400 734 ta
1435 688 1659 752 Aegypto
1689 686 1752 734 ad
1773 693 1905 732 tem-

75 762 214 826 plum
255 760 510 808 conditum
545 762 677 808 solos
716 762 833 814 440.
871 762 952 810 vel
991 761 1055 808 ad.
1089 777 1334 808 summum
1376 758 1497 811 480.
1537 775 1652 805 cum
1694 754 1906 805 Eusebio

76 838 258 896 putant
275 847 456 879 annos.
496 831 764 896 eodemque
787 833 1054 880 laeduntui
1077 830 1300 878 Afiicani
1321 829 1401 877 vel
1431 827 1630 891 Georgii
1654 843 1903 892 sequaces,
1933 829 1986 873 P.
2009 827 2067 873 50

78 902 164 965 qui
202 902 468 966 prolixiori
504 909 758 967 tempore,
797 910 845 950 ct
885 903 1003 950 solis
1036 902 1251 965 quinque
1289 901 1513 960 Salmon,
1552 900 1712 960 Boos,
1751 896 1908 958 obed,

77 972 235 1033 Iesse,
273 971 434 1019 David
473 972 873 1021 Genearcharum
913 973 1160 1035 capitibus
1196 989 1286 1036 per
1324 972 1444 1023 740.
1481 970 1561 1016 vel
1597 972 1715 1023 659.
1753 984 1909 1015 annos

78 1043 400 1090 numerandis
436 1037 748 1106 οἷπείθανον,
788 1052 847 1091 ut
879 1043 1054 1091 scribit
1083 1042 1279 1090 Author
1314 1049 1532 1089 statuant
1566 1040 1908 1090 παιδοποιίαν.

78 1113 238 1162 Veiba
264 1130 416 1178 porro
438 1112 562 1161 haec
587 1122 636 1162 et
663 1131 787 1178 quae
813 1122 1089 1179 sequuntur
1129 1121 1335 1174 cuncta,
1377 1113 1533 1159 donec
1558 1127 1831 1158 sermonem
1858 1125 1911 1156 se

79 1201 326 1232 resumere
355 1182 435 1231 his
471 1185 605 1246 aliis,
655 1182 750 1251 ἐγω
784 1183 837 1234 δὲ
863 1189 936 1254 τῷ
960 1186 1089 1254 θείῳ
1125 1192 1217 1232 etc.
1260 1182 1502 1246 significet
1537 1181 1808 1245 Georgius,
1847 1195 1911 1227 ex

80 1254 293 1302 Eusebio
326 1254 622 1320 deprompta
647 1256 954 1304 demonstrat
978 1255 1082 1303 eius
1115 1254 1282 1320 opinio
1306 1254 1483 1301 iisdem
1510 1251 1779 1301 clarissime
1802 1259 1911 1299 tra-

83 1333 240 1372 ctata:
279 1341 427 1388 quale
453 1325 805 1390 apponendum
832 1326 958 1373 duxi
987 1324 1143 1390 φησὶν
1169 1321 1303 1376 Εὕσε
1284 1326 1428 1391 βιος.

218 1390 302 1445 Ἐν
322 1389 415 1445 vo'.
446 1395 646 1460 ε’τεσιν.]
683 1395 726 1443 Α
752 1396 914 1460 primo
935 1395 1209 1457 Abraham,
1251 1396 1313 1443 ad
1336 1411 1517 1442 annum
1547 1401 1663 1459 post
1690 1392 1793 1441 eius
1817 1409 1913 1439 na·-

80 1466 228 1513 talem
244 1466 364 1519 470.
391 1482 570 1514 novem
587 1466 708 1514 istae
730 1475 1058 1515 numerantur
1081 1467 1444 1530 generationes.
1471 1464 1736 1525 Abraham,
1760 1463 1912 1523 Isaac,

81 1537 258 1598 Iacob,
295 1536 471 1598 Iudas,
507 1536 718 1598 Phares,
753 1537 943 1600 Esron,
978 1537 1151 1598 Aram,
1188 1535 1491 1600 Aminadab,
1525 1536 1762 1583 Naasson.
1808 1533 1914 1581 Sub

83 1624 330 1670 egressum
359 1623 422 1654 ex
447 1608 669 1672 Aegypto
698 1624 829 1654 anno
857 1608 1076 1655 eiusdem
1102 1606 1326 1655 Abrahae
1352 1607 1470 1661 505.
1512 1607 1733 1654 Naasson
1754 1603 1918 1653 tribus

82 1678 234 1727 Iudae
261 1677 539 1743 principem
562 1678 645 1731 35.
668 1695 853 1726 annum
881 1678 1100 1742 attigisse
1121 1678 1362 1743 supponit
1391 1677 1652 1726 Eusebius.

221 1743 306 1799 Ἐν
330 1743 387 1814 χ’.
413 1747 603 1812 ἔτεσιν]
647 1750 859 1813 Propter
887 1750 1214 1799 παιδοποιίαν
1237 1748 1353 1796 alias
1377 1744 1657 1799 οἷπείθανον
1685 1752 1735 1794 et
1755 1745 1918 1793 incre-

85 1819 313 1881 dibilem,
348 1836 454 1866 11011
479 1820 664 1868 fatetur
689 1819 931 1867 Eusebius
961 1819 1094 1868 inter
1127 1820 1359 1867 Exodum
1391 1826 1438 1866 et
1463 1817 1639 1884 templi
1670 1832 1795 1881 opus
1829 1815 1917 1866 in-

85 1898 285 1956 ceptum
322 1894 444 1945 600.
484 1906 640 1938 annos
671 1890 957 1956 ponendos:
995 1890 1276 1940 Recolenda
1305 1889 1537 1957 superius
1573 1887 1759 1953 scripta
1793 1893 1917 1935 nota

83 1960 315 2027 proxime
340 1961 569 2008 secunda.

225 2032 496 2094 stig-176·
541 2027 612 2081 Τα
633 2025 734 2082 vw'.
762 2029 879 2098 ism]
917 2032 1321 2080 Emendationem
1346 2030 1476 2079 113110
1500 2029 1654 2094 exigit
1677 2027 1920 2080 Eusebius

86 2100 151 2149 ad
181 2119 362 2149 annum
395 2100 617 2150 Abrahae
642 2103 761 2156 505.
791 2120 888 2167 quo
918 2105 1134 2169 populus
1163 2106 1385 2167 Aegypto
1414 2068 1610 2149 relicta³
1626 2099 1816 2164 recepit
1849 2098 1921 2145 li·-

85 2171 338 2220 bertatem.
407 2172 491 2220 Ab
518 2173 612 2219 lzoc
646 2173 752 2219 loeo
779 2172 852 2220 ad
878 2176 1194 2221 Salomonem
1236 2182 1281 2219 et
1308 2173 1480 2237 templi
1516 2169 1921 2235 aedficationem

87 2250 422 2291 numerantur
459 2244 584 2290 anni
613 2243 732 2296 480.
807 2243 919 2302 Qua
949 2262 1102 2309 porro
1143 2244 1338 2292 ratione
1363 2241 1619 2290 servitutis
1644 2239 1920 2302 interregni

86 2313 324 2379 pacisque
349 2311 526 2376 viginti
553 2330 700 2378 supra
726 2321 924 2361 centum
951 2332 1106 2362 annos
1135 2315 1379 2363 duntaxat
1404 2319 1632 2360 numeret
1662 2309 1919 2372 Eusebius,

87 2382 212 2432 mihi
248 2400 354 2431 non
386 2390 606 2444 constat,
649 2382 748 2430 nisi
783 2384 915 2447 quod
947 2402 976 2431 a
1013 2385 1132 2439 480.
1169 2384 1233 2432 ad
1269 2389 1388 2438 600-
1423 2381 1706 2431 numeranti
1740 2379 1919 2446 viginti

89 2471 243 2540 supra
271 2461 471 2502 centum
495 2453 711 2502 addendi
737 2463 1016 2506 occurrant.

227 2519 349 2591 Έγω
383 2521 438 2576 δὲ
465 2527 539 2594 τῷ
571 2525 699 2594 θείῳ
739 2520 928 2593 Παύλῳ
952 2524 1038 2576 καὶ
1059 2527 1123 2596 τῇ
1144 2543 1247 2575 των
1273 2542 1459 2592 κριτων
1496 2523 1653 2592 βίβλῳ
1689 2518 1918 2588 επομαι]

0 2615 8 2618 ⁴
90 2595 161 2643 Ut
182 2595 313 2643 inter
340 2577 586 2659 egressum
614 2611 677 2643 ex
700 2595 800 2642 Aeo
772 2576 926 2660 gyptb
957 2604 1006 2645 et
1027 2576 1203 2662 templi
1226 2595 1485 2644 conditum
1509 2610 1757 2644 annorum
1773 2593 1911 2654 659.
1945 2592 1996 2639 V·
2021 2590 2081 2638 46

94 2666 309 2732 spatium
338 2673 556 2728 astruat,
589 2664 688 2714 1100
713 2667 903 2715 ordine.

230 2735 379 2786 Mosis
412 2738 722 2802 praefectura
759 2737 1044 2784 continuata
1080 2743 1153 2784 est
1187 2736 1330 2784 annis
1367 2734 1455 2789 40.

232 2808 374 2855 Iosue
408 2807 542 2855 rexit
574 2809 815 2873 populum
854 2809 996 2856 annis
1032 2812 1116 2862 27.

234 2877 462 2925 Seniores
501 2878 734 2926 defuncto
769 2879 915 2926 [osue
949 2878 1349 2943 gubernaverunt
1387 2875 1530 2924 annis
1567 2880 1648 2930 18.

237 2951 414 2996 Secuta
450 2956 522 2996 est
556 2949 714 3013 prima
751 2949 965 2998 servitus
1003 2949 1092 2997 sub
1131 2948 1329 2998 Chusan
1363 2947 1506 2996 annis
1541 2950 1589 3000 8.

235 3019 430 3067 Primus
468 3019 625 3067 Iudex
661 3019 896 3067 Othoniel
937 3020 1080 3068 annis
1117 3020 1203 3072 40.

239 3090 465 3136 Secunda
499 3090 715 3138 servitus
751 3091 1015 3138 Moabitica
1052 3089 1195 3138 annis
1232 3092 1314 3143 18.

237 3160 493 3207 Secundus
528 3161 687 3208 Iudex
721 3161 833 3209 Aod
868 3162 1010 3210 annis
1048 3165 1130 3215 80.

238 3230 402 3278 Tertia
439 3230 649 3278 servitus
688 3230 975 3280 Chananaea
1016 3231 1158 3280 annis
1193 3233 1276 3285 20.

239 3301 431 3348 Debora
470 3316 582 3347 cum
618 3302 774 3350 Barac
809 3304 950 3351 annis
985 3302 1070 3357 40.

238 3371 429 3428 Quarta
465 3371 676 3419 servitus
713 3373 1027 3422 Madianitica
1061 3371 1204 3422 annis
1242 3374 1293 3423 7.

245 3440 448 3488 Gedeon
485 3440 627 3488 annis
663 3441 746 3496 40.

247 3510 532 3560 Abimelech
568 3511 710 3560 annis
743 3515 792 3567 3.
