2222 3938
335 154 465 218 542
947 162 1524 222 EMENDATIONES

332 366 364 420 ἔ
471 290 618 418 'Augei
614 291 670 348 δὲ
690 297 780 362 τῆς
807 290 1036 363 δευτέρας
1062 294 1343 363 ἐπισκευῆς,
1385 292 1502 363 ἤτοι
1525 296 1756 368 δευτέρου
1781 296 1920 362 ἔτους
1938 297 2161 368 Δαρείου

362 385 384 419 τ
453 387 525 454 φν

385 386 445 443 η
472 432 590 488 Λπὸ
625 434 679 486 δὲ
703 428 959 500 Ἀντιόχου
993 436 1284 502 πολιορκίας
1321 434 1403 502 ἔτη
1443 432 1565 498 σπζ.
1570 435 1598 505 ]
1651 439 1822 487 Monet
1850 438 1914 487 ad
1939 439 2163 504 interpo-

332 508 538 558 landum
563 505 822 571 perioches
845 506 1146 554 cuiuslibet
1132 506 1462 555 luconcinnus
1487 515 1681 556 textus:
1719 509 1841 573 quid
1881 509 2012 557 enim
2047 505 2164 571 ἐξό-

334 581 427 630 δου
453 595 564 626 cum
594 577 857 623 Salomone
880 576 1167 625 coniunctio
1190 578 1441 641 suggerit?
1481 595 1605 643 quae
1634 580 1794 644 prima
1827 580 2002 645 templi
2031 597 2161 628 anno

333 648 483 698 Darii.
523 653 573 701 2.
616 647 904 695 structura?
942 647 1032 695 Vel
1063 665 1187 712 quae
1221 649 1374 696 altera
1395 657 1510 713 post
1543 650 1674 697 Darii
1700 658 1747 698 et
1777 658 1889 698 ante
1923 649 2163 698 Antiochi

330 728 528 783 tempus
552 734 719 765 sacrae
745 717 880 765 illius
907 719 1039 765 aedis
1075 719 1354 784 reparatio?
1397 720 1620 784 ‘Impellit
1646 721 1857 785 amplius
1890 738 1992 768 non
2028 721 2163 768 absi-

331 789 465 838 milis
499 805 742 835 annorum
770 796 881 853 post
911 789 1204 852 insigniores
1239 789 1464 838 chronici
1489 791 1644 838 totius
1670 791 1816 856 spatii
1841 791 2051 856 epochas
2075 807 2164 838 or-

334 860 450 907 dine
479 859 772 922 retrogrado
813 860 944 924 apud
989 860 1255 908 Eusebium
1292 862 1354 908 ad
1387 860 1610 908 Abrahae
1644 879 1825 909 annum
1869 866 2023 916 2086.
2050 862 2164 908 col-

329 931 457 978 lecta
484 947 727 977 annorum
753 946 942 976 summa
966 929 1042 978 his
1069 931 1244 979 verbis.
1321 928 1599 1013 Colligitur
1633 949 1771 979 omne
1795 942 1990 996 tempus
2025 933 2078 978 in
2110 937 2160 985 2.

331 1017 526 1048 annam
573 1001 880 1065 VCS‘PCLS'lanb
913 1010 958 1047 et
993 1019 1325 1049 novbSSblllam
1363 1021 1471 1048 eve]
1472 1020 1660 1050 Slolzem
1691 1004 1960 1066 fflerOSOl)
1963 1020 2071 1049 mol
2074 1018 2164 1048 llln

330 1089 367 1118 a
394 1073 477 1125 15.
510 1072 623 1118 Tibe
611 1074 693 1117 rii
721 1071 956 1119 Caesaris
980 1090 1144 1135 anno,
1183 1083 1228 1119 et
1250 1074 1315 1120 ab
1347 1072 1549 1119 exordio
1578 1075 1660 1121 Et
1662 1074 1920 1138 angelicae
1942 1071 2163 1171 praedi-

327 1144 549 1192 cationis
571 1142 655 1195 42.

467 1213 525 1260 A
546 1214 716 1275 capta
718 1214 842 1259 itate
868 1222 1037 1260 autem
1060 1231 1216 1278 quam
1241 1213 1306 1261 ab
1331 1213 1584 1261 Antiocho
1601 1215 1827 1277 perpessi
1849 1222 1998 1275 sant,
2037 1214 2164 1259 anni

325 1286 451 1339 239.
489 1286 653 1330 Porro
681 1300 715 1329 a
736 1286 878 1330 Dat
858 1302 899 1330 ιι
924 1289 976 1337 2.
1008 1302 1142 1332 anno
1171 1285 1263 1332 sab
1288 1302 1387 1350 qao
1415 1302 1623 1332 rzcrsam
1655 1285 1895 1349 templum
1922 1282 2038 1331 aedi
2078 1300 2164 1330 ca—

329 1364 438 1402 tam
460 1363 556 1416 est,
596 1356 722 1400 anni
745 1357 863 1408 591.

158 1435 216 1481 V,
246 1432 304 1482 74
471 1425 529 1473 A
547 1427 731 1506 prima
770 1433 939 1472 autem
979 1421 1330 1490 aedificatione
1363 1425 1538 1489 templi
1571 1423 1662 1472 sub
1698 1425 1962 1472 Salomone
2007 1441 2164 1489 usque

329 1493 403 1543 ad
436 1498 767 1544 novissimam
802 1497 909 1543 eius
937 1498 1175 1560 ruinam,
1223 1514 1352 1561 qaae
1389 1496 1483 1544 sab
1529 1496 1843 1560 Vespasiano
1873 1497 2037 1559 facta
2074 1505 2160 1561 est,

326 1568 456 1615 anni
482 1569 633 1619 1103.

466 1632 588 1687 Ἀπό
612 1634 666 1687 δὲ
696 1639 787 1702 τῆς
821 1631 1074 1702 Ἀντιόχου
1099 1636 1390 1702 πολιορκίας
1419 1635 1502 1701 ἔτη
1575 1672 1589 1685 .
1662 1674 1675 1685 .
1748 1635 1792 1701 .]
1864 1637 2032 1685 Placet
2059 1653 2162 1686 nu-

325 1724 488 1756 merus
507 1704 632 1757 σλθ’.
660 1708 719 1754 ab
736 1708 946 1756 Eusebio
965 1708 1062 1755 iam
1079 1707 1372 1755 insinuatus.
1411 1707 1648 1754 Ducentis
1671 1707 1855 1772 quippe
1885 1716 1933 1755 et
1955 1708 2163 1772 triginta

325 1795 510 1826 novem
543 1778 685 1825 annis
721 1786 834 1824 ante
864 1779 1039 1827 mundi
1065 1779 1220 1832 5567.
1263 1795 1375 1825 cum
1403 1779 1615 1825 Canonis
1636 1777 1873 1825 Chronici
1895 1795 2005 1843 pag.
2038 1778 2158 1833 492

327 1856 593 1896 occurrant
628 1849 688 1896 ab
723 1849 843 1895 orbe
886 1849 1089 1896 condito
1124 1848 1242 1895 anni
1278 1849 1435 1902 5328.
1470 1856 1518 1896 et
1553 1848 1607 1895 in
1632 1848 1888 1896 emendato
1918 1848 2088 1913 Syriae
2112 1856 2162 1897 et

325 1918 468 1967 Asiae
504 1936 677 1982 regum
720 1919 964 1967 laterculo
1002 1918 1341 1984 conspiciatur
1375 1937 1402 1965 a
1436 1919 1588 1966 lateie
1620 1908 1855 1966 Antiochi
1885 1918 2160 1984 Epiphanis

329 2006 491 2037 annus
516 1990 789 2054 septimus,
828 1989 870 2036 is
901 1989 1048 2037 etiam
1071 1990 1199 2037 idem
1225 1996 1297 2036 est
1318 1989 1399 2051 qui
1426 1989 1559 2053 apud
1583 1989 1847 2037 Eusebium
1884 1991 1946 2036 ad
1972 2004 2159 2038 annum

326 2059 553 2108 Abrahae
597 2061 745 2112 1848.
781 2061 1119 2123 oppressiones
1148 2059 1335 2107 Iudaeis
1357 2060 1415 2107 ab
1446 2059 1690 2107 Antiocho
1733 2058 1991 2107 suscitatas
2029 2056 2160 2108 indi-

325 2130 468 2193 gitat.
502 2131 626 2194 Lege
656 2129 898 2178 Authoris
919 2147 1026 2195 pag.
1049 2134 1170 2183 386.
1205 2130 1259 2179 A.
1285 2130 1343 2180 B.
1368 2138 1417 2179 et
1439 2129 1535 2178 hoc
1563 2146 1773 2178 numero
1795 2130 1967 2195 Syriae
1986 2147 2160 2194 regum

325 2200 556 2248 laterculi
584 2200 975 2248 emendationem
1004 2200 1253 2265 probabis.

468 2273 578 2335 Peg.
615 2271 734 2324 343.
774 2267 1099 2337 Εὐνουχίζειν
1129 2269 1318 2334 ἄνδρας
1342 2266 1623 2334 ἐκώλυσεν]
1662 2269 1779 2318 Tria
1805 2269 1998 2319 diversa
2020 2269 2158 2320 MSS.

325 2339 578 2392 ἐκέλευσεν
614 2342 835 2389 scribere
869 2343 1038 2392 miror.
1075 2341 1316 2390 Eusebius
1348 2341 1565 2390 Latinus.
1599 2342 1940 2389 ‚Domitianas
1967 2342 2158 2390 Eanu-

324 2413 441 2459 clzos
457 2413 582 2476 fleri
599 2413 885 2476 prohibuit,

475 2480 579 2548 Την
624 2483 758 2533 ἰδίαν
797 2478 1055 2570 γαμετήν.]
1107 2482 1181 2530 Ita
1215 2481 1370 2530 codd.
1401 2482 1500 2532 MS.
1542 2480 1721 2546 quibus
1753 2480 1926 2530 invitis
1956 2481 2158 2547 reponit

325 2552 545 2616 Scaliger
575 2570 683 2634 pag.
722 2556 805 2607 66.
839 2550 932 2619 τήν
962 2554 1097 2604 ἰδίαν
1126 2548 1369 2619 οἷδελφήν.
1416 2553 1650 2617 Idemque
1672 2553 1992 2618 postmodum
2018 2569 2157 2600 erro-

323 2623 394 2672 ris
430 2624 623 2688 proprii
660 2625 849 2672 vindex
885 2624 1149 2674 Animadv.
1185 2641 1297 2690 pag.
1336 2627 1456 2678 262.
1496 2623 1684 2673 scribit.
1743 2621 2038 2688 Legendum
2071 2641 2157 2690 yv-

323 2698 474 2744 ναῖκα
504 2712 559 2740 ex
583 2696 909 2759 ffleronymo.

469 2765 582 2828 Pag·
621 2766 738 2819 344
778 2761 986 2831 Κλήμης
1007 2763 1106 2829 ἔτη
1114 2759 1167 2815 θ’
1171 2764 1208 2830 .]
1245 2766 1316 2814 Ut
1340 2764 1610 2813 Domitiani
1638 2764 1823 2813 mentio
1855 2769 1970 2811 ante
1996 2761 2154 2810 lineas

325 2841 543 2900 quatuor
572 2834 702 2884 inter
723 2853 909 2884 annum
930 2835 1107 2884 mundi
1128 2839 1282 2890 5576.
1307 2843 1356 2883 et
1384 2837 1538 2890 5577.
1567 2837 1730 2883 clausa
1752 2851 1880 2882 anno
1902 2833 2153 2898 posterius

325 2906 593 2954 nominato·
625 2905 888 2970 imperium
921 2923 1031 2954 eum
1067 2907 1334 2972 sumpsisse
1371 2907 1537 2954 docet:
1574 2906 1641 2954 ita
1681 2905 1946 2953 Clementis
1968 2920 2152 2952 nomen

324 2977 455 3024 inter
477 2975 653 3023 mundi
682 2977 836 3030 5577.
864 2985 911 3024 et
935 2979 1089 3031 5578.
1111 2978 1331 3042 positum
1355 2994 1485 3025 anno
1514 2976 1785 3042 posteriore
1809 2975 1891 3024 vel
1921 2974 2153 3040 sequiora

325 3047 499 3094 saltem
522 3046 870 3094 Pontificatum
897 3047 1167 3096 obtinuisse
1200 3055 1499 3111 suggereret:
1538 3054 1683 3110 atque
1715 3046 1786 3093 ita
1811 3052 1940 3094 anno
1958 3043 2153 3108 ‘Domi-

322 3117 451 3165 tiani
479 3122 560 3171 11.
597 3116 892 3180 Martyrium
915 3118 1149 3182 subiisse,
1188 3125 1342 3183 prout
1366 3117 1543 3181 pagina
1567 3124 1823 3181 praesente
1855 3115 2020 3164 innuit
2051 3115 2151 3162 Au·

323 3187 444 3236 thor
463 3188 555 3236 sub
579 3187 793 3236 initium.
865 3189 1099 3237 Decessor
1121 3189 1388 3237 Anacletus
1413 3188 1538 3236 duos
1561 3195 1760 3235 tantum
1790 3203 1944 3236 annos
1977 3186 2151 3234 Eccle-

324 3259 444 3306 siam
471 3259 617 3311 rexit.
654 3260 772 3307 Post
801 3257 934 3306 Petri
965 3259 1119 3323 igitur
1149 3261 1423 3306 Romanam
1449 3258 1724 3306 Ecclesiam
1755 3275 1886 3306 anno
1916 3275 1942 3305 a
1970 3254 2150 3303 mundi

324 3329 534 3377 conditu
559 3329 712 3384 5541.
737 3296 1011 3376 moderati&
1013 3346 1168 3377 annos
1203 3330 1287 3382 25.
1337 3329 1489 3376 Linus
1525 3329 1715 3377 medius
1749 3327 1951 3376 nonnisi
1991 3342 2147 3373 annos

325 3400 558 3448 undecim
596 3417 657 3447 ex
695 3399 895 3447 Eusebii
909 3407 1163 3483 ’computo
1197 3399 1364 3484 potuit
1396 3400 1656 3447 Romana
1640 3417 1697 3447 m
1722 3400 1835 3448 sede
1864 3411 2145 3447 numerare:

325 3486 450 3533 quae
476 3469 706 3536 probatio
728 3469 925 3521 numeri
956 3465 1038 3536 ιη’.
1065 3470 1119 3519 in
1149 3466 1234 3522 ια’.
1254 3469 1353 3519 hoc
1379 3478 1453 3519 est
1484 3474 1565 3525 18.
1589 3470 1642 3521 in
1669 3474 1751 3525 11.
1786 3485 1899 3537 pag.
1938 3468 2057 3522 341.
2089 3466 2145 3517 Β.
