2222 3938
326 189 455 251 394
966 195 1540 254 EMENDATIONES

329 328 598 391 hibuisset3
640 344 793 394 supra
826 343 948 378 vero
980 343 1091 392 pag.
1132 331 1216 381 68.
1251 329 1306 379 C.
1340 329 1571 379 videmus
1597 331 1793 380 eosdem
1821 339 2045 383 exaratos
2071 333 2150 383 his

329 399 601 450 manifestis
644 398 810 447 verbis
861 393 1229 463 συντρεχόντων
1261 396 1440 468 γ.ψλβ’
1484 401 1609 452 ἐτῶν
1648 405 1741 453 τοῦ
1777 397 1995 469 κόσμου,
2041 405 2151 453 cir-

321 489 391 519 fflca
423 487 550 535 quae
572 470 733 535 posita
764 468 1065 533 praecedens
1099 469 1452 518 animadversio
1477 473 1645 536 quinta
1670 473 1846 521 mundi
1875 476 2028 528 3732.
2055 492 2152 522 an-

328 558 453 591 num
492 557 607 588 cum
651 537 831 587 Asseth
870 543 951 592 17.
1004 555 1304 588 concurrere
1349 541 1588 591 declarat:
1632 543 1770 607 isque
1807 542 1940 591 idem
1975 545 2153 593 mundi

328 615 485 665 3732.
520 617 594 658 est
620 609 704 672 qui
734 610 882 657 Amos
909 609 1012 657 sive
1032 609 1256 658 Amosios
1282 627 1487 675 regnum
1511 612 1652 660 annis
1676 621 1892 678 quatuor
1916 623 2151 664 antever-

329 682 418 730 tit:
454 676 550 746 πρὸ
572 674 826 747 τεσσάρων
849 683 937 742 τῆς
962 674 1118 746 ἀρχῆς
1136 676 1295 731 αὐτοῦ
1315 681 1455 745 ἐτῶν,
1490 702 1615 733 κατα
1637 680 1691 734 τό
1719 679 1899 753 γψλβ’.
1930 683 2035 745 ε’τος
2059 689 2152 735 τοῦ

331 747 552 814 κόσμους
592 767 690 814 quo
715 768 825 798 cum
854 750 1011 798 Moses
1043 749 1176 799 haud
1199 759 1342 800 natus
1367 753 1445 815 sit,
1470 753 1557 801 sed
1578 771 1707 801 anno
1736 762 1970 818 sequente
1991 758 2148 809 3736.

328 829 390 869 ut·
423 820 571 868 habet
603 837 712 901 pag
750 825 866 874 126.
906 821 957 869 C.
987 821 1068 870 vel
1104 822 1428 872 correctiores
1461 823 1640 872 calculi
1677 824 1732 872 in
1768 825 1981 887 tabulis,
2030 825 2152 890 quid

328 899 551 955 superest
576 891 675 939 nisi
704 891 992 957 praecipitis
1019 899 1068 939 et
1093 893 1254 941 levius
1284 910 1555 959 perpensae
1579 895 1849 943 sententiae
1869 912 2010 944 reum
2036 897 2153 944 Au-

327 960 528 1009 thorem
557 962 719 1024 fateri,
757 963 864 1026 qui,
903 963 1109 1011 calculis
1129 964 1358 1026 mutatis,
1395 982 1640 1026 numer08,
1677 966 1997 1028 sententiam,
2033 967 2152 1014 scri·

327 1039 416 1097 pta
451 1032 655 1097 propria
690 1040 944 1098 pervertat
982 1041 1031 1080 et
1071 1035 1276 1082 confusa
1301 1036 1552 1083 ostentet?
1603 1036 1923 1101 Quapropter
1951 1037 2153 1084 mendas

329 1103 476 1149 tertia
504 1111 680 1167 quarta
709 1111 758 1151 et
784 1103 957 1168 quinta
980 1104 1116 1151 notis
1143 1105 1480 1169 superioribus
1520 1105 1681 1153 obiter
1716 1114 1915 1155 tantum
1948 1106 2153 1154 indica-

327 1180 404 1220 tas
430 1181 661 1238 praeterv
664 1174 817 1222 olabit
846 1175 1051 1235 Lector,
1089 1182 1138 1222 et
1171 1192 1232 1222 ex
1256 1176 1447 1239 primae
1476 1175 1819 1224 emendatione
1851 1177 1973 1224 alias
2008 1177 2153 1225 facile

331 1243 549 1306 corriget
583 1245 646 1291 ad
683 1261 796 1309 pag.
829 1244 1203 1310 praecedentem
1242 1246 1296 1293 D.
1333 1246 1659 1310 pertinentes:
1711 1243 1831 1310 μετοῖ
1875 1244 1929 1298 δὲ
1963 1245 2045 1313 ε’τη
2083 1243 2150 1298 π.

328 1333 456 1364 κατα
491 1311 573 1364 τὸν
597 1311 821 1401 ’Ὡγυγον
847 1315 933 1366 καὶ
968 1334 1055 1365 τον
1094 1311 1176 1365 ἐπ’
1212 1310 1372 1366 αὐτοῦ
1409 1314 1784 1401 κατακλυσμον,
1817 1313 2027 1377 ’Ἄπιδος
2063 1320 2154 1368 τοῦ

333 1382 600 1465 Φορονέως
618 1380 873 1475 Ἀργείων
877 1380 1241 1474 βασιλευοντος,
1262 1386 1356 1436 ἔτει
1377 1381 1448 1436 θ’.
1487 1387 1802 1471 Αἰγυπτίων
1802 1385 1857 1438 δὲ
1882 1392 2152 1454 Μισφραγ-

329 1450 641 1540 μουθοόσεως
683 1456 778 1506 ε’τει
813 1452 890 1514 ις’.
925 1451 1201 1538 Ἀσσυρίων
1223 1454 1277 1507 δὲ
1297 1452 1669 1517 Ἀσκατάδους’
1654 1457 1747 1508 ε’τει
1769 1452 1817 1508 ε’.
1855 1459 2154 1508 Σικυωνίων

329 1522 385 1573 δὲ
413 1519 701 1592 Ἐχυρέως’
685 1525 778 1578 ε’τει
809 1523 890 1587 λζ.
929 1522 1166 1595 ἐξήγαγεν
1204 1525 1231 1577 ὁ
1266 1531 1468 1591 Μωσῆς
1500 1525 1583 1578 τὸν
1625 1525 1744 1578 λαὸν
1788 1527 1840 1589 ἐξ
1877 1523 2151 1594 Αἴγυπτον.

328 1595 699 1643 Excusandus
685 1614 739 1643 111
767 1596 865 1644 hoc
900 1598 1063 1644 solum
1091 1597 1290 1646 videtur
1320 1597 1543 1661 Author‚
1582 1598 1718 1662 quod
1752 1598 1977 1646 nondum
2007 1599 2154 1663 plene

330 1665 530 1728 digestis
558 1669 762 1714 calculis
794 1684 1013 1716 errorem
1047 1667 1332 1731 admiserit,
1370 1676 1419 1715 et
1451 1669 1673 1716 incertus
1713 1686 1776 1715 an
1805 1669 1966 1733 primo
2004 1671 2152 1716 Amos

329 1753 484 1798 anno,
522 1738 699 1785 mundi
723 1741 876 1790 3736.
907 1738 990 1785 vel
1019 1737 1197 1785 Asseth
1222 1741 1303 1790 21.
1331 1746 1444 1785 ante
1481 1746 1693 1802 quatuor
1728 1739 1961 1787 nimirum
1997 1756 2154 1787 annos

328 1807 505 1854 mundi
530 1810 685 1894 3732.
716 1808 1047 1872 respondente
1073 1809 1288 1855 natalem
1310 1808 1460 1856 Mosis
1498 1809 1628 1856 diem
1657 1808 1857 1872 figeret,
1900 1809 1989 1857 ubi
2024 1810 2155 1858 scri-

325 1877 403 1925 bit
429 1876 517 1925 hic
541 1897 666 1928 κατα
681 1876 784 1965 μὲν
806 1897 895 1928 τον
898 1897 1122 1964 πρωτον
1132 1874 1357 1942 ’Ἀμωσιν
1375 1916 1389 1940 ,
1428 1875 1541 1942 ἤτοι
1564 1877 1725 1943 Ἀμως
1757 1874 1883 1948 παρ’
1913 1874 2079 1949 αυτῷ,
2117 1876 2154 1946 ἢ

327 1944 425 2014 πρὸ
451 1944 511 1998 δ’.
547 1951 635 2012 τῆς
663 1944 837 2036 αρχῆς
846 1943 1006 1998 αὐτοῦ
1024 1947 1150 1998 ἐτῶν
1175 1951 1373 2014 Μωσῆς
1397 1948 1698 2015 γεγέννηται.

464 2013 705 2084 Ἐξῆλθεν
742 2013 837 2069 ἀπ’
871 2013 1134 2084 Αἰγύπτου
1180 2015 1275 2068 συν
1308 2039 1376 2069 τω
1412 2022 1514 2089 λαῷ
1554 2016 1723 2088 γωιβᾌ
1765 2019 1896 2085 ἔτει]
1953 2020 2152 2068 Erroris

327 2096 446 2137 nota
473 2090 793 2153 praecedente
817 2089 1116 2136 manifestati
1136 2088 1461 2136 continuatim
1519 2090 1631 2154 Ipse
1655 2089 1850 2138 Author
1873 2091 2155 2154 profectum

329 2175 392 2206 ex
424 2159 648 2223 Aegypto
689 2159 743 2207 in
780 2176 966 2206 annum
1002 2177 1029 2206 a
1061 2158 1248 2207 mundo
1286 2159 1493 2207 condito
1527 2163 1685 2214 3816.
1719 2161 1774 2207 in
1813 2177 1960 2208 suum
1986 2161 2153 2209 locum

327 2229 591 2278 submovet
620 2230 782 2294 pagin.
807 2234 925 2283 126.
951 2230 1003 2277 C.

471 2297 582 2366 Πρὸ
605 2304 696 2351 τοῦ
727 2295 980 2366 Ἀμώσεως
1002 2297 1233 2365 τέταρτον
1266 2297 1350 2349 καὶ
1374 2297 1696 2363 τελευταῖον]
1747 2299 1805 2347 In
1838 2300 1962 2349 haec
1992 2301 2155 2366 pagin.

327 2370 439 2420 Not.
464 2373 582 2424 251.
609 2370 772 2436 posita
794 2371 1010 2434 Scaliger
1034 2369 1295 2419 exclamat.
1367 2371 1514 2417 Haec
1549 2368 1753 2434 quidem
1778 2372 2041 2419 calumnia
2069 2381 2154 2421 est.

339 2443 556 2489 Tertiam
579 2444 711 2489 enim
736 2460 834 2489 non
860 2450 1100 2505 quartum
1114 2439 1335 2487 decimae
1347 2443 1590 2504 septimae
1608 2442 1896 2504 Dynastiae
1905 2441 2155 2490 Eusebius

331 2514 599 2558 constituit
638 2508 969 2579 (Aphophim)
1009 2521 1054 2558 et
1089 2529 1192 2558 non
1223 2510 1463 2572 Amosin,
1502 2520 1559 2557 ut
1584 2512 1676 2557 iste
1703 2512 1893 2572 latrat,
1929 2509 2154 2563 sed'sAv-

329 2586 479 2647 χλην,
518 2581 887 2649 φαεητ’Ἀρχλην
917 2591 1094 2643 vocat·
1132 2581 1227 2628 sab
1264 2599 1360 2644 quo
1404 2580 1669 2644 Iosepham
1701 2581 1926 2647 Aegypto
1947 2585 2154 2645 praefe-

331 2661 465 2698 ctum
487 2655 655 2712 faisse
678 2652 819 2715 dicit,
855 2671 954 2701 ηοη
979 2662 1037 2699 at
1066 2653 1319 2716 Georgius
1335 2652 1427 2699 sub
1450 2651 1647 2711 Amo-si.
1699 2652 1852 2710 Quasi
1876 2669 1995 2700 vero
2020 2653 2152 2700 scri-

329 2721 488 2787 pseiit
521 2723 679 2786 Georg
656 2724 790 2784 σίυε,
827 2720 923 2790 πρὸ
956 2743 1045 2774 του
1083 2719 1340 2808 Ἀμώσεως
1372 2740 1604 2787 τεταρτου
1641 2719 1726 2771 καὶ
1747 2723 2027 2772 τελευταίου
2062 2726 2153 2788 τῆς

333 2788 405 2850 ιζ’.
444 2793 733 2852 δυναστείας
762 2793 1000 2858 ’Ἀφωφιν
1034 2787 1283 2858 Ευσέβιος
1316 2791 1579 2858 παρέθετο.
1630 2800 1745 2837 ante
1770 2791 2013 2854 Amosin,
2066 2795 2154 2857 qai

332 2865 618 2925 Dina-stiae
646 2863 866 2910 decimae
889 2867 1129 2927 septimae
1156 2870 1373 2927 quartus
1393 2871 1438 2908 et
1462 2870 1611 2925 post}
1613 2879 1752 2910 emas
1781 2864 1968 2924 extitit,
2003 2862 2152 2926 Apo-

322 2933 471 2997 ΡΙιίηι
497 2934 749 2979 Eusebius·
774 2937 1084 2981 interseruit.-
1123 2950 1179 2980 ac
1206 2949 1309 2979 non
1339 2931 1646 2981 manifestius
1675 2932 1835 2979 multo
1855 2932 1972 2979 ,eius
2001 2932 2153 2980 verba

331 3018 531 3050 sensum
565 3003 718 3050 istum
747 3005 973 3054 reddant.
1044 3001 1332 3068 Aphophim
1370 3008 1600 3065 quartum
1643 3008 1692 3047 et
1720 3002 1951 3050 ultimum
1979 3003 2153 3067 Dyna-

332 3073 454 3121 stiae
482 3077 561 3125 17.
583 3090 746 3135 regem
769 3082 882 3121 ante
904 3074 1118 3123 Amosim
1138 3078 1333 3136 praeter
1359 3071 1602 3119 rationem
1623 3070 1873 3120 ordinavit
1893 3073 2151 3122 Eusebius·

332 3142 597 3192 Perturbat
633 3144 868 3206 Scaligeri
903 3143 1146 3191 iudicium
1185 3157 1419 3205 praeceps
1454 3141 1509 3187 in
1547 3141 1814 3204 Georgium
1855 3142 2150 3206 indignatio,

335 3220 639 3277 quapropter
677 3229 772 3260 nec
810 3213 933 3277 quid
970 3211 1171 3261 obiiciat
1197 3211 1465 3273 Georgius,
1500 3227 1594 3258 nec
1626 3212 1746 3275 quid
1780 3212 1887 3277 ipse
1918 3213 2152 3271 decenter

332 3283 660 3348 respondeat,
696 3283 926 3331 advertit.
1002 3282 1181 3330 Verius
1211 3298 1269 3328 ao
1295 3280 1595 3345 prudentius
1632 3281 1853 3333 dixisset.
1931 3284 2151 3332 Tertium

336 3352 511 3419 (prout
542 3370 651 3418 pag.
682 3357 766 3408 62.
797 3350 887 3416 A.)
926 3369 1025 3400 non
1060 3360 1302 3416 quartam
1346 3350 1567 3399 decimae
1595 3355 1834 3415 septimae
1865 3354 2152 3412 Dyrta-stiae

336 3425 587 3472 Eusebius
614 3425 877 3471 constituit
910 3422 1228 3487 Aphoplzim‚
1265 3420 1504 3471 Archlem
1543 3432 1713 3469 autem
1747 3432 1990 3486 quartum
2007 3458 2021 3483 ,
2059 3421 2151 3468 aab

337 3513 438 3559 qao
471 3495 730 3561 Ioseplium
764 3493 985 3560 Aegypto
1011 3495 1329 3559 praefectam
1359 3493 1528 3556 fuisse
1569 3492 1723 3551 dicit,
1758 3510 1860 3542 non
1898 3501 1955 3541 ut
1992 3492 2149 3541 Geor-
