2222 3938
678 150 783 246 ET!
816 190 1407 248 ANNOTATIONES.
1784 182 1825 243 5
1835 183 1864 243 1
1878 184 1908 242 1

80 332 160 376 rat
201 323 442 374 Eusebius
480 321 545 371 ad
586 322 936 389 Olympiadem
963 326 1080 376 119.
1116 321 1323 371 urbibus
1359 339 1387 370 a
1428 321 1634 371 Seleuco
1670 324 1916 373 extructis
1943 333 1998 376 P.
2028 334 2085 377 69

81 397 232 444 fidem
260 397 500 444 facturus,
573 395 808 442 Seleucus
846 393 1205 455 Antiochiam,
1241 392 1578 455 Laodiciam,
1615 396 1915 458 Apamiam,

83 465 360 526 Edessam,
397 468 645 513 Bero’e‘am
675 474 721 511 et
756 466 958 513 Pellam
995 465 1144 512 urbes
1177 463 1440 514 condidit.-
1477 482 1696 529 quarum
1724 465 1917 513 Antio-

83 538 252 586 clziam
292 541 374 590 12.
404 554 536 583 anno
562 538 706 600 regni
732 538 814 583 sui
835 537 1070 584 extruxit.
1143 535 1460 599 Antigoniam
1484 543 1648 583 tamen
1671 536 1918 602 scriptum

80 608 300 674 repeiias
328 606 466 672 prius
505 624 651 671 quam
680 606 968 655 Antiochiae
1001 623 1183 654 nomen
1209 625 1290 654 sor
1296 607 1498 655 uretur·
1539 606 1658 656 vide
1681 607 1748 655 ad
1771 607 1918 656 Asiae

81 695 247 743 regem
274 678 573 741 Antigonum
598 678 826 760 superius
848 679 1010 743 posita
1038 695 1149 742 pag.
1175 681 1294 730 273.
1326 678 1377 727 G.

219 744 473 813 Ἐδεσηνοὶ
500 767 618 808 τους
642 743 854 815 χρόνους
881 744 1161 815 ἀριθμοῦσι
1185 743 1478 812 Σελεύκου]
1516 747 1651 796 Haec
1689 747 1744 796 in
1769 755 1917 796 textu

80 820 250 886 potius
275 835 424 884 quam
451 818 505 865 in
532 820 754 882 margine
779 819 945 866 sedem
971 826 1246 883 expetunt,
1287 835 1379 866 ceu
1405 836 1527 883 quae
1551 820 1917 884 Syromacedo-

80 907 228 952 num,
267 897 317 936 et
355 889 724 937 Seleucidarum
761 907 925 938 aelam
963 896 1184 952 tangant.
1269 890 1445 937 Graeci
1479 898 1597 954 post
1638 889 1918 939 Alexandri

81 960 248 1024 magni
289 952 510 1022 obitum,
546 976 707 1008 novae
753 977 894 1008 aerae
933 926 1287 1008 instaourandae
1335 960 1528 1007 Seleuci
1565 977 1774 1024 regnum
1814 977 1916 1026 quo

81 1033 248 1080 Asiam
289 1030 533 1092 obtinuit,
583 1032 925 1079 observarunt.
996 1031 1067 1078 Ea
1099 1048 1219 1079 vero
1247 1047 1351 1078 non
1385 1031 1547 1096 primo
1567 1032 1916 1094 Macedonum,

80 1102 169 1150 sed
200 1101 497 1150 duodecimo
523 1118 654 1149 anno
681 1101 741 1149 ab
764 1101 1037 1150 Alexandri
1062 1101 1202 1149 obitu
1228 1101 1378 1149 duxit
1401 1102 1680 1164 exordium,
1718 1111 1777 1150 ut
1796 1110 1918 1150 nota

79 1172 356 1238 penultima
375 1172 619 1236 suggerit.
692 1173 947 1236 Legendus
984 1173 1210 1220 Petavius
1236 1172 1325 1220 lib.
1356 1177 1440 1226 10.
1471 1172 1534 1221 de
1565 1173 1710 1224 Doct.
1744 1175 1915 1240 Temp.

81 1260 190 1308 cap.
212 1243 296 1296 40.
328 1249 378 1291 et
405 1259 540 1307 seqq.
572 1242 858 1291 Chronicon
878 1243 1122 1293 Alexand.
1147 1260 1258 1308 pag.
1281 1244 1402 1297 400.

206 1310 333 1378 ’Έτη
359 1308 432 1363 ιε’.
466 1313 553 1364 καὶ
578 1311 936 1380 ἐτελεύτησεν.]
973 1314 1325 1363 Novemdecim
1351 1313 1656 1363 emendatior
1671 1314 1917 1378 Georgius

79 1400 241 1450 nuper
271 1384 500 1449 scripsit:
553 1400 772 1433 errorem
806 1384 962 1432 istum
998 1385 1258 1450 praeteriit
1293 1385 1509 1449 Scaliger
1544 1393 1715 1434 textus
1740 1386 1917 1438 Euseb.

116 1471 190 1519 ag.
220 1456 306 1508 52.

77 1473 112 1521 P
223 1519 386 1585 Ουτος
417 1518 712 1589 Ἀθηναίοις
743 1519 983 1584 ἄποδονς.
995 1522 1015 1589 ]
1052 1522 1293 1572 Eusebius
1329 1523 1551 1574 Latinus.
1621 1527 1919 1573 ,Demetrius

76 1594 358 1644 Phalereus»=
391 1593 464 1641 ad
493 1596 843 1642 Ptolemaeum
871 1598 1100 1657 veniens,
1136 1597 1450 1659 impetravit,
1491 1604 1550 1642 ut
1579 1596 1921 1646 Atheniensi-

77 1667 175 1715 bus
200 1667 563 1723 ,Democratia‚
599 1664 660 1712 id
682 1675 753 1712 est
769 1666 955 1730 populi
979 1674 1212 1730 potesta-s¹
1234 1664 1536 1715 redderetur.

217 1737 332 1801 Pag.
374 1737 502 1790 275:
530 1735 767 1802 Ῥωμαῖος
801 1732 1105 1802 Μαρσούς.]
1156 1735 1563 1785 Emendationem
1602 1737 1746 1785 iuvat
1784 1737 1919 1786 idem

76 1807 316 1857 Eusebius
340 1807 404 1854 ad
427 1823 615 1854 annum
639 1805 866 1855 Abrahae
884 1808 1040 1860 1705.
1078 1808 1307 1854 Romani
1328 1807 1534 1854 ,Marsos
1554 1816 1602 1854 et
1634 1807 1848 1856 Umbros·
1872 1816 1919 1856 et

76 1878 321 1944 Pelignus·
345 1886 607 1949 superant.

215 1948 443 2013 Ῥωμαῖοι
487 1945 768 2013 Σαμνίτων.
781 1945 802 2012 ]
850 1946 1070 2012 Reposui
1124 1947 1422 2013 Σαμνίτων,
1472 1947 1584 1998 vice
1637 1950 1917 2014 Σαυριτοῖν.

64 2018 260 2069 ‘Scribit
290 2017 529 2067 Eusebius
556 2018 619 2065 ad
648 2017 850 2082 Olymp.
890 2018 1011 2071 115.
1062 2018 1292 2065 Romani
1330 2021 1583 2067 Samnites
1628 2017 1918 2066 diutissime

80 2099 258 2138 contra
290 2107 341 2138 se
376 2090 694 2154 praeliantes·
737 2087 812 2135 ad
852 2097 1121 2135 extremam
1154 2092 1447 2136 servitutem
1481 2088 1735 2153 redigunt.
1783 2094 1918 2139 Σαυ-

77 2163 233 2213 νίτων
264 2160 483 2223 Scaliger
520 2160 729 2220 retinet,
766 2166 876 2206 tum
911 2166 1079 2206 textus
1111 2176 1219 2224 pag.
1260 2161 1347 2212 53.
1379 2167 1485 2207 tum
1521 2161 1634 2207 Not.
1658 2176 1769 2224 pag.
1793 2161 1916 2213 259.

81 2239 132 2280 et
173 2231 482 2297 Καλαβρῶν,
530 2225 753 2296 Ἀράβων
793 2229 910 2276 loco
947 2229 1261 2276 scribendum
1304 2230 1518 2277 coniicit.
1566 2226 1646 2292 τὰ,
1682 2226 1916 2296 Ἀράβων

79 2318 346 2367 expungo,
384 2316 475 2348 ceu
510 2299 810 2364 superfluam
849 2315 1052 2362 vocem,
1090 2300 1210 2347 alias
1246 2300 1497 2348 nationem
1526 2299 1760 2348 hostilem
1787 2299 1913 2348 mihi

84 2372 333 2436 designat,
372 2387 468 2435 qua
488 2370 629 2418 velut
656 2370 715 2417 ab
746 2370 990 2417 Arabibus
1019 2371 1340 2434 postmodum
1371 2370 1575 2434 Graeci,
1613 2371 1686 2419 sic
1709 2371 1772 2420 iis
1805 2371 1914 2437 pri-

79 2443 231 2491 mitus
258 2441 469 2489 Romani
496 2439 771 2488 diutissime
796 2439 983 2488 fuerint
1002 2440 1186 2491 vexati.

221 2511 276 2564 Ὀ
301 2509 558 2580 Σάραπις,
594 2506 632 2576 ἢ
666 2509 696 2562 ὁ
730 2507 992 2577 Σόραπις.]
1029 2512 1226 2559 Lubens
1257 2527 1372 2560 cum
1408 2510 1657 2575 Scaligero
1686 2505 1918 2578 Σόραπις

80 2584 221 2671 lego:
259 2582 526 2631 lectionem
555 2581 736 2665 plebat
773 2582 966 2628 Suidas.
1005 2580 1031 2633 ὅ
1058 2577 1291 2671 Σαραπις
1323 2576 1476 2642 αὐτός
1492 2579 1646 2643 ’Ἀπις
1680 2581 1916 2644 ἐκαλεῖτο,

78 2673 174 2742 την
211 2650 266 2704 δὲ
301 2649 454 2719 σορόν
484 2647 667 2704 τούτου
705 2655 796 2702 τοῦ
821 2648 1055 2713 ’Ἀπιδος,
1091 2646 1209 2704 ἐν
1170 2673 1205 2723 ῃ
1235 2672 1289 2704 το
1319 2655 1460 2718 σῶμα
1486 2652 1640 2703 ἔκειτο
1669 2647 1830 2704 αὐτοῦ
1862 2653 1917 2704 ἐν

78 2719 426 2812 Ἀλεξανδρείᾳ
459 2718 790 2789 μετήνεγκαν*
827 2722 915 2773 καὶ
943 2718 1042 2775 οἷπὸ
1076 2726 1166 2788 τῆς
1191 2726 1347 2807 σοροῦ
1373 2722 1458 2774 καὶ
1479 2720 1693 2785 ’Ἀπιδος
1723 2718 1917 2775 σύνθε-

79 2814 168 2846 τον
205 2792 365 2860 ὄνομα
397 2790 721 2858 πεποιηκότες
754 2789 966 2844 ἐκάλουν
1006 2789 1163 2845 αυτόν
1209 2789 1451 2862 Σόραπιν.
1522 2795 1742 2860 Sarapis
1782 2793 1916 2841 idem

82 2868 189 2931 ipse
218 2865 497 2915 vocabatur
528 2866 676 2929 Apis.
762 2865 1018 2912 Locnlum
1050 2874 1245 2924 autem,
1295 2882 1396 2930 quo
1434 2882 1618 2931 corpus
1653 2863 1918 2913 conditam

66 2939 219 3000 fuit,
266 2934 638 2984 Alexandriam
694 2932 1114 3000 deportaverunt:
1169 2944 1216 2982 et
1253 2954 1287 2983 a
1321 2953 1436 2985 voce
1474 2932 1646 3002 σορος,
1694 2945 1741 2983 et
1781 2935 1918 3001 Apis

83 3009 357 3071 composito
394 3009 621 3069 nomine,
659 3008 877 3071 Sorapin
901 3008 1236 3071 appellavere.-
1263 3009 1458 3071 posteri
1478 3006 1657 3054 deinde
1677 3009 1915 3071 Sarapin.

81 3079 269 3125 Latini
296 3075 499 3123 demum
521 3079 748 3159 Serapin.
821 3077 1060 3126 Eusebius
1087 3077 1151 3125 ad
1179 3077 1527 3143 Olympiadem
1558 3081 1673 3132 123
1711 3078 1917 3140 Serapis

83 3151 344 3213 ingressus
358 3156 430 3194 est
442 3147 830 3197 Alexandriam.
866 3149 1021 3198 Vetus
1035 3148 1184 3196 lectio
1202 3165 1262 3196 ex
1276 3150 1511 3200 Pontaco.
1540 3149 1746 3212 Serapis
1759 3149 1918 3193 simu·

84 3219 231 3266 laclzr
234 3236 319 3266 um
333 3217 707 3266 Alexandriam
725 3222 887 3269 venit.-
915 3220 1089 3285 posuit
1110 3218 1307 3268 Author
1321 3220 1372 3271 ἰδ
1374 3214 1571 3287 ρύνθη,
1595 3227 1810 3265 erectum
1824 3225 1916 3267 est·

222 3285 305 3339 Ἐν
337 3283 498 3358 Ρώμῃ
531 3292 732 3356 πρῶτον
774 3286 1079 3357 ἄργυροῦν.]
1125 3289 1317 3338 Licinio
1355 3298 1406 3339 et
1441 3288 1641 3336 Cambio
1682 3288 1815 3335 Coss.
1863 3294 1915 3335 et

85 3358 399 3424 Olympiadis
428 3363 545 3413 126.
574 3376 703 3408 anno
737 3363 787 3414 3.
818 3362 986 3426 inquit
1013 3361 1301 3410 Chronicon
1327 3360 1468 3411 Alex.
1507 3357 1742 3407 Eusebius
1770 3357 1913 3405 annis

83 3435 136 3484 4.
175 3429 381 3478 tardius.

236 3493 573 3567 Νικομήδειαν
610 3496 698 3553 ἐπ’
738 3495 991 3569 ὀνόματι]
1027 3502 1369 3552 Nan-ationem
1397 3498 1629 3547 immutat
1664 3496 1907 3548 Eusebius

1949 1105 2004 1153 V.
2034 1107 2092 1152 63
