2196 3912
290 155 418 214 282
885 155 1192 214 GEORGII
1225 154 1573 213 SYNCELLI

294 298 404 339 tuta
421 289 659 354 dignitate
682 287 903 352 quinque
925 303 1075 352 supra
1096 285 1288 349 viginti,
1304 285 1542 351 Martyrio
1566 284 1813 334 sublatum
1823 287 2117 335 referentem

295 361 618 409 animadverti
644 358 822 423 pagina
863 361 980 411 339.
1019 358 1075 409 D.
1119 373 1182 404 ex
1217 373 1311 421 quo
1349 357 1453 404 eius
1484 357 1540 404 in
1566 357 1749 405 Urbem
1773 357 2038 405 adventum
2068 363 2118 404 et

290 431 616 481 Pontificatus
641 428 909 492 primordia
934 427 989 474 in
1002 428 1254 491 vulgarem
1275 427 1486 475 amundi
1505 427 1711 475 conditu
1726 427 1878 480 5541.
1892 445 1919 474 a
1936 426 2116 474 Christi

290 501 445 550 natali
470 501 553 553 41.
572 498 763 545 Claudii
783 498 1070 564 imperantis
1093 515 1278 545 annum
1299 498 1571 545 secundum
1597 516 1625 545 a
1646 514 1725 544 me
1747 497 1967 545 coniecta
1990 514 2114 562 pro-

291 571 455 631 babit,
493 569 579 633 qui
596 576 845 633 receptam
872 568 1296 629 Chronologorum
1323 568 1384 616 de
1404 569 1535 616 Petri
1568 568 1707 615 annis
1740 575 1788 614 et
1814 566 2116 615 Pontificatu

291 640 584 689 sententiam
608 640 760 687 fuerit
785 647 1035 703 sequutus.
1106 639 1230 686 Fixa
1257 638 1390 686 Petri
1410 638 1596 703 epocha
1626 637 1808 701 reliqui
1839 637 2116 685 succedunt

290 709 502 761 Romani
520 709 781 757 Antistites
812 710 875 757 ad
899 709 1067 756 Caium
1091 725 1271 773 usque,
1311 708 1449 756 cuius
1472 725 1630 756 annus
1665 709 1917 773 septimus,
1953 715 2013 755 ut
2031 706 2115 754 hic

289 782 345 829 in
378 779 555 828 mundi
585 781 736 832 5777.
767 788 816 827 et
848 779 1032 827 Christi
1055 784 1173 832 277.
1204 779 1423 826 incidere
1449 779 1866 843 deprehenditur,
1904 777 1967 825 ad
1989 794 2115 825 eun-

291 853 404 900 dem
441 850 628 913 pariter
662 851 909 899 devinciri
945 850 1195 914 comperio
1227 850 1283 896 in
1308 848 1621 913 Theophanis
1649 847 1980 911 Chronologia
2008 855 2112 895 sta-

289 925 383 972 tim
407 921 496 969 sub
519 921 718 968 limine:
755 928 902 985 atque
935 921 1006 968 ita
1036 928 1092 968 ut
1113 920 1504 968 continuatorem
1523 919 1874 983 Theophanem
1899 918 2111 982 Georgio

289 992 524 1057 Syncello
573 991 880 1055 praecessori
939 990 1154 1038 strictim
1198 990 1491 1053 adhaerere,
1554 992 1623 1037 sic
1657 990 1853 1053 Georgii
1895 989 2114 1037 tabulam

290 1062 437 1110 istam
466 1062 525 1110 ab
548 1061 698 1109 huius
723 1070 771 1109 et
794 1061 1108 1125 Theophanis
1154 1069 1386 1125 computo
1415 1077 1517 1107 non
1552 1060 1808 1108 deflexisse
1847 1059 2113 1108 arbitratus

292 1150 419 1181 sum.
489 1131 779 1179 Antiochiae
807 1140 855 1179 et
869 1131 1565 1196 AlexandriaeEpiscoporum
1591 1129 1828 1194 epocham
1850 1130 1905 1176 in
1928 1145 2116 1176 annum

289 1209 576 1267 sequentem
614 1201 749 1249 Petri
780 1200 1022 1266 epocham
1054 1201 1229 1249 mundi
1265 1201 1500 1249 videlicet
1534 1200 1688 1254 5542.
1721 1207 1772 1248 et
1811 1199 1996 1247 Christi
2030 1198 2115 1252 42.

290 1272 616 1321 differendam
651 1272 852 1333 censui,
892 1271 1023 1335 quod
1047 1272 1170 1319 haec
1194 1271 1280 1317 illa
1305 1271 1549 1334 posterior
1573 1272 1632 1318 ab
1656 1270 1863 1319 Eusebio
1886 1277 1934 1318 et
1955 1268 2116 1316 Chro-

286 1343 480 1406 nologis
522 1342 629 1389 aliis
666 1342 1012 1408 consignetur,
1051 1343 1319 1405 eademque
1347 1341 1422 1388 ita
1459 1340 1649 1403 defixa,
1687 1349 1760 1402 et,
1796 1348 1857 1388 ut
1875 1347 2020 1394 notae
2051 1338 2116 1386 ad

287 1430 399 1480 pag.
435 1413 553 1465 334.
590 1412 912 1475 confirmant,
951 1413 1093 1460 annis
1121 1416 1201 1465 16.
1229 1412 1396 1460 Marco
1421 1411 1697 1474 attributis,
1735 1410 1966 1459 Theonae
1990 1409 2115 1458 Ale-

287 1483 524 1532 xandrini
557 1483 793 1548 Episcopi
829 1500 988 1530 annus
1024 1482 1313 1531 undecimus
1351 1498 1550 1529 rursum
1587 1481 1644 1528 in
1673 1481 1844 1529 mundi
1876 1482 2029 1534 5777.
2065 1486 2116 1526 et

289 1554 474 1601 Christi
494 1558 613 1606 277.
639 1554 1054 1617 quemadmodum
1076 1553 1130 1600 in
1152 1554 1351 1599 Canone
1377 1551 1640 1615 praesenti,
1668 1553 1741 1599 sic
1763 1551 1817 1598 in
1846 1549 2114 1615 Theopha-
2182 1578 2185 1582 -

286 1625 366 1672 nis
405 1623 732 1686 Chronologia
761 1640 1058 1672 concurrere
1079 1622 1276 1686 legitur.
1348 1621 1423 1669 Ac
1445 1622 1667 1686 Tyranni
1702 1621 1900 1685 quidem
1930 1620 2113 1668 Antio-

289 1694 484 1742 chensis
509 1694 788 1757 Pontificis,
829 1694 936 1760 (qui
962 1694 1206 1757 Cyrillum
1234 1690 1447 1756 excepit)
1477 1709 1636 1739 annus
1665 1692 1926 1752 secundus,
1961 1697 2115 1755 prout

289 1765 346 1812 in
371 1763 684 1829 Theophanis
719 1764 865 1811 toties
903 1766 1166 1828 repetitum
1203 1762 1380 1809 mundi
1417 1764 1569 1815 5777.
1606 1770 1655 1808 et
1682 1762 1864 1810 Christi
1892 1765 2012 1814 277.
2050 1760 2115 1808 ad.

290 1834 503 1883 eundem
519 1834 722 1881 modum
748 1851 812 1882 ex
842 1834 1039 1897 Georgii
1063 1832 1394 1895 Chronologia
1422 1832 1514 1879 sibi
1540 1832 1739 1880 deberet
1763 1831 1994 1879 comitem
2029 1848 2113 1879 as-

290 1905 500 1953 ciscere:
540 1911 588 1951 et
624 1904 914 1967 adiungeret
949 1920 1092 1961 sane,
1127 1904 1224 1950 nisi
1250 1902 1439 1950 Euodio
1474 1903 1672 1950 Petrum
1710 1902 1766 1949 in
1789 1900 2113 1950 Antiochensi

287 1975 403 2023 sede
427 1981 638 2039 sequuto
661 1991 815 2021 annos
843 1991 930 2022 sex
958 1974 1171 2037 integros
1197 1980 1390 2038 praeter
1415 1971 1618 2035 debitos,
1655 1989 1840 2021 novem
1864 1978 1913 2020 et
1935 1972 2114 2036 viginti

284 2045 551 2107 nimirum,
588 2044 742 2091 trium
775 2052 825 2091 et
858 2043 1041 2107 viginti
1066 2044 1199 2104 vice,
1239 2041 1449 2089 Domino
1471 2059 1619 2104 ver0,
1655 2044 1739 2090 vel
1765 2044 1986 2105 Domno,
2025 2042 2111 2107 qui

287 2115 533 2179 Cyrillum
569 2113 813 2178 praeivit,
861 2114 1077 2161 duorum
1112 2113 1247 2172 vice,
1286 2112 1444 2178 (quos
1483 2112 1632 2160 habet
1661 2111 2002 2177 Nicephorus,
2050 2120 2112 2161 ut

283 2185 467 2234 Euodii
503 2182 623 2251 23.)
661 2191 786 2246 tres,
833 2185 915 2232 vel
953 2183 1191 2247 Georgius
1227 2183 1474 2244 oscitans,
1526 2183 1610 2231 vel
1652 2182 1902 2231 Librarius
1941 2200 2109 2231 errans

283 2254 554 2303 tribuisset.
629 2254 895 2318 Georgium
921 2262 1085 2302 autem
1111 2253 1378 2300 dictantem
1402 2252 1782 2315 hallucinatum,
1818 2255 1900 2302 vel
1925 2255 2110 2302 certius

287 2326 452 2374 dicam
472 2324 765 2389 scriptorem
790 2341 991 2387 errasse,
1019 2324 1153 2388 quod
1184 2323 1322 2371 Pauli
1346 2324 1696 2372 Samosatensis
1717 2325 1964 2388 Synodice
1986 2341 2110 2372 con-

287 2395 507 2444 demnati
528 2412 590 2442 ex
619 2395 838 2443 Ecclesia
865 2396 1152 2444 eiectionem
1180 2394 1239 2441 ab
1278 2393 1496 2443 eiusdem
1531 2412 1594 2443 ex
1624 2394 1996 2459 Episcopalibus
2029 2411 2111 2442 ae-

289 2466 435 2513 dibus
459 2466 748 2529 depulsione
779 2466 838 2512 ab
863 2465 1132 2514 Aureliano
1159 2464 1399 2528 imperata
1431 2466 1678 2515 diversam
1695 2501 1708 2526 ,
1747 2466 1982 2513 alteruter
2005 2482 2110 2513 non

289 2536 581 2584 observarit.
653 2535 779 2584 Vide
813 2537 1070 2599 utriusque
1116 2535 1249 2600 apud
1287 2535 1544 2584 authorem
1587 2535 1799 2584 eundem
1830 2535 2108 2598 Eusebium,

287 2605 424 2653 illius
461 2606 516 2653 in
533 2605 780 2654 Chronico
814 2607 878 2655 ad
900 2606 1150 2656 Valeriani
1179 2622 1365 2655 annum
1398 2609 1480 2659 13.
1522 2605 1671 2654 huius
1703 2621 1767 2652 ex
1798 2604 1974 2656 histor.
2002 2606 2109 2654 Ec-

289 2676 405 2724 cles.
442 2676 528 2726 lib.
568 2681 617 2729 7.
647 2694 753 2741 cap.
788 2677 876 2730 24.
920 2675 1192 2743 praesentis
1225 2676 1388 2742 operis
1424 2692 1532 2740 pag.
1570 2678 1688 2729 391.
1721 2676 1772 2723 C.
1812 2675 2106 2728 discrimen:

286 2747 500 2795 Paulum
527 2747 674 2796 simul
697 2748 890 2812 inspice
935 2746 1094 2812 priori
1132 2747 1246 2794 loco
1280 2746 1687 2807 condemnatum,
1726 2752 1774 2792 et
1795 2745 2042 2794 Domnum
2063 2747 2109 2795 ei
2184 2768 2187 2771 ’

288 2815 551 2864 suffectum
568 2855 580 2878 ,
619 2836 714 2881 quo
741 2826 1009 2881 utrumque
1034 2817 1097 2864 ad
1119 2817 1374 2864 Valeriani
1396 2824 1620 2880 tempora
1641 2817 1980 2864 revocandum
2003 2825 2108 2865 sta-

287 2894 426 2937 tuas:
468 2888 602 2949 quod
629 2906 729 2935 non
756 2889 856 2937 nisi
881 2887 1071 2937 Euodio
1098 2881 1204 2953 (cui
1226 2885 1536 2951 Nicephorus
1576 2903 1729 2934 annos
1754 2889 1839 2939 23.
1865 2887 2108 2941 duntaxat

287 2956 522 3023 ascribit)
556 2973 644 3005 sex
678 2959 912 3008 detractis
952 2974 1059 3005 non
1097 2958 1356 3020 exequaris
1394 2956 1566 3004 faciles
1615 2955 1780 3004 Tertio
1811 2956 2018 3006 subinde
2044 2975 2108 3006 ex

285 3027 468 3075 Domni
490 3034 645 3076 aetate
661 3028 831 3096 (quem
857 3031 982 3078 duos
1005 3027 1137 3074 solos
1152 3027 1207 3073 in
1224 3025 1525 3076 Pontificatu
1546 3026 1762 3090 exegisse
1779 3028 1953 3076 scribit
1975 3029 2107 3076 idem

284 3096 625 3162 Nicephorus)
665 3107 712 3146 ct
734 3099 911 3163 Cyrilli
943 3096 1227 3165 primordiis
1257 3097 1311 3144 in
1336 3096 1559 3161 superlus
1597 3096 1836 3161 spatium,
1875 3106 1925 3146 et
1958 3116 2106 3146 mun-

289 3168 342 3215 di
366 3169 521 3222 5761.
549 3174 599 3216 et
625 3168 809 3217 Christi
830 3174 948 3224 261.
991 3166 1234 3228 evocatis,
1271 3174 1388 3232 post
1424 3166 1526 3214 eius
1559 3184 1713 3214 annos
1751 3167 1836 3220 15.
1878 3169 2107 3217 succedet

288 3239 578 3303 Tyrannus,
617 3239 754 3287 cuius
776 3257 934 3287 annus
960 3244 1006 3292 2.
1034 3254 1096 3285 ex
1113 3236 1426 3302 Theophanis
1453 3236 1643 3287 calculo
1665 3237 1729 3284 ad
1752 3238 1925 3285 mundi
1949 3243 2104 3292 2777.

287 3317 336 3357 et
360 3309 545 3358 Christi
567 3314 686 3362 277.
713 3310 973 3359 confestim
998 3316 1240 3358 occurret.
1309 3306 1475 3355 Iacobi
1497 3307 1707 3373 denique
1730 3308 2105 3372 Hierosolymo-

288 3396 400 3427 rum
429 3381 664 3445 Episcopi
688 3382 995 3446 praesulatus
1024 3378 1230 3427 exordio
1262 3378 1325 3425 ad
1345 3378 1907 3441 ipsamResurrectionis
1933 3378 2105 3426 Domi-

291 3452 428 3500 nicae
459 3459 510 3500 et
543 3451 715 3502 salutis
737 3453 820 3508 34.
855 3451 1118 3501 obeuntem
1143 3465 1205 3498 ex
1225 3447 1463 3498 Authoris
1492 3456 1727 3514 computo
1767 3464 1879 3514 pag.
1904 3451 2022 3503 328.
2047 3449 2101 3498 Β.
