2222 3938
358 191 482 250 338
976 191 1556 250 EMENDATIONES

361 329 534 379 clesias
560 327 667 376 cani
697 330 1006 374 consuetum.
1082 319 1299 408 Χριστὸς
1335 319 1515 390 ανέστη
1543 323 1597 377 ἐκ
1623 326 1817 407 νεκρῶν
1841 321 2052 396 θανάτῳ
2087 324 2188 379 θοὶ-

356 419 510 452 νατον
534 394 791 463 πατήσας,
834 394 919 445 καὶ
943 398 1050 453 τοῖς
1077 394 1130 445 ἓν
1157 391 1381 460 μνήμασι
1408 394 1538 462 ζωὴν
1563 391 1905 461 χαρισάμενος.

499 471 594 532 Pa‹
570 487 609 518 (η
628 473 677 522 3.
693 465 1026 517 Ὀκτακοσίων
1046 462 1139 515 δύο
1155 466 1309 525 suffia]
1333 463 1415 529 Τὸ,
1432 463 1539 529 δύο,
1554 462 1831 515 redundat:
1868 485 1962 517 nec
1985 469 2039 517 in
2056 484 2190 516 sum-

357 559 439 590 ma
470 539 680 589 subinde
712 537 986 600 colligenda
1015 534 1239 584 binarius
1265 537 1539 585 rotundum
1561 554 1827 586 numerum
1853 547 2133 604 exsuperat.

497 606 822 667 Ἰνδικτίωνος
861 602 1096 674 πρώτης.]
1144 608 1491 656 Revolvendae
1531 607 1710 672 iugiter
1755 624 2001 659 annorum
2034 613 2191 674 quin-

359 681 549 741 decim,
588 679 691 727 sive
716 677 1053 726 indictionum
1082 677 1305 741 periodi,
1341 671 1501 743 primo
1528 679 1685 742 gradu
1711 679 1770 725 ab
1797 698 1928 729 anno
1954 699 1981 728 a
2012 678 2190 727 mundi

359 750 569 800 conditu
591 749 746 802 5460.
771 765 895 812 quae
919 746 1156 795 Authoris
1180 765 1319 795 mens
1342 757 1415 796 est
1436 767 1545 813 pag.
1571 753 1690 803 305.
1713 751 1766 797 B.
1789 752 2022 811 deducto,
2059 766 2188 797 anno

356 820 679 888 postmodum
712 822 866 873 6300.
894 819 980 883 qui
1008 818 1195 867 Christi
1222 824 1339 873 800.
1371 827 1468 879 est,
1505 820 1797 869 indictionis
1826 822 2065 887 repetitae
2087 820 2191 886 pri-

357 909 469 940 mus
498 907 658 940 annus
700 890 947 938 occurrit:
986 889 1128 953 isque
1165 898 1238 937 est
1269 890 1470 954 Georgii
1507 894 1638 938 circa
1665 891 1965 940 indictiones
2004 908 2191 947 sensu5‚

356 963 501 1010 iuxta
539 978 686 1026 quem
727 960 915 1008 Christi
951 961 1228 1021 nascentis,
1281 969 1329 1008 et
1363 962 1541 1009 mundi
1573 979 1702 1009 anno
1736 964 1893 1016 5500.
1926 961 2193 1010 undecima.

358 1033 532 1081 debuit
559 1031 814 1091 exordiri,
850 1038 909 1078 ut.
934 1031 1147 1079 evolutis
1177 1032 1236 1078 ab
1267 1047 1321 1078 ea
1346 1032 1488 1079 annis
1516 1036 1634 1085 800.
1658 1033 1822 1097 prima
1854 1050 2030 1082 rursus
2065 1032 2192 1081 offe-

355 1111 436 1152 rat
462 1120 515 1151 se
555 1103 928 1150 numerandam.
1006 1102 1130 1148 Cum
1161 1119 1282 1150 vero
1315 1103 1608 1150 Latinorum
1651 1111 1701 1150 et
1738 1104 2067 1151 Orientalium
2102 1120 2194 1167 per

355 1173 654 1222 indictiones
685 1172 894 1236 putandi
919 1172 1197 1219 communis
1226 1189 1282 1220 ea
1307 1173 1375 1219 sit
1402 1173 1742 1232 consuetudo,
1777 1182 1836 1221 ut
1855 1191 2014 1221 annus
2039 1173 2192 1222 Chri-

357 1245 422 1292 sti
458 1252 574 1291 ortu
608 1250 925 1291 consecratus
950 1242 1099 1289 tertia
1132 1242 1480 1306 consignetur,
1521 1243 1607 1306 qui
1634 1243 1693 1290 ab
1726 1260 1782 1292 eo
1817 1245 2043 1309 sequitur
2067 1247 2189 1297 800.

359 1323 564 1363 octavae
599 1314 816 1377 postulat
841 1312 1174 1360 characterem
1191 1330 1206 1361 ε
1249 1330 1311 1360 ex
1337 1331 1435 1378 quo
1468 1312 1655 1361 Christi
1681 1316 1894 1363 natalem
1926 1332 2111 1362 annum
2138 1314 2195 1360 in

357 1384 585 1450 computi
609 1384 785 1431 Graeci
819 1383 971 1437 5493.
998 1383 1166 1447 potius
1194 1401 1341 1447 quam
1366 1384 1421 1431 in
1446 1384 1598 1437 5500.
1627 1387 1967 1450 reponendam
1994 1385 2195 1434 consul-

353 1456 543 1504 tissime
565 1455 873 1502 demonstrat
898 1454 1127 1502 Petavius
1152 1455 1236 1506 lib.
1260 1459 1306 1509 9.
1335 1455 1394 1502 de
1420 1455 1560 1504 Doct.
1582 1456 1748 1521 Temp.
1778 1474 1884 1522 cap.
1910 1460 1960 1510 3.
1986 1463 2035 1504 et
2054 1472 2191 1520 seqq.

355 1525 615 1574 Videndus
661 1525 792 1573 idem
827 1527 1131 1589 Temporum
1172 1526 1362 1574 Doctor
1398 1525 1483 1573 lib.
1518 1526 1578 1575 Π.
1616 1544 1724 1591 cap.
1763 1530 1849 1580 39.
1890 1529 1951 1575 ad
1989 1527 2192 1588 calcem,

357 1605 405 1644 et
431 1597 694 1646 Variarum
723 1596 915 1643 dissert.
935 1596 1022 1646 lib.
1050 1600 1099 1649 8.
1128 1596 1191 1643 ad
1222 1595 1519 1644 Auctarium
1543 1596 1604 1644 de
1639 1599 1778 1647 Doct.
1799 1598 1968 1664 Temp.
1991 1597 2192 1645 Adeun-

353 1668 451 1715 dus
478 1667 662 1730 pariter
690 1666 902 1714 Allatius
931 1667 1011 1714 vir
1037 1667 1172 1713 omni
1194 1668 1449 1731 praeclara
1470 1667 1749 1715 eruditione
1771 1668 2192 1716 commendandus

354 1738 409 1784 in
432 1738 771 1784 Indictionum
800 1754 915 1784 cum
937 1737 1123 1784 Christi
1150 1745 1198 1783 et
1222 1737 1399 1784 mundi
1424 1737 1566 1785 annis
1596 1739 1888 1800 concordia,
1928 1738 2191 1804 Opusculo

354 1808 592 1856 nimirum
628 1807 692 1854 ad
729 1807 867 1854 aliud
909 1807 968 1854 de
1005 1807 1273 1854 Dominicis
1309 1815 1358 1856 et
1394 1807 1784 1856 hebdomadibus
1819 1810 2043 1870 adiecto,
2090 1826 2190 1874 quo

355 1879 474 1926 licet
511 1877 693 1925 Christi
733 1879 950 1926 natalem
990 1877 1166 1925 Graeci
1199 1876 1303 1926 sive
1345 1879 1433 1930 CP.
1477 1880 1702 1943 computi
1744 1898 1874 1928 anno
1913 1882 2068 1934 5508.
2110 1897 2192 1926 so-

354 1949 491 1996 cium
519 1949 780 2011 adiungat:
822 1947 987 2013 quoad
1011 1948 1313 1996 indictiones
1342 1948 1513 1997 eodem
1541 1950 1695 2004 5508.
1718 1951 1799 1999 vel
1822 1951 1976 2006 5494.
2008 1967 2190 1999 nume-

353 2020 535 2069 randas
562 2037 611 2075 se
638 2036 742 2067 non
770 2018 1032 2066 dissentire
1057 2019 1290 2067 declarat.

497 2088 819 2155 Κεχυμένον.]
859 2091 955 2137 Per
972 2091 1118 2137 inane
1151 2089 1392 2137 diffusum
1413 2097 1462 2138 et
1487 2098 1770 2152 extensum,
1806 2108 1913 2139 non
1934 2084 1998 2138 e'x
2018 2090 2188 2138 lucido

351 2178 595 2225 corpore,
634 2160 739 2207 sole
769 2167 891 2224 puta
913 2161 996 2207 vel
1028 2160 1211 2223 stellis,
1249 2168 1487 2225 tanquam
1516 2178 1542 2209 e
1574 2162 1782 2226 proprio
1815 2163 1953 2210 fonte
1977 2161 2186 2211 micans.

350 2231 411 2279 Id
435 2239 568 2278 certe
591 2231 723 2278 diem
747 2230 869 2277 mihi
894 2231 1184 2292 constituit,
1225 2248 1328 2278 non
1354 2248 1464 2278 eum
1486 2248 1634 2295 quem
1658 2231 1784 2279 lucis
1809 2240 1859 2281 et
1886 2232 2043 2280 noctis
2069 2249 2189 2280 suc-

354 2302 574 2349 cessione
605 2300 845 2349 horarum
874 2301 956 2354 24.
984 2301 1145 2365 spatio.
1179 2302 1454 2350 metiuntur
1477 2303 1792 2366 Astronomi‚
1830 2311 1916 2350 aut
1950 2319 2098 2366 quem
2122 2303 2190 2350 li-

351 2390 444 2419 nea
475 2373 770 2420 succedente
806 2367 1167 2436 πρωτὸκτιστον
1191 2367 1516 2438 νυχθήμερον
1550 2373 1748 2420 Author
1785 2373 1894 2438 ipse
1935 2390 2038 2420 non
2062 2391 2190 2438 pro-

350 2443 463 2508 prie
498 2442 714 2492 vocavit.
792 2442 974 2509 (Quale
1002 2442 1183 2490 etenim
1215 2439 1537 2510 νυχθήμερον
1575 2444 1710 2507 quod
1743 2445 1882 2490 nulla
1912 2452 2060 2492 nocte
2086 2445 2209 2502 suit,

352 2521 645 2578 exceptum,
691 2520 778 2560 aut
816 2513 951 2577 quod
979 2531 1083 2561 nox
1118 2514 1258 2560 nulla
1293 2514 1601 2578 praecessit?
1651 2515 1809 2573 Quale
1846 2511 2186 2580 νυχθήμερον,

351 2584 587 2647 inquam,
638 2583 745 2643 cui,
797 2584 1022 2630 nondum
1057 2585 1160 2631 sole
1195 2585 1278 2632 vel
1314 2592 1454 2631 motu
1495 2585 1661 2646 edito,
1710 2601 1802 2631 nec
1841 2584 1991 2631 horae
2029 2602 2187 2649 pares,

352 2670 446 2701 nec
469 2622 605 2701 hoiis
634 2654 849 2718 spatium
889 2655 1090 2717 aequale
1121 2654 1293 2718 putari
1328 2653 1513 2720 potest)
1544 2656 1630 2702 sed
1665 2671 1812 2734 quem
1840 2651 2030 2719 νοητήν
2052 2653 2189 2736 ‘rjus'-

353 2742 447 2790 ραν
469 2724 703 2771 Africano
729 2725 1020 2789 adscripsit,
1061 2742 1208 2789 quem
1227 2743 1330 2772 non
1357 2726 1496 2784 ficte,
1535 2726 1622 2772 sed
1649 2724 1801 2771 animi
1825 2740 1972 2771 sensu
2010 2724 2187 2773 co'nci..

352 2794 592 2859 piendum
626 2796 763 2841 lux
748 2813 857 2860 ipsa
889 2803 1253 2859 repraesentat,
1290 2796 1383 2842 lux
1411 2795 1593 2857 effici·,t
1629 2802 1676 2841 et
1704 2795 1786 2841 cui
1821 2795 2038 2859 denique
2063 2797 2186 2845 alios

350 2881 495 2929 pares
529 2865 654 2912 duos
693 2866 884 2927 gemina
924 2866 1014 2912 Dei
1048 2883 1225 2930 opera,
1267 2866 1453 2913 editum
1489 2881 1665 2929 nempe
1698 2865 2096 2927 firmamentum,
2135 2875 2185 2915 et

351 2935 459 2983 eius
498 2935 556 2981 ab
592 2936 730 2998 aquis
773 2953 986 3000 superne
1020 2943 1068 2983 et
1106 2935 1299 2983 inferne
1336 2936 1516 2999 positis
1554 2934 1841 2994 dissidium,
1878 2953 2185 3001 composue-

338 3012 488 3054 ¹runt.
559 3004 636 3051 An
662 3023 767 3053 non
789 3007 880 3053 lux
904 3006 1015 3071 ipsa
1041 3006 1170 3068 dies,
1211 3013 1260 3052 et
1285 3007 1368 3069 qui
1391 3007 1555 3053 lucem
1587 3005 1753 3067 videt,
1795 3005 1926 3053 diem
1963 3023 2182 3071 cernere,

354 3075 645 3123 asserimus?
682 3076 761 3122 An
781 3093 882 3123 non
907 3093 1032 3140 opus
1057 3076 1274 3123 secundo
1304 3076 1490 3122 editum
1518 3093 1545 3122 a
1572 3076 1698 3132 Deo,
1737 3083 1794 3123 ut
1817 3076 1870 3122 in
1893 3078 2059 3125 lucem
2083 3079 2183 3126 iam

354 3145 606 3195 conditam
625 3146 926 3209 productum
946 3154 1034 3204 est,
1056 3146 1182 3193 diem
1206 3145 1297 3192 sibi
1321 3146 1550 3210 primum,
1576 3154 1624 3192 et
1645 3146 1775 3193 lucis
1798 3149 2071 3196 secundum
2090 3165 2184 3196 nu-

350 3233 541 3265 merare
562 3216 720 3264 dedit:
746 3224 794 3263 et
815 3234 938 3280 opus
951 3217 1155 3264 tertium
1169 3217 1355 3280 pariter
1372 3217 1534 3263 lucem
1548 3216 1742 3263 tertiam
1759 3219 2044 3267 constituit:
2066 3219 2182 3284 quia

350 3287 557 3336 tertium
579 3303 606 3333 a
624 3287 735 3334 luce
753 3286 806 3333 in
826 3303 995 3334 rerum
1015 3287 1234 3334 omnium
1261 3287 1467 3334 conditu
1487 3287 1645 3334 tenuit
1666 3288 1869 3335 locum?
1902 3290 2062 3337 ‘Docte
2083 3291 2182 3338 Eu-

352 3358 514 3405 sebius
539 3358 594 3404 in
621 3357 902 3405 Chronicon
925 3358 1145 3405 exordio.
1218 3359 1327 3404 Hic
1348 3357 1454 3404 dies
1477 3359 1683 3422 primus
1713 3359 1906 3407 saeculi
1932 3377 2033 3406 non
2055 3362 2181 3423 pri-

351 3445 467 3475 mus
489 3427 686 3475 dieram
711 3429 933 3475 omnium
948 3446 962 3473 .·
1002 3426 1212 3492 ideoque
1238 3446 1338 3476 non
1356 3430 1578 3492 primaS,
1619 3427 1711 3474 sed
1728 3446 1866 3476 unas
1888 3432 2181 3476 nominatas

352 3507 439 3551 est.
497 3499 562 3547 Et
589 3498 744 3547 infra:
787 3499 985 3563 Quarto
1018 3495 1099 3545 die
1110 3501 1276 3561 facta
1305 3508 1424 3547 sunt
1464 3499 1748 3546 luminaria
1778 3498 1879 3548 duo
1911 3502 1968 3547 in
1989 3500 2179 3564 firma-
