2222 3938
306 159 434 224 458
926 169 1507 230 EMENDATIONES
1544 135 1579 150 ‘⁵

308 302 630 353 consentiunt
663 317 833 352 omnes
864 301 1112 364 excisam,
1151 301 1212 350 de
1240 319 1405 351 mense
1428 303 1548 351 licet
1571 303 1871 365 dissideant,
1906 304 2002 354 hac
2037 307 2138 355 Pa·-

306 392 453 424 nemo
481 375 586 423 sive
608 372 944 435 Munichioni,
982 371 1074 419 illa
1110 372 1452 437 OE'hargelioni,
1490 375 1586 422 alia
1623 376 2003 457 Scirophorioni
2028 379 2139 425 cla-

307 446 419 495 dem
443 446 735 511 imputante.
806 443 965 493 Miror
989 442 1280 492 Autumnali
1309 445 1572 508 Ge01g1um
1597 448 1900 512 reposuisse,
1938 456 1988 496 et
2024 456 2139 498 ante

303 517 559 596 tropicum
583 515 863 579 hybernum
887 514 1117 563 statuisse
1140 515 1393 563 excidium
1417 517 1476 563 ab
1504 517 1867 582 antiquioribus
1882 555 1896 580 ,
1934 519 2139 584 Diony-

303 588 377 636 sio
402 586 616 634 maxime
641 585 1093 646 Halicarnassensi,
1132 594 1246 635 ante
1270 588 1512 635 aestivum
1541 588 1780 637 accidisse
1802 588 2136 638 aestimatum.

303 656 570 722 Sugillavit
607 656 850 720 Scaliger,
896 656 982 704 sed
1020 657 1208 706 mitius.
1284 657 1574 720 Quomodo,
1625 659 1821 724 inquit,
1871 669 2056 725 septem
2091 669 2139 707 et

301 728 468 776 decem
510 725 690 774 diebus·
728 737 850 775 ante
887 728 1148 790 brumam,
1194 730 1242 776 .ςί
1276 739 1524 777 autumno
1541 730 1564 777 P
1614 731 1816 780 Scilicet
1853 729 2138 797 hybernum

299 799 554 865 tropicum
587 799 648 846 ab
675 806 914 847 autumno
941 799 1226 864 praeveniri
1254 801 1475 864 Scaliger
1499 799 1708 865 ignorat.

439 878 727 949 Ἀθηναίων
763 878 843 933 ια’.
885 883 1202 948 ἐβασίλευσεν
1231 880 1569 950 Μενεσθεύς]
1604 887 1794 935 Rursus
1827 887 1930 936 ille.
2006 890 2136 937 Puto

296 955 423 1002 llaec
443 955 728 1003 Eusebium
751 972 807 1001 ex
830 953 1085 1018 Africano
1111 957 1410 1019 sumpsisse.-
1449 958 1594 1021 Nam,
1610 955 1671 1004 de
1693 960 1844 1005 annis
1866 959 2139 1006 ,Menesthei

298 1027 450 1072 aliter
473 1027 622 1074 sentit
646 1028 703 1072 in
731 1026 946 1073 Canone.
996 1026 1124 1089 Ergo
1153 1025 1278 1073 haec
1306 1043 1422 1075 vere
1449 1028 1658 1090 Georgio
1685 1028 1897 1094 scripta,
1936 1029 2139 1092 Georgii

298 1096 531 1162 propria,
577 1097 788 1160 Georgio
816 1096 1074 1146 detrahere
1108 1104 1295 1144 temere
1333 1106 1546 1146 conatur
1572 1098 1817 1162 Scaliger,
1869 1107 1920 1148 et
1951 1107 2137 1160 temere

301 1167 554 1216 adiudicat
578 1167 789 1216 Eusebio
806 1206 820 1230 ,
859 1184 984 1232 quae
1015 1166 1109 1214 sibi
1137 1167 1343 1215 adversa
1369 1168 1570 1234 repellit
1589 1169 1847 1220 Eusebius.

441 1253 554 1316 Pag-
593 1255 710 1305 173
751 1252 855 1302 Καὶ
889 1247 1117 1334 σύγχρον
1107 1270 1165 1301 ον
1195 1249 1371 1317 ὁμοῦ.]
1412 1253 1602 1300 Placet
1653 1253 1857 1302 omnino
1902 1253 2138 1320 Scaligeri

302 1322 582 1373 emendatio
612 1340 723 1388 pag.
752 1331 919 1370 textus
937 1326 1024 1375 31
1055 1337 1334 1390 συγχρονον
1350 1318 1567 1392 Ομήρῳ.

441 1409 556 1472 Pag
599 1408 714 1461 174
764 1404 864 1458 Τὸν
892 1408 946 1458 ἐν
968 1402 1212 1475 Ὀλυμπία
1243 1408 1479 1473 πρωτον]
1521 1408 1732 1457 Eusebio
1770 1404 1822 1475 (e
1851 1407 1992 1456 cuius
2017 1408 2138 1456 scri-

300 1478 400 1545 ptis
423 1495 662 1526 numerus
687 1480 780 1526 iste
799 1474 889 1528 vt'.
912 1458 1197 1543 excerptus)
1225 1478 1284 1524 ab
1308 1477 1522 1527 Hercule
1538 1480 1600 1527 ad
1622 1481 1834 1545 primam
1855 1478 1944 1527 sub
1969 1478 2136 1543 Iphito

302 1549 649 1615 Olympiadem
677 1568 832 1597 annos
873 1549 990 1603 430.
1029 1549 1310 1596 numeranti
1350 1550 1601 1598 consentit
1636 1549 1893 1613 Ge01gius.
1965 1551 2137 1597 Annos

299 1629 467 1668 tamen
512 1620 733 1685 quinque
770 1621 993 1669 Liba-ario
1026 1637 1140 1668 reor
1174 1619 1442 1682 excidisse,
1480 1629 1538 1669 ut
1574 1638 1602 1668 a
1636 1620 1819 1677 mundi.
1841 1620 1994 1674 4290.
2035 1637 2136 1685 quo

298 1691 469 1740 Israeli
506 1693 748 1755 Sampson
782 1692 939 1739 Iudex
974 1691 1119 1738 datus
1161 1698 1259 1747 est,
1304 1690 1367 1737 ad
1393 1691 1546 1744 4726.
1577 1699 1626 1740 et
1652 1691 1998 1757 Olympiadem
2024 1691 2136 1756 pri..

300 1780 433 1811 mam
459 1762 678 1809 medium
699 1762 939 1827 temporis
973 1762 1188 1826 spatium
1214 1778 1275 1808 ex
1300 1779 1455 1825 aequo
1487 1779 1760 1826 congruere
1786 1762 2031 1811 videatur.

449 1842 519 1896 To?
544 1843 634 1911 μὲν
656 1840 821 1911 Ἰησοῦ
854 1845 1044 1910 Ναυῆ]
1085 1845 1372 1893 Occurrunt
1403 1844 1526 1894 haec
1555 1847 1691 1912 apud
1720 1846 1988 1894 Eusebium
2010 1847 2136 1893 Sca-

300 1917 442 1981 ligeri
477 1933 587 1982 pag.
623 1920 708 1970 31.
745 1917 986 1982 quaedam
1013 1933 1210 1982 quoque
1231 1916 1317 1965 hic
1346 1917 1502 1967 relata
1528 1917 1734 1982 fingitur
1758 1917 1997 1966 Eusebius
2027 1917 2135 1965 elo-

298 1987 387 2052 (ἰαί
423 2004 556 2122 &agg
571 1991 768 2111 31275.'
755 2052 874 2110 Ἐαν
914 2049 1012 2110 οὖν
1039 2054 1166 2109 κατὰ
1194 2077 1283 2109 τον
1318 2052 1653 2123 ’Amisa-olom]
1691 2058 1731 2106 Ε
1761 2058 1970 2140 proprio
1998 2076 2137 2124 penu

298 2127 497 2178 Author
501 2147 576 2177 em
601 2128 724 2176 haec
756 2129 1123 2195 deprompsisse
1145 2136 1363 2178 testatur
1385 2130 1606 2193 Scaliger
1631 2129 1749 2181 Not.
1775 2131 1953 2194 pagina
1979 2131 2098 2184 255.

433 2209 590 2263 Ἐτῶν
613 2207 762 2279 χνθ.]
803 2214 883 2262 Ad
911 2213 1150 2263 Authoris
1180 2222 1413 2266 mentem.
1475 2214 1624 2262 Ponit
1646 2213 1834 2279 quippe
1853 2216 2137 2280 profectum

297 2302 361 2333 ex
397 2284 624 2349 Aegypto
663 2285 915 2333 communi
951 2285 1130 2333 mundi
1163 2303 1293 2333 anno
1321 2289 1477 2339 3816.
1516 2286 1830 2333 Salomonem
1870 2287 2141 2351 imperium-

295 2355 563 2421 sumpsisse
598 2355 754 2408 4470.
792 2356 978 2421 templo
1015 2356 1323 2404 aedificando
1368 2356 1501 2404 circa
1541 2355 1716 2404 mundi
1753 2356 1909 2410 4475.
1945 2356 2136 2419 invigi-

130 2431 184 2474 P.
212 2427 268 2474 49
298 2429 447 2475 lasse:
487 2427 621 2474 inter
647 2429 802 2479 3816.
830 2436 879 2475 et
904 2427 1061 2480 4475.
1101 2427 1253 2474 medii
1279 2435 1399 2475 sunt
1427 2428 1544 2480 659.
1573 2428 1633 2475 de
1654 2443 1750 2490 quo
1780 2444 1990 2474 numero
2015 2444 2136 2475 rur-

298 2516 380 2545 sus
415 2498 558 2544 alibi:
595 2514 690 2545 nec
724 2498 854 2545 enim
882 2498 1157 2546 Salomonis
1192 2516 1323 2546 anno
1362 2506 1541 2562 quarto
1574 2498 1817 2562 templum
1843 2497 2134 2546 inchoatum

297 2569 504 2634 proprio
529 2569 640 2616 loco
671 2569 871 2616 docebit
905 2568 1118 2630 Author3
1170 2577 1219 2616 et
1242 2569 1481 2617 scriberet
1516 2568 1663 2630 licet,
1702 2569 1761 2614 ab
1792 2569 1932 2615 exitu
1964 2576 2132 2615 tamen

299 2656 364 2687 ex
404 2639 630 2703 Aegypto
668 2639 732 2686 ad
773 2640 821 2692 4.
860 2640 1139 2687 Salomonis
1177 2641 1232 2687 in
1268 2639 1442 2687 mundi
1481 2638 1636 2692 4473.
1668 2638 1971 2686 incidentem
2012 2639 2133 2686 anni

301 2711 420 2763 657.
449 2710 694 2758 duntaxat
715 2710 1128 2775 interponuntur.
1167 2711 1334 2771 Quare
1362 2710 1530 2758 verius
1557 2716 1824 2789 poneretur
1842 2704 1968 2773 χνζ.
1981 2725 2135 2790 quam

299 2774 431 2845 xvvff'.
469 2780 652 2828 Verum
676 2781 729 2828 in
762 2799 1008 2830 annorum
1049 2782 1264 2832 duorum
1289 2781 1537 2829 defectum
1563 2797 1626 2828 ex
1650 2779 1841 2827 omissis
1866 2779 1964 2826 lair
1985 2781 2131 2828 annis

302 2851 495 2898 duobus
536 2850 694 2917 (quod
727 2852 782 2899 in
815 2869 927 2917 pag.
966 2853 1083 2906 164.
1124 2850 1460 2917 observamus)
1509 2859 1560 2900 et
1588 2857 1672 2905 22.
1705 2850 1841 2913 vice,
1888 2849 2008 2898 solis
2047 2856 2129 2905 20.

299 2922 597 2982 numeratis,
637 2923 879 2986 Georgius
901 2923 1097 2974 incidit.

443 2989 587 3041 Κατα
608 2990 663 3042 δὲ
688 2988 939 3059 Ευσέβιον
966 3014 992 3059 χ
991 2989 1044 3060 ’.]
1080 2993 1295 3057 Scaliger
1324 2991 1465 3057 quasi
1490 2990 1687 3039 Eusebii
1711 2991 1873 3056 stylo,
1914 2985 2017 3042 ἄπο
2038 2994 2132 3057 τῆς

301 3057 479 3124 ἐξόδου
505 3061 706 3124 scribit,
744 3063 826 3113 ἐπὶ
846 3084 938 3129 την
963 3084 1053 3115 του
1083 3068 1215 3115 ναοῦ
1242 3060 1552 3126 κατασκευήν
1582 3061 1663 3125 ε’τη
1686 3057 1816 3112 υοθῖ
1855 3062 1978 3121 Quis
2000 3062 2130 3109 fide-

299 3134 398 3181 lior
430 3133 627 3181 Eusebii
655 3133 873 3196 scriptm
877 3152 959 3181 um
984 3135 1139 3183 iudex
1166 3142 1251 3181 aut
1278 3134 1447 3194 testis,
1486 3133 1747 3197 Syncellus
1782 3150 1846 3180 an
1870 3133 2090 3195 Scaliger
2102 3133 2128 3179 ’ἒ

138 3206 192 3249 V.
220 3202 276 3251 45
304 3204 401 3255 Hic
423 3204 557 3253 inter
579 3203 809 3252 Exodum
837 3213 885 3252 et
915 3206 1092 3270 templi
1119 3204 1374 3252 conditum
1399 3203 1663 3251 Eusebium
1701 3203 1823 3257 479.
1855 3220 2010 3250 annos
2042 3203 2130 3249 in-

297 3275 627 3339 terposuisse,
675 3275 759 3322 ille
791 3279 909 3329 600·
954 3291 1240 3323 numerasse
1276 3274 1555 3338 praedicat:
1609 3273 1721 3338 quis
1763 3274 1870 3322 eius
1913 3279 2128 3320 mentem

296 3346 492 3395 fidelius
533 3347 760 3394 observat
794 3353 843 3392 et
880 3345 1192 3409 assequitur?
1251 3346 1513 3410 Syncellus
1550 3344 1750 3392 Eusebii
1795 3344 1981 3407 scripta
2021 3345 2127 3391 sre-

301 3418 532 3481 quentius
556 3425 804 3477 tractans,
844 3433 908 3463 au
941 3416 1191 3479 Scaliger,
1228 3416 1315 3480 qui
1346 3415 1443 3464 nisi
1480 3416 1730 3481 imponat,
1771 3414 2036 3462 Eusebium
2065 3429 2127 3459 ex

301 3488 520 3553 Syncelli
539 3487 639 3538 fide
662 3496 711 3537 et
733 3487 1016 3537 testimonio
1036 3504 1140 3536 non
1161 3494 1328 3553 potest
1350 3487 1618 3553 reparare?
1653 3487 1796 3534 Dicet
1816 3485 1991 3536 obvius
2010 3482 2127 3548 qui-
