2222 3938
316 208 443 268 380
892 216 1473 276 EMENDATIONES

320 346 442 396 adeo
485 347 867 414 interpolatum,
920 365 1069 414 quam
1106 366 1236 397 nova
1274 366 1335 398 ex
1366 349 1546 400 incude
1581 349 1915 417 prodeuntem
1945 359 2142 401 textum

317 418 518 467 viderer
565 419 950 486 deprompturus
965 455 979 480 ,
1028 436 1140 468 cum
1186 422 1454 470 contractis
1489 438 1552 471 ex
1589 423 1689 474 MS.
1730 423 2002 472 defectibus
2037 441 2146 489 po—

315 485 433 538 tius‘
454 506 602 554 quam
649 507 781 538 nova
825 497 874 537 et
906 491 1073 538 forsan
1113 508 1218 539 non
1260 493 1452 541 cunctis
1481 493 1728 558 placitura
1765 493 1991 544 Minerva
2020 511 2145 561 par-

317 567 420 607 tem
456 561 757 624 Syncelliani
794 561 958 626 operis
995 562 1312 627 praecipuam
1348 571 1451 612 arte
1484 565 1636 612 nimia
1668 572 2027 624 transmutare,
2063 565 2147 614 vel

316 630 417 695 ipsi
441 630 656 679 Authori
689 649 793 678 non
824 633 1194 695 agnoscendum
1231 635 1420 681 foetum
1452 636 1730 699 producere
1765 635 1933 686 statui.
2006 635 2146 695 Quos

315 717 470 766 porro
508 701 799 749 sinceriores
843 711 892 750 et
929 703 1219 766 integriores
1255 721 1496 753 numeros·
1523 705 1729 770 probem
1764 706 1807 753 si
1849 706 2144 770 quaesieris3

313 770 519 830 totale3‚
572 788 665 819 ceu
706 773 795 836 qui
831 774 924 821 sibi
957 774 1109 837 magis
1147 776 1480 839 consentiant,
1519 784 1567 824 et
1605 793 1735 824 unus
1769 776 1912 824 alteri
1947 776 2144 824 additus

151 844 204 886 P.
238 844 292 889 19
324 848 638 905 expectatum
661 843 886 892 ordinem
912 852 1141 908 teneant,
1177 846 1511 927 probatiores
1550 846 1629 894 de
1637 864 1736 911 quo
1766 854 1815 895 te
1841 847 2147 895 monendum

200 913 202 916 ’
316 911 467 972 duxi,
504 914 800 979 respondeo.
873 916 1066 980 Reliqui
1092 918 1231 964 annis
1256 935 1282 963 a
1307 918 1480 965 mundi
1505 918 1737 980 conditu,
1780 918 2032 983 imperiis,
2068 933 2145 966 ae·

313 981 530 1046 tatibus,
569 986 794 1049 peisonis
823 988 1127 1052 comparari,
1166 988 1357 1037 debitae
1388 997 1598 1054 possunt
1625 988 1896 1052 integritati
1934 987 2145 1037 restitui.

464 1051 535 1103 To?
556 1059 648 1121 τῆς
670 1051 873 1123 πρώτης
898 1058 1189 1119 δυναστείας
1215 1055 1345 1110 οὕτω
1380 1079 1500 1119 πως.
1519 1059 1538 1124 ]
1578 1058 1934 1123 Aegyptiorum
1973 1075 2147 1122 regum

313 1125 575 1190 Dynastias
603 1134 783 1174 aetates
816 1135 1127 1208 aetatumque
1153 1147 1367 1178 summas
1397 1147 1460 1178 ex
1488 1129 1784 1179 Manethone
1809 1129 2028 1194 primum
2056 1129 2147 1176 de-

314 1203 574 1261 promptas
597 1199 872 1246 secundum
894 1199 1137 1262 geminam
1165 1200 1391 1247 Africani
1425 1208 1472 1248 et
1497 1199 1692 1247 Eusebii
1725 1199 1990 1247 editionem
2013 1195 2149 1248 rela-

315 1273 462 1314 turus
485 1267 681 1316 Author
706 1269 973 1332 Georgius,
1015 1287 1118 1317 non
1145 1288 1247 1318 uno
1272 1288 1409 1318 nexu
1435 1278 1483 1318 et
1511 1277 1843 1334 consequente
1871 1269 1934 1318 ad
1957 1270 2148 1342 priores
2170 1273 2172 1275 ’

314 1338 482 1385 voluit
495 1339 813 1402 exponendas
831 1339 1019 1403 ordine,
1033 1342 1154 1389 adeo
1170 1350 1224 1389 ut
1244 1358 1338 1389 cun
1348 1350 1449 1389 ctas
1474 1336 1639 1403 snnul,
1657 1348 1810 1406 prout
1832 1340 1892 1389 ab
1910 1328 2146 1388 Africano

313 1408 398 1456 vel
411 1409 622 1456 Eusebio
647 1428 708 1475 pl
712 1411 949 1458 odiissent
951 1414 1250 1476 ,proferret3
1284 1412 1558 1477 quinImmo
1580 1380 1644 1459 ad.
1662 1429 1713 1459 se
1733 1429 1783 1459 se
1805 1419 1980 1460 mutuo
2006 1429 2148 1458 com-

315 1487 510 1543 paratas
527 1519 539 1542 ‚
579 1488 628 1527 et
652 1482 799 1529 modo
827 1499 980 1529 unam
1000 1483 1080 1531 vel
1101 1484 1273 1548 plures
1297 1483 1571 1531 secundum
1596 1483 1902 1544 Africanum,
1939 1499 2053 1530 cum
2078 1483 2147 1529 al-

316 1559 421 1597 tera
445 1552 527 1599 vel
550 1552 657 1616 pari
683 1570 887 1601 numero
911 1553 969 1600 ab
995 1554 1206 1602 Eusebio
1229 1554 1400 1616 editis,
1441 1562 1488 1601 et
1516 1571 1668 1601 unam
1687 1553 1826 1602 velut
1850 1552 1995 1600 alteri
2022 1569 2048 1600 e
2069 1569 2145 1601 re—

319 1621 464 1683 gione
491 1623 767 1686 appositam
811 1624 954 1672 nobis
994 1624 1235 1673 exhibuit.
1307 1625 1471 1684 Quam
1508 1642 1658 1689 porro
1701 1623 2045 1689 perturbatus,
2083 1641 2147 1671 ne

321 1691 483 1738 dicam
511 1695 744 1741 confusus
761 1731 774 1755 ,
813 1695 992 1743 exinde
1014 1703 1181 1743 textus
1202 1696 1439 1756 evaserit,
1477 1695 1564 1743 ubi
1589 1696 1647 1742 ab
1666 1694 1815 1742 unius
1839 1693 2062 1742 authoris
2083 1694 2147 1741 ad

318 1762 520 1810 alterius
546 1765 731 1829 scripta
754 1773 919 1813 mente
939 1783 1091 1813 manu
1115 1766 1273 1813 oculis
1298 1765 1638 1829 migrandum,
1664 1772 1726 1819 ,et
1746 1765 1916 1812 alienis
1941 1764 2148 1828 quibus-

318 1832 431 1879 dam
455 1835 758 1882 intermixtis
781 1836 875 1881 alia
897 1836 1149 1900 prioribus
1179 1834 1490 1884 cohaerentia
1518 1835 1724 1883 inferius
1747 1836 1830 1884 vel
1857 1835 1975 1882 alibi
1998 1851 2145 1899 quae-

315 1903 499 1966 renda,
538 1913 705 1953 textus
730 1906 862 1953 idem
885 1922 974 1954 suo
1011 1915 1285 1972 conspectu
1312 1907 1609 1954 manifestat.
1659 1906 1944 1970 Sequendus
1979 1913 2145 1953 tamen

315 1973 527 2037 Author,
567 1985 615 2024 et
638 1976 780 2040 quale
803 1978 996 2041 peperit
1016 1995 1142 2042 opus
1167 1978 1458 2039 curandum,
1498 1986 1546 2024 et
1571 1977 1794 2024 omnium
1822 1976 1979 2024 oculis
2011 1977 2147 2025 evul-

314 2045 548 2107 gandum.
622 2049 748 2094 Sane
784 2048 908 2095 levis
950 2049 1133 2112 negotii
1168 2057 1272 2096 erat
1315 2048 1378 2096 ob
1425 2049 1764 2112 interruptum
1807 2046 2033 2094 Africani
2061 2047 2144 2095 vel

317 2115 518 2164 Eusebii
546 2118 800 2180 ordinem,
838 2126 896 2167 ut
922 2119 1154 2168 laterculi
1190 2119 1407 2167 eiusdem
1441 2127 1607 2184 partes
1643 2117 1776 2166 inter
1806 2134 1859 2165 se
1897 2134 2144 2166 connexas

319 2203 604 2250 quaereres,
645 2190 703 2236 ab
733 2188 827 2236 hac
858 2190 912 2236 in
932 2189 1072 2238 illam
1109 2191 1288 2255 pagina
1324 2190 1533 2253 legendo
1570 2187 1899 2254 pertransire,
1935 2187 2031 2236 nisi
2057 2189 2144 2235 Li·—

154 2260 204 2302 V.
237 2259 292 2304 18
321 2257 515 2306 brarius
537 2259 770 2324 insuper,
808 2268 922 2324 post
945 2260 1254 2308 interscissos
1277 2268 1471 2322 textus,
1508 2268 1674 2326 partes
1703 2276 1874 2308 eorum
1911 2258 1974 2306 ad
2008 2258 2147 2308 invi-

317 2345 421 2376 cem
446 2337 586 2376 tanta
611 2329 901 2378 confusione
923 2348 1004 2378 sus
1033 2331 1189 2396 deque
1222 2331 1498 2396 posuisset,
1535 2338 1592 2379 ut
1610 2331 1717 2378 sine
1741 2329 1882 2394 gravi
1902 2329 2144 2392 molestia,

314 2400 553 2465 temporis
573 2401 780 2464 iactura,
797 2409 847 2449 et
868 2403 1090 2450 taedioso
1115 2402 1300 2460 labore,
1316 2409 1392 2450 tot
1409 2401 1636 2450 scissuris
1659 2402 1947 2451 varietatem
1960 2408 2154 2455 vestem>

313 2472 400 2519 vel
424 2489 720 2537 componere
751 2473 833 2522 vel
858 2489 1097 2521 consuere
1130 2474 1227 2520 iam
1254 2490 1380 2539 pene
1403 2490 1506 2521 non
1531 2473 1711 2522 valeas.
1782 2471 1976 2520 Primae
2013 2471 2144 2519 diffi„

317 2542 493 2589 cultati
517 2543 792 2606 tollendae,
831 2545 965 2607 quod
993 2543 1135 2608 aequi
1171 2544 1388 2608 bonique
1416 2545 1694 2592 consultum
1721 2560 1748 2590 a
1776 2550 1829 2590 te
1850 2542 2029 2589 Lector
2059 2559 2144 2590 ve-

315 2612 432 2675 lim,
468 2613 564 2661 fuit
589 2614 732 2676 satis,
768 2631 870 2661 uno
900 2614 1243 2663 characterum
1270 2632 1458 2678 genere,
1497 2614 1630 2678 quod
1653 2614 1802 2662 unius
1827 2611 2048 2660 authoris
2070 2619 2144 2660 est

318 2683 613 2746 exprimere,
651 2686 786 2749 quod
809 2686 868 2733 ab
891 2687 1046 2734 altero
1072 2685 1262 2750 prodiit
1282 2688 1466 2733 iterum
1487 2686 1684 2733 diverso
1705 2683 1927 2743 reddere,
1965 2690 2014 2729 et
2034 2690 2143 2730 tan-

318 2753 429 2800 dem
458 2755 589 2817 quod
613 2755 850 2818 Georgius
886 2757 947 2804 de
984 2774 1073 2804 suo
1108 2756 1414 2804 intermiscet
1447 2755 1606 2804 solitis
1642 2754 1776 2820 typis
1809 2751 2141 2801 exhibendum

317 2840 527 2886 curare,
565 2842 664 2888 quo
695 2843 829 2873 mens
859 2826 967 2892 ipso
990 2828 1104 2875 visu
1143 2827 1291 2875 citior
1331 2826 1661 2874 diversitatem
1699 2823 1942 2889 percipiat
1976 2824 2141 2871 anim—

316 2895 685 2947 advertendam.
749 2896 933 2945 Verum
954 2899 1260 2962 reparandae
1282 2897 1637 2945 sententiarum
1657 2894 1874 2942 eiusdem
1898 2894 2139 2957 authoris,

317 2964 400 3012 vel
439 2965 583 3012 etiam
613 2966 872 3029 utriusque
888 3005 901 3029 ,
942 2968 1224 3015 confusioni
1248 2986 1275 3014 a
1301 2966 1518 3015 Librario
1547 2965 1698 3013 variis
1723 2965 1847 3012 locis
1871 2982 2136 3029 respersae,

319 3052 442 3099 quae
464 3043 699 3100 typorum
722 3038 807 3085 vel
832 3037 1173 3086 characterum
1198 3037 1434 3099 varietas,
1472 3053 1595 3100 quae
1619 3035 1806 3083 monita
1827 3036 2137 3099 frequentius

317 3105 506 3170 ingesta
544 3107 849 3171 repetitaque
884 3125 1079 3158 sensum
1119 3108 1293 3156 ordine
1331 3107 1633 3171 quaesitum,
1669 3106 1756 3154 ubi
1789 3107 1961 3154 nullus
1997 3106 2136 3169 ordo,

316 3176 688 3225 restituissent?
718 3177 967 3236 Quocirca
988 3195 1131 3242 quem
1153 3194 1217 3226 ex
1241 3177 1440 3240 Georgii
1465 3184 1628 3225 mente
1650 3175 1912 3242 verbisque
1931 3177 2137 3242 percepi

318 3247 640 3307 servandum,
677 3249 863 3296 audens
888 3249 944 3295 in
970 3248 1184 3296 eiusdem
1207 3255 1375 3297 textus
1398 3247 1623 3313 partibus
1649 3247 1875 3296 ordinem
1896 3247 2133 3296 restituo:

318 3337 378 3366 ac
401 3326 595 3366 textum
618 3318 827 3382 quidem,
870 3326 1020 3381 prout
1043 3318 1097 3365 in
1122 3319 1222 3366 MS.
1249 3326 1399 3380 extat,
1437 3318 1783 3383 perturbatum
1805 3326 1853 3366 et
1875 3319 2136 3373 confusum

317 3391 484 3455 prius,
522 3389 674 3437 alium
699 3388 908 3437 subinde
933 3389 1281 3437 correctiorem
1307 3397 1356 3437 et
1381 3389 1435 3436 in
1460 3389 1714 3437 meliorem
1749 3389 1972 3437 ordinem
1996 3388 2132 3450 dige-

319 3469 448 3508 stum
472 3459 807 3525 producturus
828 3477 1038 3525 expono.
1068 3493 1072 3497 .
1109 3461 1275 3525 Itaque
1293 3468 1408 3525 post
1427 3460 1579 3508 verba
1605 3478 1631 3506 a
1650 3459 1793 3507 nobis
1813 3459 1868 3506 in
1889 3458 2134 3525 praesenti

320 3532 585 3581 lucubrata
605 3539 655 3581 et
678 3531 736 3580 ad
767 3530 979 3598 primam
1005 3533 1281 3581 secundum
1297 3530 1584 3582 Africanum
1600 3530 1886 3597 Dynastiam
1909 3535 2132 3596 spectan-
