2222 3938
327 172 455 233 506
926 177 1506 235 EMENDATIONES

327 327 468 360 mum
500 309 675 360 mundi
712 309 866 365 5156.
903 325 967 358 ex
1002 325 1115 375 pag.
1151 313 1271 364 260.
1307 311 1600 374 repositum.
1671 313 1774 363 Nec
1801 329 1880 363 me
1912 322 2155 376 moratur,

329 383 468 447 quod
491 399 604 448 pag.
631 382 779 430 citata
810 384 894 434 53.
930 397 1117 428 annum
1144 381 1298 435 5141.
1331 389 1516 431 statuat
1542 383 1738 434 Author
1774 386 2056 434 Nectanebo
2086 386 2156 434 li-

326 454 497 502 mitem
533 453 774 519 primum:
828 467 987 499 annos
1015 451 1148 500 enim
1174 453 1329 508 2365.
1366 461 1482 517 post
1512 454 1690 503 Adami
1721 460 1876 510 2776.
1899 471 2157 506 numerare

330 526 525 590 coepit,
563 538 687 586 quos
705 521 764 569 ab
786 522 990 570 ineunte
1013 531 1063 571 et
1087 532 1203 588 post
1225 525 1377 577 2775.
1404 526 1593 574 emetiri
1618 527 1935 590 congruebat.

466 588 558 644 Δι’
576 588 847 653 Ἀσπασίας
869 589 1062 660 πόρνας
1084 589 1213 657 δυο]
1252 595 1408 643 Prave
1428 596 1645 682 ieponit
1651 597 1883 662 Scaliger
1916 593 1986 649 δι’
2011 593 2157 648 'Awa-

325 667 441 717 σίαν
473 660 674 730 πόρνην
712 664 781 711 Β*
802 663 887 714 καὶ
911 666 1102 725 στείλας
1135 683 1256 730 μετα
1287 668 1570 734 Μεγαρέων
1611 661 1995 755 ἀστυγειτόνων
2003 663 2158 734 Ἀθη-

323 737 501 795 ναίοις.
548 736 609 783 Ι11
629 734 763 783 notis
789 734 967 782 deinde
988 753 1097 816 pag.
1129 738 1212 788 58.
1261 735 1617 800 Scribendum,
1651 739 1841 803 inquit,
1884 735 1959 790 δι’
1982 733 2158 789 'Atma-

324 808 436 865 σίας
460 798 648 873 πόρνας
677 800 790 856 δύο.
823 805 904 853 An
926 823 1032 854 non
1055 807 1124 853 ita
1147 805 1289 871 prius
1310 808 1590 872 sciiptum'?
1628 810 1696 857 Ut
1726 809 1886 874 quid'
1871 827 2078 875 insupel
2098 829 2153 861 το

323 896 476 943 μετα,
514 876 627 926 vice
664 896 818 938 κατα,
856 877 1203 940 substituitur,
1242 877 1340 924 nisi
1364 887 1419 926 ut
1444 879 1634 927 duabus
1658 880 1904 928 duntaxat
1931 880 2156 942 vocibus,

323 948 516 1007 στείλας
552 948 666 995 loco
705 914 913 1012 στηλας,
964 956 1013 995 et
1051 943 1376 1014 ἆστυγειτων,
1429 945 1802 1018 οἷστυγειτώνων
1841 951 1952 1001 vice
1986 959 2157 999 textus

321 1018 539 1066 infectus
554 1055 568 1080 ,
604 1018 759 1081 magis
785 1035 843 1065 ac
867 1019 1019 1082 magis
1042 1018 1288 1068 vitietur?

461 1084 856 1156 Ἀστυγειτόνων.
860 1089 883 1153 ]
922 1089 1282 1152 Megarensium
1306 1089 1783 1155 Peloponnesiorum
1814 1091 2019 1139 nomina
2045 1091 2158 1156 cip-

321 1161 403 1228 pis
436 1159 672 1208 duobus
656 1177 711 1207 m
737 1159 1114 1208 Atheniensium
1151 1176 1266 1207 arce
1298 1160 1551 1227 insculpta
1588 1161 1766 1228 capitis
1792 1163 2032 1210 mulctam
2058 1161 2158 1212 reis

321 1230 701 1281 minitabantur.
752 1229 1070 1295 Thucydides
1096 1231 1184 1279 lib.
1212 1235 1262 1284 6.

464 1302 694 1352 Σκιπίων
725 1295 1075 1368 Ἀφρικανός.]
1129 1302 1207 1349 ΕΧ
1245 1300 1495 1350 Chronico
1526 1299 1864 1351 Alexandrino
1901 1278 2033 1350 haec
2065 1319 2160 1350 ex-

324 1391 407 1423 cei
412 1381 496 1439 pta
523 1373 675 1422 verbo
702 1378 864 1420 tenus.
938 1372 1078 1436 Legit
1105 1379 1273 1420 tamen
1305 1372 1436 1420 illud
1458 1369 1743 1439 Δικτάτωρ,
1781 1381 1830 1421 et
1854 1391 1882 1420 a
1908 1390 2033 1422 voce
2063 1392 2160 1438 την

321 1441 494 1512 χώραν
532 1443 855 1508 exprimenda
900 1443 1126 1494 abstinet.
1210 1443 1432 1492 Raderus
1479 1443 1726 1508 interpres
1773 1443 2050 1493 versionem
2095 1461 2160 1492 ex

325 1519 515 1564 Graeco
543 1514 788 1575 emendat,
827 1521 876 1561 et
900 1514 956 1561 in
982 1514 1203 1577 margine
1233 1514 1443 1579 adponit
1466 1531 1577 1579 pag.
1597 1515 1718 1568 394.
1739 1514 1824 1562 Ab
1849 1515 2038 1579 Africa
2063 1533 2161 1562 no-

323 1605 433 1634 men
472 1586 612 1634 tulit.
685 1584 825 1645 Quae
861 1585 922 1632 de
955 1585 1128 1633 Helice
1171 1592 1220 1632 et
1258 1585 1389 1633 Bura
1423 1593 1695 1634 narrantur
1728 1586 1880 1652 paulo
1929 1586 2159 1652 superius

323 1656 562 1706 Chronici
586 1663 703 1704 sunt
733 1655 977 1717 eiusdem,
1018 1663 1066 1703 et
1088 1655 1285 1703 Eusebii
1314 1672 1376 1703 ex
1406 1665 1564 1721 parte.

465 1721 741 1793 Σωκρατης
766 1722 1044 1791 σοφιστής]
1084 1727 1249 1775 Placet
1275 1727 1493 1791 Scaliger
1514 1742 1625 1793 pag.
1646 1725 1729 1780 46.
1748 1725 1915 1791 legens
1935 1721 2160 1795 Ἰσωκρα-

321 1817 439 1866 της,
482 1798 570 1863 qui
599 1793 842 1861 σοφιστὴς
870 1797 1058 1848 extitit.
2002 1840 2005 1841 a

464 1864 645 1920 Πόλιδί
667 1886 765 1918 τινι
794 1886 894 1933 παρ
901 1862 1140 1933 ἀἰτίαν.]
1177 1867 1551 1916 Emendationis
1582 1866 1762 1916 author
1783 1868 2018 1932 Scaliger.

458 1936 545 1990 Ἐν
566 1940 600 2010 ᾑ
582 1932 1044 2004 μεταμεληθεείς]
1084 1939 1221 1985 ldem
1246 1938 1301 1988 ἐν
1323 1940 1414 2003 νηί
1437 1939 1809 2003 μεταμεληθείς.
1844 1939 2038 2004 Inepte.

460 2012 577 2074 Pag.
615 2014 740 2064 261.
774 2005 1024 2095 Ἑλλήνων
1062 2008 1351 2074 βασιλείας]
1389 2008 1648 2072 Dignoscit
1683 2007 1807 2056 haec
1848 2009 1907 2057 ab
1944 2007 2161 2058 Eusebio

319 2082 507 2132 aliena:
547 2097 671 2145 quae
703 2087 977 2142 sequuntur
1002 2073 1349 2166 Ἀλεξάνδρεια
1384 2078 1420 2144 ἦ
1461 2073 1579 2129 κατ’
1619 2079 1906 2165 Αἴγυπτον,
1952 2079 2162 2146 propria

318 2170 432 2221 pag.
447 2153 532 2206 47.
570 2151 706 2199 Haec
731 2150 829 2198 alia
851 2166 1042 2198 rursus.
1081 2146 1328 2216 Σπουδήν
1352 2149 1566 2214 θέμενος
1588 2145 1644 2201 τὸ
1675 2145 1801 2239 ,’ἷερο
1817 2158 1908 2199 etc.
1922 2150 2162 2198 {subodo-

318 2233 466 2274 ratur
502 2240 607 2272 non
641 2239 746 2270 esse
779 2220 1005 2268 Eusebii:
1057 2237 1185 2285 quae
1221 2221 1371 2286 paulo
1400 2220 1643 2283 inferius,
1680 2218 1802 2288 μετοέ
1841 2218 1935 2288 τὴν
1976 2216 2164 2273 αλωσιν

325 2295 540 2382 Τροίας,
580 2301 673 2341 etc.
713 2293 769 2340 in
795 2292 1131 2339 Eusebianum
1156 2299 1354 2339 textum
1384 2291 1610 2341 adducit.

461 2361 585 2416 'Ano‘
621 2360 879 2430 ἓβδόμου’
863 2362 1003 2423 ε’τους
1023 2356 1389 2429 Ἀλεξανδρου]
1439 2362 1553 2410 Non
1584 2378 1681 2426 quo
1718 2361 2040 2411 Macedonico
2077 2379 2163 2412 re-

321 2454 420 2501 gno
462 2436 730 2498 successit,
768 2433 855 2483 sed
890 2450 989 2498 quo
1025 2433 1220 2483 devicta
1251 2435 1444 2481 Persica
1485 2433 1792 2498 reliquisque
1820 2433 2037 2482 Orientis
2076 2450 2163 2482 re-

323 2507 550 2571 gionibus
576 2506 810 2567 subactis,
847 2522 938 2569 per
964 2504 1136 2552 orbem
1163 2505 1318 2553 ferme
1336 2504 1623 2552 universum
1645 2504 1956 2553 Macedonici
1979 2503 2164 2552 limites

321 2578 522 2642 imperii
551 2577 789 2627 extendit.
865 2575 1207 2640 comparanda
1236 2574 1360 2623 haec
1395 2592 1511 2623 cum
1544 2574 1755 2623 inferius
1792 2575 2062 2624 scribendis
2101 2575 2162 2624 ab

325 2648 548 2698 Authore
568 2664 680 2714 pag.
702 2650 821 2702 308.
856 2647 914 2695 D.
944 2654 993 2694 et
1017 2647 1139 2700 310.
1167 2647 1220 2695 C.

477 2723 555 2788 Τῷ
579 2715 716 2788 αὐτῷ
745 2717 875 2782 έ’τει.]
913 2717 956 2765 Α
983 2717 1158 2765 mundi
1191 2716 1397 2765 conditu
1430 2715 1586 2770 5164.
1615 2716 1827 2764 obeunte
1854 2715 1992 2765 Darii
2028 2733 2161 2765 anno

325 2790 375 2844 4.
405 2788 548 2838 cuius
573 2806 724 2853 regno
752 2789 889 2849 dedit
921 2781 1184 2837 exordium
1213 2788 1374 2836 iniens
1409 2804 1570 2835 annus
1593 2786 1747 2841 5159.

464 2855 585 2913 Ἀπὸ
621 2856 799 2927 Κύρου
839 2859 933 2920 ε’ως
966 2860 1201 2927 Δαρείου.
1215 2857 1238 2926 ]
1301 2859 1462 2923 Cyrus
1510 2874 1718 2921 regnum
1753 2855 1850 2905 init
1889 2874 1918 2904 a
1955 2857 2164 2906 conditu

323 2931 504 2981 mundi
536 2931 693 2984 4952.
726 2929 1028 2978 interficitur
1058 2930 1236 2978 Darius
1268 2947 1397 2976 anno
1435 2928 1591 2982 5164.
1624 2934 1744 2993 post
1779 2928 1994 2993 suscepti
2020 2928 2164 2992 regni

325 3019 457 3050 anno
483 3002 639 3055 5159.
668 3018 758 3049 sex
780 3001 902 3048 alios
935 3018 1117 3049 annos:
1156 3001 1217 3050 ab
1246 2999 1462 3050 exordiis
1482 2999 1636 3063 igitur
1665 2997 1782 3066 Cyri
1800 2998 1864 3047 ad
1889 2998 2027 3048 Darii
2050 2999 2162 3048 obi-

326 3082 435 3122 tum
462 3078 582 3128 212
611 3089 766 3119 annos
797 3071 1098 3123 numerabis.

469 3140 714 3208 Σπουδην
751 3141 966 3206 θέμενος
1000 3146 1069 3211 τῷ
1104 3160 1229 3210 ερο.
1201 3135 1258 3205 ’.]
1295 3140 1443 3189 Erras
1476 3138 1683 3202 Geo1gi:
1721 3137 2086 3188 hallucinatum
2111 3147 2163 3188 te

325 3215 520 3283 proprii
554 3213 863 3262 convincunt
905 3194 1113 3273 calculi,
1162 3211 1491 3259 Macedonum
1529 3209 1760 3258 videlicet
1795 3229 1968 3275 regum
2004 3212 2163 3259 later-

329 3289 443 3335 cula
466 3302 576 3352 pag.
603 3290 723 3340 262.
750 3282 932 3351 posita.
987 3283 1045 3331 In
1067 3281 1166 3330 illis
1195 3281 1254 3328 ab
1282 3298 1411 3329 anno
1438 3287 1552 3347 post
1573 3289 1792 3331 creatum
1815 3283 1982 3332 orbem
2007 3282 2160 3336 4701.

328 3376 384 3407 re
419 3366 522 3405 nat.

387 3375 451 3482 g1.
489 3429 709 3476 Caranus
739 3424 880 3473 annis
908 3428 991 3477 30.
1030 3423 1094 3471 ad
1124 3438 1310 3470 annum
1335 3422 1486 3475 4730,

401 3504 451 3553 2.
489 3500 686 3548 Coenus
714 3496 857 3546 annis
882 3498 965 3551 28.
1004 3494 1064 3544 ad
1088 3510 1274 3542 annum
1300 3492 1455 3547 4758.
