2222 3938
356 157 478 221 '434
938 168 1514 224 EMENDATIONES

354 300 605 348 habitatio
632 302 869 365 filiorum
908 298 1094 360 Israel,
1138 306 1184 344 et
1209 306 1423 362 patrum
1459 315 1655 362 eorum,
1703 315 1861 363 quam
1895 298 2160 346 habitave—

356 381 502 434 runt,
541 374 596 418 in
621 381 693 418 tet
694 389 755 418 ra
784 370 1058 431 Clzanaan,
1095 378 1141 415 et
1167 370 1221 415 in
1244 378 1378 415 terra
1402 372 1619 433 Aegypti
1647 386 1899 416 annorum
1928 371 2160 434 triginta,

357 452 403 489 et
435 440 941 506 quadJingentorum,
978 438 1283 487 Eustathius.
1335 439 1559 522 ζητητέον
1593 436 1646 488 δὲ
1682 439 1726 488 εἰ
1761 437 1982 520 Εβραῖοι
2012 439 2067 490 ἐν
2098 442 2163 525 τῇ

353 509 590 596 Αἰγύπτιῳ
612 507 937 594 παρῴκησαν
946 507 1026 574 ε’τη
1059 504 1122 558 v'.
1159 508 1244 558 καὶ
1269 503 1323 557 λ’.
1351 507 1434 558 καὶ
1469 503 1558 572 οὐχ
1583 504 1652 558 ιε’.
1680 528 1763 558 και
1787 503 1843 558 σ’.
1883 529 1916 574 η
1938 507 2042 595 μὲν
2066 528 2162 575 γαρ

354 602 454 633 των
477 599 666 648 χρονων
688 563 872 645 ἐφεξῆς
906 574 1177 663 ἆναγραφη
1206 572 1310 628 σιε’.
1343 578 1594 666 σημαίνει·
1630 576 1667 643 ἦ
1693 575 1747 628 δὲ
1782 597 1948 664 γραφη
1976 574 2038 628 v'.
2075 579 2162 630 καὶ

355 647 412 703 λ’.
446 669 644 718 πρωτον
659 649 764 733 μὲν
793 648 1109 734 ἔπιτηρητέον
1134 644 1210 698 ότι
1232 666 1324 698 ουκ
1346 648 1479 698 εἴπεν
1504 647 1557 698 ἐν
1576 644 1850 734 Αἰγύπτῳ,
1887 644 1996 698 ἀλλ’
2021 648 2075 699 ἐν
2095 650 2163 718 γῇ

355 719 585 787 ἀλλοτρία
601 715 847 787 πάροικον
862 719 996 770 ἔσται
1015 714 1070 768 τὸ
1087 716 1280 783 σπέρμα
1299 721 1391 767 τοῦ
1407 713 1639 804 Αβρααμ.
1678 713 1908 785 ἀλλοτρία
1927 716 1981 768 δὲ
2001 737 2163 802 υπηρ-

353 811 405 856 χε
426 790 510 840 καὶ
533 811 566 855 η
589 791 850 841 Χαναναία
872 791 951 854 γῆ,
976 807 1044 852 ην
1069 785 1360 856 παρῴκησεν
1386 807 1411 838 ο
1429 783 1590 837 Ἰσαακ
1613 787 1802 854 σπέρμα
1825 792 1916 839 τοῦ
1929 783 2162 855 Ἀβρααμ.

357 863 528 924 Quae]
519 859 714 907 endum
735 869 901 906 tamen
925 868 996 905 est
1019 876 1090 905 an
1120 858 1333 905 Hebraei
1355 860 1408 904 in
1434 855 1661 923 Aegypto
1686 858 1988 906 habitarunt
2014 860 2165 905 annis

352 932 472 985 430.
497 940 542 977 et
562 948 660 977 non
686 929 804 981 215.
839 946 961 976 nam
995 938 1270 993 temporum
1304 930 1603 976 continuata
1633 927 1898 994 descriptio
1927 931 2045 983 215.
2080 931 2164 975 in—

352 1003 489 1062 nuit,
527 998 614 1046 sed
654 1000 923 1063 Scriptura
952 998 1069 1052 430.
1119 1000 1210 1046 ait:
1248 1016 1460 1062 namque
1506 1000 1820 1064 peregrinum
1862 1000 1954 1047 erit
1998 1015 2165 1046 semen

351 1070 575 1118 Abrahae
615 1068 669 1115 in
701 1077 835 1118 terra
865 1069 1023 1117 aliena
1055 1085 1130 1116 an.
1167 1068 1554 1122 430.·Primum
1594 1072 1770 1133 itaque
1801 1068 2167 1118 observandum·

351 1159 449 1188 non
477 1139 662 1187 dixisse
684 1141 739 1186 in
759 1138 987 1204 Aegypto
1003 1176 1016 1200 ,
1053 1137 1144 1186 sed
1169 1141 1223 1185 in
1247 1148 1382 1186 terra
1410 1140 1581 1186 aliena
1605 1141 1932 1203 peregrinum
1968 1142 2063 1186 erit
2086 1158 2166 1186 se·-

351 1229 461 1258 men
498 1209 754 1258 Abrahae.
835 1210 1026 1257 Aliena
1065 1218 1188 1256 certe
1215 1211 1338 1270 fuit
1379 1219 1513 1256 terra
1558 1209 1834 1269 Cleanaan‚
1882 1226 2036 1274 quam
2084 1227 2166 1256 se—

351 1299 461 1327 men
491 1279 735 1327 Abrahae
774 1282 879 1344 ipse
916 1279 1066 1327 Isaac
1109 1279 1388 1340 habitavit,
1428 1289 1513 1329 etc,
1600 1279 1714 1326 Alia
1750 1286 1871 1326 sunt
1920 1279 2062 1327 Pauli
2103 1279 2167 1326 acl

353 1352 514 1399 Galat.
553 1367 660 1415 cap.
696 1354 745 1402 3.
788 1349 1032 1396 ,Abrahae
1081 1347 1247 1395 dictae
1294 1358 1416 1395 sunt
1457 1351 1849 1412 promissione-5¹,
1899 1358 1944 1395 et
1989 1351 2167 1396 semini

352 1423 488 1467 eius:
522 1437 622 1467 non
657 1417 811 1481 dicit,
858 1428 903 1465 et
938 1419 1234 1480 seminibus,
1273 1421 1428 1482 quasi
1465 1421 1519 1465 in
1559 1420 1764 1470 multis.-
1798 1416 1888 1465 sed
1923 1422 2077 1484 quasi
2110 1421 2167 1466 in

355 1508 484 1553 uno,
521 1500 567 1537 et
591 1491 769 1536 semini
794 1498 907 1552 tuo,
947 1492 1037 1554 qui
1065 1499 1135 1536 est
1161 1489 1409 1539 Christus,
1478 1490 1597 1535 Hoc
1626 1498 1793 1536 autem
1827 1488 1973 1540 dico.-
2007 1498 2167 1537 testa-

351 1570 574 1608 mentum
616 1561 969 1625 confirmatum
1002 1577 1036 1606 a
1071 1562 1181 1608 Deo
1198 1578 1212 1606 .·
1251 1577 1379 1624 quae
1399 1568 1520 1623 post
1553 1558 1948 1624 quadringentes-
1980 1570 2027 1607 et
2064 1563 2167 1608 tri-

348 1634 500 1696 ginta
553 1648 715 1677 annos
749 1632 905 1693 facta
949 1639 1020 1677 est
1067 1626 1171 1692 lex,
1218 1647 1316 1677 non
1367 1632 1573 1677 irritum
1615 1632 1754 1693 facit
1805 1629 1878 1678 ad
1917 1648 2167 1679 evacuan-

355 1701 476 1748 dam
506 1703 906 1764 promissionem.
978 1700 1201 1748 Abrahae
1238 1700 1547 1764 septuaginta
1587 1701 1806 1765 quinque
1847 1718 2000 1749 annos
2044 1709 2163 1749 nato

354 1772 485 1819 facta
522 1778 592 1817 est
629 1771 916 1835 promissio,
956 1788 983 1817 a
1023 1788 1148 1835 qua,
1184 1772 1366 1818 Paulus
1401 1771 1498 1832 ait,
1546 1771 1608 1817 ad
1651 1771 1812 1818 datam
1851 1772 2008 1835 legem
2043 1772 2162 1824 430.

355 1840 632 1888 decurrunt
665 1840 804 1887 anni:
843 1848 962 1887 sunt
995 1840 1146 1903 igitur
1183 1841 1241 1887 ab
1274 1840 1493 1888 Abrahae
1527 1841 1581 1888 in
1605 1848 1787 1889 terram
1820 1840 2052 1889 Chanaan
2079 1842 2167 1888 in-

355 1927 526 1974 gressu
553 1910 861 1960 numerandi,
935 1911 1125 1958 Tertiae
1152 1911 1360 1959 rationis
1385 1919 1689 1959 momentum
1724 1928 1784 1958 ex
1807 1912 1899 1960 PP.
1932 1920 1978 1960 et
2005 1911 2165 1959 Chro-

353 1981 678 2043 nologorum‚
714 1988 824 2027 tum
848 1988 1095 2036 veterum,
1135 1988 1241 2028 turn
1262 1981 1594 2029 recentiorum
1630 1980 1929 2029 authoritate
1964 1982 2164 2047 pendet,

353 2067 454 2098 una
479 2050 616 2114 quasi
636 2067 759 2098 voce
784 2067 936 2098 annos
962 2051 1077 2099 illos
1104 2051 1307 2114 triginta
1343 2069 1492 2115 supra
1517 2051 1900 2115 quadringentos
1932 2070 1959 2099 a
1992 2052 2166 2100 relicta

353 2128 559 2185 paterna
599 2119 777 2183 domo,
827 2128 876 2168 et
907 2121 1153 2168 Abraham
1187 2121 1239 2167 in
1284 2120 1688 2170 Chananaeorum
1719 2130 1902 2170 terram
1936 2123 2167 2187 profectu

356 2191 743 2254 computandos,
781 2197 828 2238 et
848 2193 1002 2241 πᾶσιν
1026 2191 1195 2238 scribit
1223 2190 1442 2252 Author,
1481 2190 1927 2258 ὁμολογουμένοις,
1965 2192 2167 2240 demon-

354 2259 636 2309 strantium.
713 2260 938 2325 Opponit
978 2268 1139 2308 autem
1169 2260 1222 2308 in
1262 2260 1523 2309 adversum
1569 2262 1908 2310 Genebrardus
1945 2269 2166 2327 uterque,

352 2346 502 2378 verus
547 2329 746 2393 quidem
786 2338 834 2378 et
863 2330 1009 2394 vigil,
1044 2331 1178 2378 haud
1210 2338 1376 2379 tamen
1411 2348 1592 2394 verax,
1635 2332 1689 2379 in
1724 2331 2079 2396 chronologia,
2117 2339 2168 2380 et

352 2399 499 2447 fictus
529 2400 879 2464 somniansque
903 2401 1036 2466 apud
1058 2402 1315 2449 Nicolaum
1340 2401 1634 2463 Abramum,
1672 2402 1895 2450 (lucentis
1934 2410 1982 2450 et
2013 2403 2167 2467 quin-

317 2526 323 2532 ,
355 2469 517 2516 <lecim
557 2470 727 2530 annis,
766 2471 944 2534 quibus
989 2488 1051 2519 ex
1088 2471 1322 2519 Authoris
1357 2472 1599 2519 sententia
1632 2489 1820 2519 moram
1858 2474 2085 2520 fecerunt
2110 2473 2166 2520 in

355 2538 582 2603 Aegypto
620 2539 715 2586 filii
743 2540 921 2603 Iacob,
954 2557 1059 2588 non
1094 2542 1312 2607 potuisse
1348 2542 1402 2588 in
1436 2549 1626 2604 gentem
1670 2543 1816 2607 plane
1853 2542 2100 2604 ingentem
2137 2560 2164 2589 a

357 2609 614 2672 Scriptura
636 2610 866 2658 iactatam
893 2626 1198 2669 excrescere,
1269 2611 1483 2675 Quidni,
1521 2619 1568 2659 et
1592 2629 1851 2660 numerum
1873 2612 2014 2658 illum
2040 2629 2164 2660 exu-

358 2687 577 2742 peraret,
616 2679 659 2725 si
687 2689 809 2743 quot
846 2681 991 2729 Iacob
1026 2681 1244 2746 suscepit
1265 2681 1424 2743 filios,
1464 2682 1647 2745 singuli
1679 2682 1761 2729 vel
1785 2682 1954 2745 plures
1983 2698 2046 2730 ex
2072 2699 2164 2747 po-

358 2747 502 2794 steris
535 2766 676 2812 pares
721 2767 783 2798 ex
825 2767 904 2812 se,
951 2751 1062 2816 pari
1100 2752 1286 2816 spatio,
1332 2751 1626 2816 produxisse
1671 2751 1993 2799 affirmentur.
2080 2752 2163 2800 Illi

356 2834 506 2879 vero,
542 2835 605 2864 ex
644 2835 741 2882 quo
779 2820 1045 2884 gignendae
1081 2822 1212 2887 proli
1246 2830 1506 2870 vacaverat
1533 2821 1703 2881 Iacob,
1735 2822 2163 2885 septuagenarium

358 2896 617 2935 numerum
648 2890 995 2954 expleverant,
1033 2900 1082 2939 et
1116 2892 1446 2939 centenarium
1479 2892 1748 2954 attigissent
1786 2891 1954 2954 facile,
1991 2892 2034 2939 si
2060 2892 2162 2941 Her

359 2957 503 3004 Onan
531 2964 578 3004 et
602 2959 709 3005 Sela
739 2960 889 3008 Iudae
920 2961 1042 3024 filii,
1078 2962 1386 3026 leliquorum
1414 2978 1575 3022 more,
1612 2961 1815 3009 servatis
1845 2932 2060 3026 coniugii
2083 2963 2162 3010 le·-

356 3027 521 3090 gibu8‚
560 3027 661 3075 eius
685 3029 837 3077 finem
861 3002 1191 3078 intendissent
1214 3040 1262 3079 et
1280 3032 1487 3078 fuissent
1509 3031 1744 3093 assecuti,
1781 3040 2013 3080 natorum
2036 3050 2161 3097 pro-

359 3095 668 3145 creationem.
743 3101 983 3148 Ponamus
1022 3102 1200 3164 igitur,
1238 3101 1370 3164 quod
1406 3101 1604 3148 absurdi
1635 3069 1760 3149 nihil
1791 3120 1958 3151 secum
1989 3102 2160 3166 trahit,

361 3183 421 3214 ex
446 3167 630 3215 femore
672 3168 815 3215 Iacob
848 3171 1032 3218 animas
1058 3178 1254 3217 centum
1292 3187 1500 3234 egressas
1533 3188 1776 3220 annorum
1803 3173 2161 3242 quinquaginta

358 3236 518 3301 spatio
540 3255 567 3283 a
595 3253 694 3302 quo
723 3239 1006 3303 coniugium
1035 3241 1369 3302 octogenarius
1398 3240 1600 3303 inierat,
1639 3250 1687 3289 et
1722 3260 1748 3289 a
1777 3261 1873 3307 quo
1905 3247 2019 3296 130.
2060 3259 2161 3290 an·-

358 3324 450 3355 nos
475 3315 618 3354 natus
643 3306 697 3355 in
721 3307 856 3373 Aeg)
858 3317 997 3374 ptum
1022 3310 1236 3357 secessit.
1273 3328 1362 3376 per
1384 3312 1581 3375 aequale
1604 3312 1919 3369 intervallum
1939 3310 2158 3377 quemvis

310 3408 313 3411 -
359 3393 421 3424 ex
453 3377 662 3441 posteris
690 3386 886 3426 centum
926 3397 986 3427 ex
1022 3396 1072 3427 se
1106 3380 1285 3429 liberos
1322 3383 1402 3430 vel
1424 3390 1623 3446 nepotes
1657 3385 1926 3448 productos
1961 3398 2159 3430 cernere

358 3447 431 3494 nil
455 3454 615 3496 vetat:
655 3448 820 3498 Primo
840 3449 990 3514 igitur
1015 3467 1255 3500 annorum
1280 3451 1333 3501 in
1358 3452 1581 3518 Aegypto
1616 3454 1810 3503 labente
1846 3453 2158 3518 quinquage—
