2112 3854
705 171 707 174 ’
761 177 1283 266 DISSERTATIO.
1867 183 1956 245 35·

121 322 185 375 In
205 320 405 387 scriptis
436 320 591 369 sacris
629 318 854 370 Arabicis
889 337 1126 371 numerus
1152 322 1509 390 quadraginta
1529 338 1672 390 saepe
1693 323 1952 390 repetitur,

123 393 244 442 dum
284 392 463 441 caeteri
484 391 677 441 numeri
698 409 812 440 raro
838 402 1196 444 memorantur.
1236 422 1296 434 —·
1337 396 1469 444 Deus
1497 395 1679 442 format
1706 393 1957 445 hominem

123 479 153 512 e
187 463 329 526 luto,
368 478 580 527 eumque
619 460 972 527 quadraginta
1008 480 1098 528 per
1121 465 1224 513 dies
1249 465 1431 529 siccat,
1466 473 1526 512 ut
1547 464 1849 514 indurescat.
1883 492 1956 504 —

122 532 436 584 Mohammed
473 531 824 598 quadraginta
857 550 1013 581 annos
1045 542 1192 583 natus
1224 553 1251 583 a
1274 537 1376 584 Deo
1402 536 1466 584 ad
1493 535 1732 602 populum
1755 536 1956 600 nigrum

123 611 175 652 et
220 603 284 665 ad
313 604 557 669 populum
578 603 787 652 rubrum
820 603 1062 667 mittitur,
1104 613 1160 653 ut
1182 606 1374 670 legibus
1398 606 1496 655 suis
1524 606 1654 669 leges
1673 602 1959 672 temporum

122 674 504 741 praeteritorum
526 674 703 735 tollat,·
746 673 1006 740 primoque
1043 675 1325 726 missionem
1359 694 1499 727 suam
1538 675 1758 727 divinam
1799 677 1960 744 aperit

80 763 82 768 ’
123 744 353 793 societati
388 744 741 810 quadraginta
762 747 1177 810 propinquorum.
1818 751 1822 756 ’

264 827 617 890 Phocaeenses,
651 828 803 893 primi
820 829 1125 876 Graecorum
1147 829 1237 894 qui
1269 830 1551 879 Tartessum
1576 847 1734 896 usque
1759 830 1961 895 naviga-

124 907 259 962 runt,
276 916 339 948 ex
353 917 438 949 ore
456 900 550 948 Pla
563 918 590 947 0
605 918 672 946 en
683 901 704 945 i
715 916 786 946 cu
798 917 845 946 m
861 909 1192 948 narraverunt
1207 899 1467 967 (Herodot.
1482 902 1519 951 I.
1535 918 1576 950 c.
1592 902 1713 968 163)
1729 921 1740 949 :
1763 902 1961 967 Argan-

125 969 369 1034 monium,
392 987 555 1035 regem
581 969 815 1031 Tartessi‚
843 969 1201 1036 quadraginta
1226 989 1383 1019 annos
1409 979 1582 1019 natum
1607 973 1669 1019 ad
1692 973 1961 1038 imperium

127 1041 417 1104 accessisse,
457 1039 810 1106 quadraginta
843 1058 998 1089 annos
1022 1041 1120 1089 iam
1139 1059 1396 1106 regnasse,
1431 1059 1587 1106 quum
1615 1042 1712 1107 ipsi
1736 1043 1962 1092 advene-

125 1110 255 1174 rint3
294 1119 343 1159 et
380 1111 731 1177 quadraginta
762 1128 917 1160 annos
959 1120 1075 1178 post
1115 1129 1288 1162 eorum
1336 1113 1608 1164 adventum
1653 1129 1783 1162 anno
1830 1113 1962 1164 vitae

129 1182 394 1230 centesimo
421 1183 654 1246 vigesimo
690 1189 940 1230 mortuum
966 1199 1068 1231 esse
1095 1181 1185 1251 1³).

265 1253 461 1301 Rudera
481 1254 655 1301 Palatii
669 1253 1024 1317 Persepolitani
1044 1247 1293 1302 vocantur
1324 1252 1699 1301 Tsclzil-Mnar
1717 1253 1752 1304 i.
1776 1269 1819 1303 e.
1838 1270 1963 1318 qua-

127 1321 375 1387 draginta
410 1325 697 1383 columnae,
737 1323 963 1387 quamvis
1000 1340 1100 1371 non
1137 1324 1460 1388 quadraginta
1496 1323 1598 1370 sint
1609 1341 1625 1386 3
1663 1324 1965 1388 domumque

125 1395 336 1457 regiam,
374 1412 499 1458 quae
540 1395 594 1442 in
633 1393 753 1443 urbe
793 1395 1051 1442 Persarum
1091 1394 1320 1460 capitali,
1369 1392 1607 1459 Ispahan,
1655 1402 1754 1455 est,
1791 1395 1965 1442 eodem

126 1464 328 1512 nomine
381 1472 694 1531 nuncupant.
776 1465 876 1515 Gfr.
908 1463 1130 1513 Chardin
1184 1465 1408 1530 Voyages
1441 1481 1503 1512 en
1539 1458 1689 1513 Perse
1724 1465 1863 1514 Tom.
1901 1465 1963 1514 11.

123 1551 237 1601 pag.
264 1538 353 1588 33.
1082 1568 1084 1572 ·
1263 1556 1270 1559 ’

263 1605 328 1652 Et
340 1604 640 1652 Scamander
653 1603 738 1651 ille
761 1604 907 1668 longe
932 1603 1206 1653 celebratus
1221 1619 1360 1652 nunc
1382 1621 1411 1650 a
1434 1604 1475 1651 T
1478 1603 1611 1652 urcis
1626 1603 1967 1652 Kirk-Geous-

95 1737 98 1740 Δ
125 1676 232 1722 Soza
253 1676 533 1741 appellatur
561 1675 594 1723 i.
619 1692 659 1723 e.
681 1675 863 1723 fluvius
884 1674 1238 1741 quadraginta
1256 1675 1535 1734 oculorum,
1565 1674 1700 1738 quod
1722 1675 1835 1722 sons
1861 1674 1967 1723 eius

125 1746 362 1811 frigidus,
409 1746 542 1804 saxis
584 1745 834 1810 obtectuS,
889 1763 915 1794 e
965 1747 1096 1796 colle
1140 1745 1321 1794 humili
1362 1762 1453 1811 per
1480 1745 1632 1794 rimas
1679 1745 1966 1794 innumeras

124 1817 377 1866 escaturit.
1869 1859 1872 1863 .

268 1888 474 1935 Causam
503 1885 655 1935 huius
688 1886 826 1935 modi
855 1886 1096 1951 loquendi
1126 1903 1229 1934 non
1265 1885 1318 1933 in
1358 1902 1506 1947 casu,
1549 1884 1632 1933 cui
1679 1882 1880 1949 quidem
1914 1883 1968 1930 in

125 1975 223 2007 usu
246 1958 446 2006 <licendi
461 1957 667 2005 nimium
698 1957 958 2006 arbitrium
984 1965 1072 2019 est,
1091 1957 1178 2004 sed
1200 1957 1254 2004 in
1278 1955 1574 2021 etymologia
1596 1954 1805 2020 reperiri
1823 1970 1969 2020 posse

129 2029 361 2078 arbitror.
446 2029 572 2076 Nam
615 2039 828 2099 0³:235&
866 2027 1250 2092 quadraginta,
1289 2035 1338 2075 et
1382 2037 1517 2092 Πξᾎὲξ
1562 2023 1866 2087 multitudo,
1905 2023 1968 2074 ab

129 2100 299 2148 eadem
323 2099 527 2163 origine,
565 2116 591 2146 a
617 2112 683 2161 a]
706 2090 937 2162 multum,
974 2098 1264 2146 deducenda
1289 2114 1395 2146 esse
1415 2096 1665 2146 videntur.
1738 2096 1968 2144 Fortasse

129 2170 383 2236 principio
416 2169 791 2218 multitudinem
821 2186 925 2217 non
950 2169 1123 2217 stricte
1147 2169 1340 2217 finitam
1362 2166 1690 2231 significavit,
1726 2166 1968 2231 paulatim

130 2258 253 2290 vero
288 2257 470 2289 nomen
504 2241 631 2289 certi
665 2240 861 2290 numeri
897 2240 1083 2289 factum
1125 2247 1222 2303 est,
1274 2254 1576 2304 quamquam
1614 2236 1971 2300 significatione

189 2392 269 2448 13)
300 2391 384 2434 Alii
415 2390 585 2448 quidem
619 2390 721 2434 huic
738 2389 834 2446 regi
855 2390 982 2434 alium
1005 2403 1208 2433 annorum
1232 2402 1447 2431 numerum
1467 2387 1676 2430 tribuunt.
1734 2386 1893 2430 Cicero
1916 2385 1973 2430 de

247 2454 409 2492 senect.
450 2463 547 2505 cap.
574 2455 618 2494 9.
653 2454 697 2490 et
724 2449 921 2490 Valerius
953 2449 1068 2491 Max.
1093 2449 1134 2491 8.
1167 2448 1235 2492 13.
1260 2446 1526 2489 Herodotum
1551 2449 1797 2500 sequuntur.
1854 2446 1972 2487 Ana-

244 2521 376 2551 creon
395 2506 439 2548 in
453 2507 691 2561 fragmento
716 2506 826 2561 apud
847 2506 1100 2547 Strabonem
1119 2504 1197 2546 III.
1221 2517 1267 2559 p.
1282 2506 1377 2547 151.
1403 2508 1447 2545 et
1462 2502 1623 2544 Plinius
1647 2503 1688 2546 7.
1707 2501 1777 2544 48.
1806 2508 1972 2554 centum

245 2571 290 2607 et
321 2565 640 2620 quinquaginta
669 2577 799 2605 annos
831 2561 928 2617 regi
958 2560 1166 2606 tribuunt.
1226 2559 1442 2602 Lucianus
1466 2555 1520 2600 de
1555 2557 1787 2600 Macrobiis
1807 2558 1904 2600 init
1927 2555 1974 2600 et

243 2621 440 2678 Phlegon
460 2627 683 2676 utrumque
698 2633 913 2661 numerum
935 2618 1208 2673 coniungunt.
1239 2617 1299 2658 Et
1310 2616 1443 2658 Silius
1457 2615 1636 2658 Italicus
1655 2618 1697 2661 3.
1719 2616 1820 2661 396.
1839 2614 1969 2660 dicit:

536 2689 904 2746 Arganthoniacos
933 2697 1068 2731 armat
1091 2687 1268 2730 Carteia
1292 2691 1482 2742 nepotes.

532 2749 627 2792 Rex
644 2747 819 2804 proavis
839 2747 923 2788 fuit
945 2745 1114 2788 humani
1138 2743 1369 2786 ditissimus
1391 2743 1505 2794 aevi,

542 2802 626 2848 Ter
649 2806 779 2848 denos
803 2804 941 2847 decies
960 2817 1153 2845 emensus
1173 2801 1351 2857 belliger
1370 2814 1519 2843 annos.

250 2878 447 2922 Attamen
484 2880 589 2933 puto
620 2876 696 2919 has
724 2881 813 2918 tres
844 2874 1078 2917 sententias
1099 2872 1213 2916 inter
1232 2887 1280 2914 se
1301 2870 1522 2914 conciliari
1541 2883 1682 2926 posse.
1710 2894 1767 2903 —
1795 2872 1974 2926 Argan-

251 2936 425 2978 thonius
456 2933 590 2989 magis
623 2931 924 2990 appellativum
959 2945 1085 2987 quam
1127 2944 1277 2972 nomen
1313 2928 1533 2985 proprium
1565 2942 1661 2971 esse
1706 2927 1905 2984 videtur,
1946 2940 1973 2967 a

250 2992 536 3036 Phoenicibus
570 2992 668 3047 regi
698 2989 891 3033 additum
931 2992 1112 3045 propter
1133 2987 1249 3029 vitae
1273 2984 1602 3040 longitudinem,
1631 2988 1681 3026 ut
1722 2981 1895 3041 proprie
1917 2982 1975 3023 sit

255 3050 519 3092 Arc-autho
548 3047 628 3090 i.e.
651 3043 978 3102 Πολυχρόνιος.
1036 3044 1284 3087 Herodotus
1311 3041 1491 3084 retinuit
1509 3040 1747 3084 versionem
1762 3039 1976 3083 verbalem

254 3113 325 3151 ter
348 3106 715 3163 quadragenorum
741 3117 969 3154 annorum;
999 3102 1220 3144 Anacreon
1251 3103 1297 3142 et
1327 3099 1460 3141 Silius
1479 3129 1492 3150 ,
1534 3097 1606 3154 qui
1643 3097 1976 3153 cognoscebant,

253 3163 359 3222 quid
376 3177 587 3215 ,numerus
622 3161 696 3203 ille
727 3160 1016 3216 significaret,
1061 3155 1426 3213 „Arganthonium
1464 3154 1632 3197 scilicet
1661 3155 1822 3197 vixisse
1856 3156 1978 3206 τρεῖς

254 3217 438 3278 γενεὰς,
461 3223 582 3274 τρεῖς
615 3220 815 3269 αἰῶνας,
843 3217 932 3259 tria
955 3214 1195 3266 saecula‚’'
1227 3213 1398 3268 elegere
1423 3212 1532 3255 alter
1557 3211 1740 3267 spatium
1765 3209 1974 3266 quinqua-

257 3278 379 3334 ginta
400 3291 616 3331 annorum,
638 3276 749 3318 alter
769 3280 957 3317 centum:
1002 3271 1126 3315 sicuti
1152 3270 1410 3327 significatio
1431 3270 1517 3312 τοῦ
1539 3268 1712 3317 αἰῶνος
1746 3275 1789 3309 et
1815 3265 1974 3332 saeculi

257 3349 341 3378 non
379 3330 546 3390 seniper
573 3332 719 3375 eadem
745 3337 834 3383 est,
865 3331 1013 3387 utique
1043 3332 1164 3384 τρεῖς
1200 3327 1352 3384 γενεαί
1385 3325 1586 3369 Nestoris
1620 3340 1647 3367 a
1674 3321 1976 3389 Grammaticis

258 3391 358 3435 anni
390 3397 585 3446 centum,
615 3395 690 3433 aut
719 3394 888 3432 centum
923 3394 969 3429 et
993 3385 1148 3441 viginti
1183 3399 1278 3427 esse
1314 3387 1634 3439 computantur3
1663 3394 1689 3422 a
1713 3386 1854 3437 poetis
1873 3393 1977 3422 vero

258 3455 328 3491 ter
351 3448 484 3500 denos
511 3447 657 3499 decies
685 3459 880 3491 emensus
917 3458 1011 3487 esse
1042 3456 1173 3487 annos
1205 3440 1328 3484 dulce
1367 3453 1521 3483 sonans
1553 3442 1697 3480 orator
1731 3435 1883 3494 Pylius
1905 3449 1977 3479 ce-

258 3505 461 3549 lebratur.
