2112 3854
237 158 320 216 64
1031 159 1257 217 GOARI

238 295 301 344 ad
337 302 514 343 metam
549 310 705 358 usque
730 309 830 342 non
868 290 1130 356 perduxit:
1163 290 1343 357 ‚operis
1377 297 1542 356 partes
1567 297 1721 338 tersas
1757 297 1806 338 et
1831 290 2055 338 elimatas

237 366 456 414 reddidit
482 365 768 425 nonnullas,
807 361 1041 426 quasdam
1074 362 1190 410 rudi
1227 371 1275 410 et
1305 361 1481 427 pingui
1506 361 1725 408 Minerva
1758 361 1905 426 plane
1937 359 2055 409 hor-

237 435 367 485 ridas
393 443 442 483 et
464 436 718 483 insuaves:
756 431 1033 481 summatim
1077 432 1269 480 dicam?
1309 431 1546 494 Georgius
1569 430 1838 493 scribebat,
1875 437 1926 478 at
1950 446 2061 480 non.

238 506 514 567 recensuit,
568 503 852 566 castigavit,
891 502 1136 567 expolivit
1169 520 1316 567 opus:
1369 501 1503 566 quod.
1536 508 1799 563 memorat,
1836 507 2056 565 praeter-

241 576 421 637 mittit,
471 574 602 639 quod
626 572 898 638 promittit,
936 590 1040 620 non
1062 574 1226 638 potuit
1259 571 1474 636 exsequi.
1545 571 1772 630 Quantae
1806 587 1924 619 vero
1961 569 2054 618 sub

246 647 465 693 dictante
500 644 813 709 quantumvis
851 643 1082 706 diligente
1110 651 1159 691 et
1186 650 1371 691 attento
1404 644 1769 690 interseruntur
1797 639 2055 688 oscitantis

241 714 520 780 exceptoris
552 713 998 761 hallucinationes?
1049 714 1186 773 Quot
1215 714 1350 763 vitiis
1382 713 1567 778 scripta
1600 729 1687 760 sua
1725 728 1829 760 non
1865 727 2055 775 resper-

239 795 363 849 gunt
391 784 617 832 librarii?
665 784 730 832 At
761 785 821 832 de
854 783 934 831 his
968 784 1275 833 commodior
1306 791 1538 848 sequetur
1569 781 1874 831 observatio:
1927 781 2057 828 inte-

239 856 336 904 rim
364 855 497 919 quod
525 854 783 920 praemisi,
823 855 1055 920 quodque
1089 855 1351 916 contendi,
1390 853 1700 903 severissimo
1737 850 2059 916 disceptatori

238 942 318 974 me
351 926 676 990 probaturum
710 925 924 976 confido.
996 926 1070 972 Ita
1111 932 1210 984 est,
1250 926 1482 990 inquam,
1510 923 1759 988 ,Georgius
1797 921 2056 984 scribebat,

241 1004 292 1043 at
316 1013 419 1043 non
450 995 743 1059 recognovit
767 993 862 1060 22).
936 995 1071 1055 Quid
1101 997 1228 1043 enim
1257 996 1297 1044 si
1331 1002 1667 1057 retractasset,
1703 993 1917 1041 natalem
1948 992 2059 1039 Ma-

239 1066 464 1114 thusalae
499 1067 628 1114 diem
656 1066 711 1113 in
749 1083 933 1114 annum
960 1083 986 1113 a
1017 1066 1195 1113 mundi
1230 1066 1435 1114 conditu
1473 1069 1622 1119 1287.
1692 1062 1937 1125 Africani,
1975 1062 2066 1112 vel..

239 1145 511 1203 supputum
537 1138 681 1184 etiam
706 1136 966 1202 proprium
987 1144 1249 1200 sequutus,
1290 1136 1596 1184 coniecisset:
1634 1151 1754 1183 mox
1776 1151 1893 1184 vero
1920 1131 2060 1198 quasi

240 1208 417 1272 scripti
440 1208 696 1272 poenitens
712 1243 726 1268 ,
765 1214 813 1254 et
839 1207 1211 1256 scribendorum
1236 1206 1370 1254 haud
1399 1205 1650 1270 praescius
1673 1202 1745 1269 23)
1762 1241 1776 1266 ,
1811 1203 1914 1252 11110
1941 1219 2059 1251 cum

239 1278 363 1339 sibi,
399 1285 503 1324 tum
539 1277 775 1325 Africano
809 1277 1113 1336 contrariUS,
1151 1277 1473 1324 Matliusalam
1504 1275 1711 1323 eundem
1743 1291 1872 1322 anno
1906 1276 2059 1327 1273.

240 1355 410 1395 natum
435 1365 537 1395 non
559 1348 732 1394 fuisset
752 1347 939 1392 veritus
963 1346 1214 1393 asserere?
1252 1347 1457 1410 Scriptis
1482 1344 1747 1408 recognitis
1775 1351 1823 1392 et
1850 1345 2063 1407 castiga-

236 1418 301 1466 tis
337 1426 450 1481 post
479 1433 634 1464 annos
671 1414 804 1464 vitae
841 1419 958 1470 969.
995 1433 1039 1464 a.
1063 1415 1241 1464 mundi
1277 1419 1411 1470 1273
1441 1416 1502 1463 ad
1537 1415 1676 1469 2242
1711 1423 1760 1463 et
1795 1414 2059 1476 diluvium,

237 1487 547 1536 Mathusalae
584 1494 795 1535 mortem
833 1503 1046 1551 ponere,
1096 1504 1216 1534 mox
1251 1486 1432 1535 horum
1466 1486 1748 1547 immemor,
1797 1487 1896 1533 Deo
1929 1479 2066 1536 καθ’,

152 1592 167 1609 .
241 1554 332 1618 οὓς
377 1554 482 1608 οἶδε
517 1553 698 1617 τόπους
732 1555 817 1606 καὶ
847 1552 1061 1622 τρόπους
1096 1573 1196 1604 11113
1238 1574 1350 1605 011111
1384 1556 1559 1605 Enoch
1587 1554 1912 1604 Mathusalam
1953 1571 2062 1603 ser-

240 1636 418 1691 vante,
456 1628 668 1676 eundem
704 1627 843 1674 annis
885 1627 950 1680 14
989 1626 1229 1675 diluvium
1261 1628 1424 1689 ipsum
1460 1643 1741 1692 superasse,
1787 1634 1836 1674 et
1874 1642 2063 1674 annum

239 1715 525 1747 numerasse
550 1699 687 1752 2256
726 1696 892 1762 potuit
915 1697 1161 1746 affirmare
1183 1695 1300 1762 24)?
1336 1698 1509 1758 Quid?
1547 1699 1624 1746 An
1646 1714 1749 1744 non
1773 1697 1938 1745 obitus
1954 1697 2064 1753 Ma-
2088 1715 2091 1717 “

238 1769 465 1817 thusalae
486 1770 659 1817 tertius
682 1768 745 1816 ad
770 1785 953 1816 annum
980 1770 1135 1822 2236.
1160 1785 1269 1833 pag.
1295 1774 1379 1824 22.
1405 1770 1462 1819 G.
1489 1769 1734 1830 refertur,
1771 1785 1798 1816 a
1825 1784 1923 1832 quo
1950 1784 2065 1814 mo«

237 1840 399 1888 rosius
438 1839 777 1902 discutiendo,
817 1838 953 1903 quod
993 1841 1368 1887 commentantis
1401 1839 1456 1887 id
1485 1839 1550 1886 sit
1579 1854 1788 1900 munus,
1827 1837 2064 1887 abstineo-

238 1909 336 1959 Hic
358 1927 445 1974 ego
475 1909 776 1973 Scaligerum
804 1908 1113 1956 familiariter
1137 1910 1405 1958 convenio:
1446 1909 1581 1974 quod
1606 1909 1865 1973 Syncellus
1885 1907 2066 1973 pagina>

241 1982 410 2030 eadem
436 1985 521 2035 21.
544 1981 716 2043 semel,
754 1987 801 2027 et
822 1996 992 2028 rursus
1011 1981 1055 2027 N
1058 1984 1117 2026 o'e
1142 1988 1306 2028 ortum
1323 2017 1337 2042 ,
1379 1987 1427 2028 et
1451 1987 1590 2028 ortus
1620 1996 1804 2027 annum
1830 1985 2067 2044 exponat,

241 2059 290 2099 et
315 2069 454 2117 pagg.
482 2051 671 2116 pariter
697 2056 781 2104 62.
813 2051 866 2100 B.
897 2058 946 2098 et
976 2054 1058 2104 69.
1095 2049 1150 2101 A.
1187 2051 1246 2099 de
1275 2051 1509 2115 Dynastia
1545 2050 1732 2098 decima
1761 2057 1962 2111 octava,
2001 2049 2064 2096 de

151 2142 153 2144 ·
240 2122 434 2170 Amosis
455 2139 608 2185 regno
625 2158 640 2183 ,
675 2120 921 2185 Mosisque
947 2121 1037 2168 sub
1061 2138 1116 2168 eo
1138 2121 1292 2168 natali
1326 2121 1580 2186 conceptis
1610 2120 1772 2170 verbis
1799 2120 1966 2171 eadem
2000 2135 2068 2174 ex,

239 2193 477 2241 Africano
508 2192 679 2253 iteret,
719 2191 886 2240 eadem
922 2190 1127 2256 insuper
1152 2199 1200 2239 et
1225 2209 1327 2239 non
1362 2193 1620 2240 immutata
1658 2191 1719 2238 de
1758 2190 1959 2239 Sedecia
1998 2206 2067 2238 ex-

241 2263 465 2312 Africani
489 2262 771 2311 narratione
795 2278 932 2326 pagg.
959 2265 1076 2316 219.
1101 2270 1150 2309 et
1172 2266 1292 2316 223.
1321 2263 1376 2310 in
1395 2263 1616 2311 medium
1642 2261 1882 2318 adducta,
1923 2276 2064 2309 com-

242 2333 478 2398 munique
497 2334 653 2381 totius
678 2332 812 2381 orbis
838 2333 1030 2387 diluvio
1054 2333 1248 2398 saepius
1275 2333 1525 2399 descripto
1549 2340 1598 2381 et
1614 2333 1879 2394 inculcem,
1915 2331 2065 2395 Egre-

243 2420 479 2467 gororum
501 2403 764 2452 historiam
787 2404 932 2467 longe
956 2402 1172 2467 priorem
1203 2404 1372 2453 denuo.
1396 2404 1523 2454 velit
1547 2403 1831 2468 repetitam,
1866 2409 2066 2467 praeter.

239 2472 393 2537 haec,
441 2475 645 2523 secundi
690 2474 876 2522 Cainan
915 2473 1227 2536 affirmandi,
1277 2475 1403 2539 regis
1446 2474 1538 2523 sub
1576 2491 1675 2539 quo
1717 2472 1960 2538 profectio
1998 2487 2064 2526 ex

240 2544 468 2608 Aegypto
506 2552 761 2609 suscepta,
801 2544 1105 2610 captivitatis
1139 2562 1411 2607 annorum,
1450 2553 1498 2594 et
1526 2542 2063 2606 huiusmodiireliquo-

242 2630 358 2662 rum
381 2614 469 2661 fiat
497 2622 710 2662 assertor
735 2632 882 2680 supra
908 2615 1114 2663 modum
1145 2616 1484 2680 importunus,
1521 2616 1562 2662 si
1587 2615 1771 2662 dictata
1806 2613 2065 2661 recoluis-

242 2692 346 2746 set,
382 2684 436 2732 in
469 2682 590 2735 haec
617 2701 836 2748 unquam
869 2685 993 2733 vitia
1025 2686 1105 2733 vir
1130 2681 1515 2752 ἐλλογιμώτατος
1554 2685 1727 2733 fuisset
1764 2683 2062 2749 prolapsus?

241 2755 319 2803 Ex
343 2753 700 2817 chronologiae
725 2754 913 2802 -tabulis
937 2755 999 2801 ad
1024 2755 1179 2819 ipsius
1213 2757 1430 2819 Syncelli
1458 2772 1691 2804 numeros
1717 2755 1892 2802 effictis
1920 2771 2065 2820 para-i

242 2824 551 2873 chronismos
578 2825 795 2890 Syncelli
822 2826 1075 2890 proferam
1101 2825 1202 2872 sole
1237 2825 1506 2874 clariores?
1550 2827 1618 2874 Ut
1655 2826 1806 2874 variis
1840 2824 2064 2874 auctori.-

241 2894 336 2944 bus
373 2903 420 2943 et
445 2896 584 2944 libris
610 2895 673 2943 ad
700 2890 907 2962 ἒκλογήν
935 2895 1375 2944 consarcinandam
1405 2914 1552 2958 usus,
1587 2895 1892 2945 variantibus
1929 2911 2064 2960 quo-n

243 2982 338 3030 que
370 2966 572 3014 calculis
599 2964 816 3014 hominis
854 2965 1067 3013 eiusdem
1099 2972 1332 3029 aetatem,
1369 2969 1452 3016 vel
1478 2967 1674 3032 imperii
1703 2967 1876 3015 seriem
1903 2972 2064 3016 totam

240 3043 596 3103 prosequatur,
635 3052 698 3085 ex
722 3035 815 3084 hac
840 3035 896 3084 in
921 3036 1123 3085 alteram
1150 3037 1434 3101 opinionem
1475 3045 1720 3099 transeat,
1757 3036 2065 3101 scriptorum

243 3106 479 3158 eiusmodi
514 3102 795 3173 ἀντιλογίας
835 3106 1095 3170 admittat,
1150 3123 1276 3171 quae
1311 3109 1394 3157 vel
1432 3116 1595 3156 mente
1641 3107 1930 3169 confusum,
1976 3106 2064 3156 vel

242 3184 494 3226 auctorem
526 3185 733 3240 arguant
761 3178 958 3242 penitus
984 3177 1358 3226 immemorem?
1408 3179 1587 3227 Confer
1609 3193 1750 3243 pagg.
1793 3180 1861 3230 68
1893 3184 1942 3225 et
1977 3180 2063 3230 69.

248 3265 360 3297 cum
386 3247 481 3296 alia
511 3251 626 3303 126.
697 3247 820 3297 Illae
845 3247 1244 3314 accuratissimo,
1282 3248 1324 3296 si
1347 3265 1463 3300 vere
1487 3249 1788 3314 gloriantur,
1825 3255 2063 3313 computo

299 3415 519 3520 2213}
551 3416 608 3461 20
640 3417 685 3460 et
716 3415 785 3461 81.
817 3384 868 3457 13.
997 3414 1077 3470 23)
1107 3414 1212 3472 pag.
1236 3416 1369 3461 citata
1399 3417 1468 3463 κο.
1600 3413 1679 3471 24)
1709 3414 1816 3472 rag.
1837 3414 1909 3461 ρο.
1933 3412 2065 3457 citata

465 3527 502 3560 O
