2222 3938
357 173 484 233 318
760 181 1071 238 GEORGII
1103 179 1458 239 SYNCELLI
1490 181 1790 239 TEXTUS

353 310 443 363 καὶ
467 315 709 379 Γαλλικῆς
727 315 994 379 Σπανικῆς
1013 331 1089 376 τε,
1126 311 1329 380 reponit
1348 312 1435 365 καὶ
1463 317 1688 365 Γαλλιῶν
1704 311 1953 376 Ἱσπανίας
1971 334 2037 367 τε.
2060 314 2186 368 ibid.

354 383 623 435 ἐνετείλατο
664 390 769 444 τοῖς
802 384 963 451 τρισὶν
997 379 1155 434 αυτοῦ
1184 384 1317 444 υἱοῖς
1357 405 1424 450 μη
1462 386 1566 435 δεῖν
1595 385 1853 448 ἐπελθεῖν,
1890 387 2058 434 reddit
2084 387 2189 438 ἔνε-

352 455 544 505 τείλατο
579 453 741 520 τρισὶν
777 455 909 514 υἱοῖς
953 449 1111 505 αῦτοῦ
1152 453 1342 520 μηδένα
1387 455 1630 507 ἐπελθεῖν.
1677 454 1801 504 ibid.
1836 454 1959 524 πρὸς
2000 457 2184 524 ετερον.

153 529 210 575 V.
239 528 327 575 426
355 524 462 590 ipse
498 544 626 591 προς
666 522 751 575 τὸν
783 524 964 592 ἕτερον.
1006 524 1132 573 ibid.
1166 529 1258 590 τῆς
1305 521 1546 588 στάσεως,
1609 526 1858 610 expunxit
1902 527 2186 576 articulum.

351 594 476 642 ibid.
507 592 564 654 ὃς
600 594 687 644 καὶ
727 594 1004 676 ’ἡγεμονίαν
1027 596 1301 662 praeponit
1333 597 1602 645 articulum
1631 593 1739 662 τήν.
1777 595 1902 645 ibid.
1939 598 2027 649 καὶ
2060 598 2190 650 ἐκοι-

353 662 499 732 μήθη
527 661 631 715 ἒν”
605 684 708 731 ορει
734 662 963 753 Λουβοῖρ.
1002 667 1327 732 expungenda
1355 667 1535 716 sanxit.
1575 669 1625 716 C
1661 665 1741 728 τὸ,
1782 669 2031 729 Γετταίοις
2054 669 2188 717 omi-

352 737 431 785 sit.
471 733 596 784 ibid.
634 735 719 786 καὶ
749 732 939 803 Ἰησοῦ,
991 738 1130 787 addit
1155 741 1248 789 τοῦ
1285 741 1452 805 Ναυῆ.
1491 737 1616 787 ibid.
1651 742 1746 789 τοῦ
1781 733 2002 806 Ἰσραηλ,
2051 739 2190 789 tollit

351 805 633 854 articulum.

490 877 603 939 Pag.
640 876 725 930 46·
762 875 819 924 A.
856 896 951 943 την
984 874 1225 949 πατρῴαν
1258 882 1385 946 γῆν,
1441 878 1580 927 addit
1621 878 1682 926 de
1726 896 1815 927 suo
1857 878 2078 942 Scaliger
2114 879 2188 927 ei-

347 946 442 994 tau
467 954 635 995 textus
659 948 838 998 Euseb·
869 966 978 1013 Pag-
1017 956 1095 1005 10
1135 952 1326 1010 δίκαιος
1352 948 1436 1000 καὶ
1465 950 1518 1000 ἐν
1543 944 1704 1017 τούτῳ
1739 949 1916 1013 φανεὶς
1940 948 1972 1000 ὁ
1998 944 2139 1010 θεός.

487 1019 601 1081 Pag
639 1019 723 1072 47.
762 1019 818 1068 Α.
856 1017 981 1070 κατὰ
1025 1024 1184 1087 μῆκος
1219 1016 1425 1086 κόσμου.
1465 1020 1683 1081 Scaliger
1715 1037 1824 1084 pag.
1865 1023 1944 1073 11.
1973 1017 2057 1078 τὸ,
2094 1015 2187 1072 κό-

350 1100 479 1152 σμου
518 1089 774 1153 expungit.
814 1090 866 1137 B.
903 1092 1300 1156 Μεσοποταμία,
1337 1091 1475 1137 addit
1502 1085 1753 1154 εὐδαίμων
1794 1084 2016 1170 Ἀραβία,
2056 1089 2185 1141 ibid.

349 1157 643 1225 Κομαγινη,
679 1160 785 1224 ipse
811 1168 1046 1225 corrupte
1076 1156 1362 1226 Κομαγενή.
1403 1159 1527 1207 ibid.
1564 1157 1619 1210 τό
1650 1163 1879 1220 Κοσαῖοι,
1917 1160 2097 1210 omisit.
2130 1162 2184 1211 C.

350 1229 460 1279 υἱοὶ
489 1227 606 1294 Χαμ
629 1226 674 1295 β’
694 1231 815 1280 υἱοῦ
846 1234 995 1290 Νῶε,
1037 1231 1299 1295 expunxit.
1329 1232 1383 1281 D.
1424 1230 1704 1295 Νεμετιείμ.
1737 1229 1845 1293 ipse
1872 1232 2185 1297 Νεμεστιείμ.

493 1301 608 1363 Pag.
645 1299 728 1352 48.
769 1300 824 1348 A.
865 1268 1114 1361 Χατλαῖος
1136 1303 1354 1364 Scaligm
1380 1304 1641 1360 Χατναῖος
1666 1301 1719 1350 Β.
1753 1296 2188 1385 Ἀρουκαῖος,1Ρεθ

336 1364 606 1432 ’Ἀρουκος-
644 1369 767 1419 ibid.
790 1375 1102 1438 Σαμοραῖος,
1138 1372 1245 1437 ipse
1269 1376 1574 1438 Σαμαραῖος.
1610 1373 1662 1422 D.
1691 1366 1950 1437 Κυρήνης,
1994 1377 2188 1423 Ταντα-

350 1436 564 1505 μάτους,
602 1442 925 1507 Μασσουρία,
961 1442 1375 1508 Ηρακλεωτικῶν,
1410 1442 1707 1508 Καββαλίαν
1730 1442 1858 1504 vice,
1895 1442 2014 1506 legit
2046 1446 2188 1511 Κορ-

349 1512 586 1577 κυρίνης,
631 1514 1005 1577 Ταυταμαίους,
1046 1513 1378 1576 Μασσουνὶς,
1412 1512 1832 1580 Ἡρακλιωτικῶν,
1855 1515 2184 1581 Καββαλίαν.

346 1580 476 1632 ibid.
501 1601 555 1632 το
584 1584 799 1646 Μηδίαν
825 1584 1080 1648 expungit.
1860 1619 1866 1621 -

487 1653 602 1715 Pag.
640 1653 724 1707 49.
762 1653 822 1701 A.
873 1672 958 1716 το,
992 1653 1079 1704 καὶ
1129 1654 1396 1702 secundam
1447 1653 1712 1702 dictionem
1758 1651 2019 1718 expungit.
2057 1651 2184 1705 ibid.

343 1718 427 1780 τὸ,
462 1722 748 1782 ἔπικοίνους
796 1725 949 1787 magis
990 1726 1258 1789 depravat,
1297 1725 1461 1788 legens
1499 1724 1758 1776 ἐπικοινοῖ.
1807 1722 1931 1770 ibid.
1973 1728 2186 1790 Λιμπα-

345 1794 552 1855 δοῦσαν,
589 1793 695 1858 ipse
716 1795 903 1858 vulgari
925 1796 1170 1843 vocabulo
1195 1796 1597 1860 Λαμπαδοῦσαν.
1620 1793 1744 1845 ibid.
1777 1790 2050 1860 Κορσυραν
2077 1794 2184 1860 ipse
2207 1818 2216 1825 ·

345 1858 635 1931 Κορσυναν.
673 1863 795 1914 ibid.
835 1867 1122 1953 διορίζεται,
1158 1866 1265 1946 ipse
1304 1867 1517 1931 διορίζει.
1555 1867 1608 1913 Β.
1648 1865 1775 1931 ἔθνη
1802 1864 2065 1916 δεκαπέντε
2094 1883 2186 1916 ου-

342 1952 454 1994 τως.
493 1934 658 1982 erasit.
698 1935 759 1986 l).
801 1931 895 1986 εἶτ’
921 1938 1015 1986 οὐν
1045 1941 1140 1986 Ρω.
1180 1937 1312 2000 ipse,
1350 1935 1435 1986 καὶ
1458 1940 1557 1986 τῶν
1584 1939 1679 1986 Ρω.

486 2005 598 2068 Pag.
622 2005 705 2058 50.
729 2005 788 2054 A.
819 2001 1050 2069 Ουέννοὶ,
1077 2007 1296 2071 Scaliger
1323 2007 1606 2072 corruptius
1632 2001 1862 2073 Ουέρνοί.
1885 2003 2010 2057 ibid.
2040 2000 2182 2056 Ουάκ

342 2072 430 2127 καὶ
462 2075 568 2140 ipse
610 2069 820 2126 Οῦακαι.
857 2076 979 2124 ibid.
1019 2078 1071 2128 οἱ
1103 2078 1409 2163 Βρετανικοί.
1463 2078 1514 2128 οἷ
1552 2076 1636 2127 καὶ
1671 2076 1725 2128 ἐν
1758 2080 1866 2136 ταῖς
1888 2072 2066 2141 νήσοις
2101 2076 2181 2127 οἶ·-

343 2148 564 2205 κοῦντες.
593 2145 643 2206 ἐξ
672 2139 841 2196 αὐτῶν
871 2143 1056 2207 εἰδότες
1079 2167 1359 2214 γραμματα,
1399 2147 1526 2198 εἰσὶν
1549 2141 1705 2198 οὗτοι.
1727 2144 1924 2212 Ἴβηρες
1950 2150 2179 2197 Λατῖνοι.

344 2216 566 2279 Scaliger
600 2218 892 2280 perturbata
923 2218 1418 2284 interpunctuatione
1449 2235 1646 2266 sensum
1688 2233 1883 2264 omnem
1916 2217 2181 2265 confundit

347 2287 401 2338 οἱ
427 2288 738 2369 Βρετανικοί.
795 2289 848 2339 οἱ
881 2286 934 2339 δὲ
965 2288 1019 2340 ἐν
1055 2295 1163 2350 ταῖς
1197 2285 1374 2355 νήσοις
1415 2289 1671 2348 οἰκοῦντες
1706 2287 1757 2348 ἐξ
1796 2281 1962 2338 αὐτῶν
1999 2284 2182 2347 εἰδότες

344 2377 607 2426 γραμματα
645 2356 773 2408 εἰσιν
808 2352 974 2421 οὗτοι,
1000 2356 1223 2426 Ἴβηρες,
1260 2364 1497 2410 Λατῖνοιε
1538 2359 1677 2423 quasi
1701 2375 1820 2407 vero
1847 2357 1941 2405 soli
1964 2357 2180 2406 insulani

343 2430 511 2476 literas
549 2428 809 2488 callerent,
860 2437 945 2477 aut
981 2430 1171 2494 Iberes,
1209 2431 1375 2478 Latini
1409 2438 1504 2481 etc.
1549 2430 1739 2477 insulas
1772 2428 2065 2476 incolerent.
2122 2429 2177 2478 C.

345 2500 626 2582 Κυθείραν.
680 2466 898 2563 Scaliger
938 2496 1176 2568 Κύθηρα.
1228 2501 1584 2573 Κεφαληνίαν,
1617 2501 1750 2548 idem
1796 2502 2014 2563 Κεφαλλ.
2051 2497 2176 2549 ibid.

344 2568 399 2619 ἐν
434 2565 592 2657 τούτῳ
623 2575 1011 2657 συμπληροῦται.
1047 2572 1154 2637 ipse
1180 2571 1234 2623 ἐν
1257 2568 1455 2630 τούτοις
1479 2573 1572 2622 οῦν
1594 2572 1882 2637 πληροῦται.
1912 2569 1966 2618 1).
2006 2568 2057 2630 ἔξ
2080 2563 2177 2618 αῦ-

343 2642 437 2688 τοῦ
462 2638 547 2688 καὶ
560 2621 798 2728 Ἀβραοῖμ
821 2640 906 2692 καὶ
930 2637 1116 2705 Ἰσαακ,
1154 2642 1240 2693 καὶ
1267 2637 1467 2727 Ιακωβ,
1506 2642 1591 2692 καὶ
1621 2641 1673 2692 οἱ
1701 2633 2031 2705 Πατριαρχαι.
2069 2639 2178 2705 ipse

343 2708 395 2770 ἐξ
421 2705 579 2760 αυτοῦ
606 2710 631 2762 ὁ
651 2707 900 2777 Ἀβρααμ,
936 2712 1021 2762 καὶ
1048 2714 1100 2764 οἱ
1128 2708 1454 2780 Πατριαρχαι.

388 2830 391 2835 «
484 2781 598 2843 Pflg·
629 2783 711 2835 51.
729 2783 779 2830 C
794 2779 973 2842 Ήλιος
985 2783 1257 2848 Ἡφαίστου
1275 2784 1587 2848 ἐβασίλευσεν
1615 2779 1739 2830 ἐτῶν
1754 2776 2000 2847 μυριάδας
2027 2786 2173 2867 τρεῖς,

342 2852 593 2914 expunxit
631 2860 801 2900 textus
833 2854 1010 2901 Euseb.
1051 2871 1160 2919 pag.
1186 2859 1234 2907 6.
1271 2855 1401 2902 linea
1436 2853 1527 2899 ult.
1554 2852 1611 2899 D.
1636 2849 1845 2915 ’ἡμίθεοι
1868 2852 2086 2915 βασιλεῖς
2109 2847 2172 2935 η’.

339 2920 425 2968 ille
452 2920 899 2985 corruptissimev'.
923 2923 1046 2972 ibid.
1083 2925 1235 2972 verba
1256 2927 1443 2991 γενεῶν
1466 2917 1526 2972 δ’.
1562 2921 1686 2972 ε’τῶι
1717 2916 1806 2986 ργ’.
1828 2917 1951 2985 μεθ’
1975 2917 2066 2980 οὓς
2094 2916 2174 2985 ιη’.

343 2991 620 3053 δυναστεία“
636 2997 921 3057 Μεμφιτῶν
944 2998 1129 3060 γενεῶν
1157 2990 1238 3044 ιδ’.
1289 2994 1534 3056 Scaligero
1569 2990 1864 3039 exciderunt
1890 3008 2000 3056 pag.
2027 2996 2077 3044 7.
2104 2992 2176 3039 li-

341 3077 436 3108 nea
469 3066 517 3114 2.
557 3061 680 3110 ibid.
711 3058 805 3113 κα’.
843 3066 1105 3114 δυναστεία
1140 3068 1387 3125 Τανιτῶν,
1425 3064 1610 3128 γενεῶν
1637 3055 1712 3118 ις’.
1749 3061 1855 3146 ipse
1873 3065 2064 3147 γενεῶν
2095 3056 2173 3119 ις’.

342 3129 469 3252 {bid
493 3126 585 3197 κβ’.
624 3133 888 3184 δυναστεία
919 3137 1164 3197 Τανιτῶν,
1201 3138 1385 3203 γενεῶν
1406 3129 1468 3201 γ’.
1506 3132 1613 3198 ipse
1634 3135 1820 3199 γενεῶν
1847 3151 1902 3182 τ.
1928 3132 2052 3183 ἐτῶν
2073 3127 2175 3198 μη’.

371 3220 511 3252 πειτα
534 3221 564 3252 κ

431 3315 434 3317 ,
485 3221 623 3357 Peg
633 3271 794 3393 52dA
799 3310 811 3321 .
845 3267 935 3324 κδ’.
971 3274 1235 3325 δυναστεία
1274 3276 1498 3335 Σαϊτῶν,
1534 3266 1800 3340 γενεῶνγῖ
1847 3270 2068 3335 Scaliger
2097 3287 2173 3338 γε·

344 3345 473 3394 νεῶν
497 3363 557 3411 κγ
572 3379 587 3392 .
620 3344 694 3390 ibi

486 3415 598 3478 Pag.
636 3413 719 3468 54.
758 3414 809 3461 C.
847 3411 1101 3479 Κενκὲνης
1137 3414 1356 3477 Scaliger
1381 3414 1751 3498 Excerptorum
1779 3429 1892 3477 pag.
1920 3410 2040 3465 355.
2079 3413 2175 3461 Κε-

343 3482 560 3552 νικένης.
600 3483 724 3534 ibid.
749 3479 1036 3552 Οῦενέφης,
1073 3485 1158 3535 ille
1186 3484 1409 3551 Ενέφης.
1436 3481 1559 3532 ibid.
1588 3477 1936 3547 Ου’σαφαῖδος,
1963 3481 2051 3529 ille
2076 3484 2175 3554 2⁰⁶7
