2222 3938
307 195 432 255 484
900 201 1487 257 -EMENDATIONES
1504 258 1508 264 ,

313 336 455 399 Quae
478 336 610 382 inter
636 334 889 383 Catanam
916 339 963 378 et
986 332 1273 396 Syracusas
1287 334 1513 395 fuerant
1535 333 1709 397 urbes,
1747 334 1933 383 Naxus
1963 344 2010 384 et
2034 337 2139 385 Me-

306 424 470 472 gara,
497 408 774 470 perierunt.

452 471 804 542 Χερῤόνησος.]
858 471 1259 522 Promontorium
1298 471 1498 521 Siciliae
1535 471 1684 522 hodie
1710 473 1959 540 Augusta·
1995 475 2135 525 aliud

306 563 502 611 quoque
530 553 603 593 est
628 544 713 592 ubi
737 543 854 592 urbs
887 543 1062 607 Mylae.
1101 544 1172 590 01·
1177 542 1338 590 telius.

447 609 766 680 Κυαξαρης.]
820 613 1092 678 Cyaxarem
1137 612 1336 660 Medum
1387 611 1631 662 Chaldaeo
1674 613 2136 664 Nabuchodonosor

305 694 625 735 coaetaneum
651 685 772 732 facit
797 684 990 731 Author
1014 683 1153 746 regni
1181 682 1440 747 utriusque
1464 683 1736 747 plimordia
1765 687 1830 734 ad
1855 702 2043 733 annum
2073 687 2135 734 ab

306 757 423 805 orbe
450 755 653 803 condito
686 754 842 807 4888.
872 762 921 801 et
950 755 1105 807 4889.
1131 762 1241 801 tum
1273 752 1388 815 hic,
1426 761 1531 801 tum
1556 771 1665 819 pag.
1689 760 1808 809 220.
1859 757 2135 804 conferens.

304 826 595 875 Auxiliariis
636 824 792 889 copiis
832 842 976 890 opem
1006 823 1100 871 sibi
1129 831 1303 871 mutuo
1340 825 1667 888 praestitisse,
1715 825 1799 874 hic
1836 827 2049 892 Cyaxari
2081 827 2138 875 in.

304 896 570 944 evertenda
606 895 810 956 Ninive3
877 896 963 942 ille
1000 894 1459 942 Nabuchodonosor
1494 895 1549 941 in
1589 895 1731 960 Syria
1771 904 1820 945 et
1859 897 2136 944 Palaestina

305 965 630 1030 subiugandis
673 965 864 1029 colligit
900 964 1128 1015 Petavius
1171 965 1233 1013 de
1271 966 1412 1015 Doct.
1460 966 1631 1032 Temp.
1679 966 1766 1015 lib.
1812 971 1897 1021 10.
1935 984 2043 1032 cap.
2075 974 2134 1022 2

303 1044 355 1084 et
389 1055 440 1085 se

444 1054 561 1170 gig.
596 1109 716 1160 213.
756 1099 1023 1170 Κύψελλος
1058 1104 1326 1171 Κορίνθου
1366 1099 1745 1171 ἐτυράννησεν]
1783 1105 1921 1154 Haec
1951 1105 2016 1155 ad
2041 1122 2134 1155 an-

301 1193 424 1227 num
460 1178 618 1234 474.5
654 1177 934 1225 referenda:
974 1183 1021 1223 et
1057 1177 1121 1222 ad
1156 1193 1265 1240 pag.
1309 1179 1426 1228 179.

447 1247 552 1298 Καὶ
598 1241 878 1312 Ἀλκμαίων
929 1242 1185 1312 ἤκμαζεν]
1245 1245 1460 1308 Scaliger
1466 1176 1868 1310 CExcerptorum
1903 1263 2014 1312 pag.
2050 1245 2135 1302 40.

300 1314 542 1384 Ἀλκμᾶν,
581 1317 764 1381 inquit,
797 1314 1031 1382 ἤκμαζεν.
1107 1316 1370 1363 Alcmaeon
1395 1316 1454 1362 ab
1481 1315 1715 1363 Alcmane
1746 1316 1929 1378 distat,
1972 1324 2022 1364 et
2054 1318 2136 1367 vir

303 1407 332 1437 3
355 1391 485 1439 viro.
540 1386 767 1435 Alterum
791 1386 1081 1435 Alcmanem
1102 1385 1253 1434 habet
1281 1384 1473 1434 Author
1496 1402 1608 1451 pag.
1637 1387 1836 1437 calcem.
1894 1387 2134 1436 Eusebius

301 1460 508 1508 Latinus
547 1458 610 1506 ad
654 1457 901 1506 Abraham
944 1474 1129 1505 annum
1166 1460 1321 1510 1360.
1380 1456 1659 1503 Alcmaeon
1694 1457 1869 1504 claras
1901 1458 2134 1510 habetur.

302 1532 367 1578 ad
405 1546 588 1578 annum
631 1531 782 1581 1407.
838 1528 1084 1587 Alcman,
1119 1536 1178 1573 at
1213 1526 1520 1591 quibusdam
1554 1525 1779 1590 videtur,
1818 1531 2134 1592 agnoscitur.

304 1601 443 1660 Quae
477 1598 651 1647 scribit
691 1599 938 1646 Pontacus
975 1599 1029 1645 in
1058 1597 1196 1644 hunc
1228 1599 1398 1645 locum
1433 1597 1680 1662 quadrant
1716 1598 1772 1645 in
1811 1599 2132 1662 Scaligerum.

304 1672 406 1720 Illa
431 1671 574 1717 lectio
602 1669 874 1732 confundit
899 1672 1002 1715 ista
1029 1667 1131 1715 duo
1150 1670 1372 1729 nomina,
1399 1670 1726 1730 cumfaerint
1751 1667 1853 1716 duo
1872 1669 2131 1732 distincta,

301 1751 348 1787 et
379 1741 592 1789 diversis
617 1740 912 1787 hominibus
939 1739 1209 1802 attributa,
1249 1756 1464 1803 quorum
1480 1741 1626 1804 prior
1648 1739 2011 1804 Philo-sophus,
2038 1759 2134 1805 po-

301 1814 482 1858 sterior
506 1813 690 1856 Poeta:
729 1810 789 1856 de
817 1827 916 1874 qao
943 1820 1030 1860 ete.

444 1874 633 1939 Bam-09
677 1877 959 1948 Κυρήνην]
996 1879 1130 1928 Haec
1163 1879 1353 1943 pariter
1380 1879 1443 1927 ad
1473 1879 1625 1944 paulo
1666 1879 1923 1947 superiora
1950 1881 2134 1930 referes

339 1968 362 1997 a
451 1955 571 2003 212.
610 1950 662 2000 C.

299 1968 333 2017 P
367 1967 412 2015 g
449 2024 550 2071 Τοῦ
582 2017 636 2069 δὲ
673 2015 901 2085 κόσμου.]
949 2019 1020 2068 De
1055 2018 1416 2067 emendatione
1429 2011 1614 2088 (111117βῖ
1644 2019 1700 2067 111
1727 2013 1901 2089 δψΒέ.
1937 2020 2133 2071 dicetur

298 2091 428 2140 infra
452 2090 780 2138 commodius.

439 2162 554 2223 Pag-
593 2160 712 2213 214.
747 2154 906 2225 Ἀμως
927 2154 1041 2219 υἷος
1063 2158 1363 2224 Μανασσῆ’
1347 2157 1428 2223 ε’τη
1456 2154 1512 2224 β’.
1516 2158 1535 2224 ]
1586 2159 1803 2223 Scaliger
1839 2160 2004 2226 pagin.
2043 2162 2129 2215 40.

299 2231 365 2279 ad
390 2230 588 2280 Eusebii
619 2229 904 2278 Chronicon
945 2228 1026 2294 ε’τη
1064 2224 1143 2295 ιβ’.
1215 2229 1317 2288 Qui
1349 2246 1502 2308 porro
1536 2225 1693 2294 ’Λμεός
1733 2232 1921 2294 Regum
1955 2231 2044 2279 lib.
2078 2234 2132 2285 4.

296 2296 456 2367 Ἆμῶν
488 2301 645 2351 Paral.
681 2306 732 2355 2.
770 2298 1024 2348 scribitur.
1098 2300 1171 2347 De
1195 2300 1432 2348 correctis
1459 2300 1543 2348 hic
1570 2301 1746 2348 mundi
1772 2302 1913 2357 annis
1936 2302 2130 2351 dicetur

299 2372 525 2421 inferius.

436 2437 623 2500 Ἰωσίας
645 2436 759 2500 υἱός
781 2434 937 2506 Ἀμαὶς
961 2439 1042 2505 ἔτη
1067 2436 1178 2505 λα’.]
1214 2440 1351 2488 Idem
1377 2457 1549 2489 rursus
1579 2440 1661 2506 ἔτη
1686 2435 1777 2507 λβ’.
1801 2441 2129 2508 Hyperbaton

294 2511 371 2560 nil
402 2519 452 2559 te
486 2518 737 2573 moretur,
788 2527 882 2559 nec
924 2528 1172 2559 annorum
1217 2512 1395 2559 mundi
1437 2512 1742 2575 emendatio,
1800 2512 1863 2561 de
1894 2530 1993 2578 qua
2026 2513 2128 2562 iam

296 2581 609 2630 tractabitur.

439 2646 650 2718 Κόσμου
675 2648 728 2702 δὲ
745 2646 1044 2719 ἕτειβωξδῖ]
1068 2651 1263 2700 Primus
1280 2651 1431 2699 Iosiae
1455 2669 1615 2700 annus
1643 2670 1952 2701 communem
1976 2670 2126 2702 mun-

296 2720 349 2768 di
383 2719 535 2774 4852.
575 2722 803 2769 comitem
825 2722 1042 2784 obtinet,
1079 2730 1136 2770 ut
1159 2723 1310 2787 paulo
1337 2723 1596 2789 superius:
1633 2724 1736 2772 eius
1757 2724 1911 2788 igitur
1944 2725 2125 2773 tertius

296 2807 448 2856 supra
479 2791 723 2839 decimum
748 2793 971 2840 ascendit
997 2793 1060 2839 ad
1089 2793 1242 2847 4864.

436 2861 548 2924 Pag
575 2867 695 2915 217.
735 2863 960 2929 Χρυσίου
979 2858 1243 2915 ‘coil-amans
1245 2860 1283 2931 .]
1311 2862 1411 2912 Alii
1433 2861 1665 2912 codices‘
1642 2883 1848 2915 εκατονε
1874 2863 1959 2912 alii
1979 2863 2124 2914 iuxta

293 2930 514 2979 litteram
536 2931 834 2993 Hebraeam‚
874 2931 946 2983 ἓᾭν

441 3004 543 3050 Του
570 2998 623 3051 δὲ
653 2996 883 3069 κόσμου
886 2995 1040 3053 δωπδ’
1045 3002 1079 3067 .]
1122 3004 1321 3052 Ezecias
1351 3020 1378 3050 a
1401 3003 1578 3051 mundi
1603 3002 1762 3050 natali
1799 3021 1930 3053 anno
1962 3005 2120 3061 4766.

294 3070 360 3119 ad
380 3087 587 3134 regnum
616 3080 914 3135 provectus,
950 3074 1084 3121 vixit
1115 3074 1293 3121 deinde
1314 3073 1454 3120 annis
1481 3078 1565 3127 29.
1597 3081 1645 3121 et
1666 3074 1770 3122 filio
1796 3075 2009 3124 Manassi
2035 3095 2121 3126 re—

131 3141 184 3184 P.
214 3142 271 3187 59
300 3158 454 3205 gnum
467 3140 674 3205 reliquit
688 3158 816 3189 anno
833 3143 986 3196 4795.
1003 3143 1097 3191 etsi
1117 3161 1226 3209 pag.
1249 3146 1370 3197 213.
1392 3144 1448 3190 D.
1477 3160 1679 3192 erronee
1699 3145 1918 3209 legamus
1940 3143 2119 3216 dw‘vss'.

289 3211 592 3261 Pioducitur
633 3227 772 3259 error
825 3213 1062 3274 ulterius,
1122 3222 1170 3261 et
1209 3214 1452 3261 Manasses
1504 3222 1620 3279 post
1659 3217 1801 3279 regni
1836 3219 1918 3271 55.
1961 3235 2117 3266 annos

291 3299 400 3348 pag.
437 3282 555 3336 214.
590 3282 644 3332 Β.
681 3280 916 3329 scribitur
946 3283 1210 3331 defunctus
1236 3283 1437 3331 ineunte
1459 3283 1614 3338 4847.
1641 3287 1726 3350 qui
1751 3288 1904 3342 4850.
1926 3305 2114 3337 annum

290 3353 586 3417 postulabat.
621 3350 771 3399 Amos
796 3351 989 3399 duobus
1016 3354 1155 3401 annis
1180 3370 1386 3418 regnum
1409 3356 1598 3417 tenuit,
1637 3374 1783 3421 quem
1806 3358 1957 3407 Iosias
1975 3358 2109 3407 filius

291 3440 420 3470 anno
448 3423 603 3476 4852.
642 3421 864 3487 excepit,
910 3422 998 3486 qui
1027 3424 1178 3488 paulo
1206 3424 1337 3472 infra
1360 3425 1510 3478 4849.
1549 3444 1756 3490 regnum
1778 3429 1955 3477 adiisse
1982 3429 2111 3491 legi-

289 3499 388 3542 tur.
461 3493 612 3541 Iosias
641 3492 737 3541 iste
773 3509 875 3541 uno
908 3500 957 3541 et
989 3494 1195 3558 triginta
1226 3497 1478 3559 regnavit,
1513 3496 1568 3546 id
1592 3505 1664 3546 est
1688 3516 1717 3546 a
1741 3499 1916 3549 mundi
1952 3499 2103 3554 4852.
