2112 3854
258 160 286 215 1
298 160 377 216 66
867 155 1173 232 GEORGII
1208 165 1558 221 SYNCELLI

298 302 407 336 Anni
432 311 457 335 a
508 286 773 360 [Assyriorum
821 298 1036 345 Aegyptio-
1092 300 1306 337 Athenien·
1390 301 1553 338 Latino·
1684 299 2020 338 Patriarcharum

255 360 391 393 muudi
412 369 515 412 con-3
585 357 728 404 Reges.
800 367 889 393 rum
906 356 1046 403 Reges.
1101 360 1205 394 sium
1229 359 1306 396 Re·
1379 370 1466 394 rum
1492 359 1568 394 Re·
1771 361 1941 394 aetates.

331 416 431 453 ‘355²‘-
1159 427 1243 463 ἔθ’·
1435 428 1522 462 gev-
1665 426 1812 464 Produ-
1893 428 2057 464 Brevior

1628 486 1728 522 otior
1740 496 1838 522 com·
1867 488 2082 532 computus.

1672 547 1802 590 putue-

1091 640 1317 680 Atheniens.

1128 696 1211 734 Rex
1235 701 1286 735 14.

1124 758 1298 794 Amnius

1111 823 1210 850 anno
1227 825 1316 851 uno.
1637 862 1640 865 Δ

328 891 465 945 4364
668 894 700 943 3
910 889 979 941 46
1227 901 1252 948 1
1445 895 1514 945 22
1700 891 1771 958 ,15
1949 892 2016 941 12

1090 997 1314 1035 Atheniens.

1119 1055 1204 1090 Rex
1228 1056 1280 1090 15.

1093 1113 1317 1149 Tuvmmns

1120 1170 1229 1205 annis
1253 1171 1288 1205 9.

328 1243 467 1295 4365
673 1245 708 1295 4
913 1242 981 1292 47
1227 1248 1253 1294 1
1448 1245 1517 1295 23
1711 1245 1776 1294 16
1951 1242 2019 1292 13

330 1314 468 1364 4366
675 1313 707 1365 5
914 1314 983 1362 48
1225 1318 1260 1366 2
1450 1315 1521 1364 24
1711 1317 1778 1365 17
1952 1312 2020 1363 14

328 1385 468 1433 4367
675 1387 708 1434 6
916 1384 985 1432 49
1226 1391 1259 1437 3
1449 1384 1519 1436 25
1711 1387 1777 1436 18
1954 1380 2020 1433 15

330 1456 469 1506 4368
676 1458 709 1506 7
918 1453 987 1504 50
1230 1458 1263 1507 4
1451 1457 1521 1506 26
1714 1456 1779 1506 19
1951 1454 2019 1504 16

825 1552 1047 1599 Aegyption

854 1609 1033 1706 {affl-2

841 1726 952 1760 annis
975 1725 1034 1759 28.

332 1805 471 1858 4369
680 1810 713 1860 8
944 1811 990 1881 41
1234 1803 1268 1856 5
1455 1808 1525 1858 27
1712 1808 1781 1857 20
1955 1806 2022 1855 17

403 1945 521 1993 Tres
541 1945 658 1993 anni
679 1945 733 1994 in
750 1946 1146 1996 Genearcharum
1156 1945 1466 2011 temporibus
1479 1945 1780 2007 deficienteS‚
1802 1960 1865 1992 ex
1888 1958 2092 2009 praeoc-

269 2022 449 2078 cupato
485 2015 725 2065 nimirum
749 2017 1022 2082 Arphaxad
1040 2018 1195 2067 natali
1220 2017 1300 2065 die
1320 2034 1466 2080 unus,
1506 2025 1555 2066 et
1578 2017 1665 2064 alii
1690 2015 1790 2063 duo
1811 2015 1868 2062 in
1890 2015 1987 2064 Iair
2007 2031 2094 2062 ae-

266 2091 366 2132 tate
391 2086 681 2151 desiderati,
732 2096 781 2136 et
814 2088 907 2136 hac
946 2088 1143 2137 ratione
1179 2089 1234 2137 in
1268 2088 1526 2137 emendato
1562 2085 1959 2135 Genearcharum
1994 2085 2094 2133 He-

262 2154 523 2205 braeorum
550 2158 760 2207 canonio
783 2160 848 2208 ad.
873 2158 1110 2208 Authoris
1132 2159 1291 2223 ipsius
1315 2165 1532 2207 mentem
1550 2157 1791 2223 repositi,
1830 2173 1943 2204 cum
1982 2172 2094 2221 spa-

265 2225 363 2287 tio,
399 2245 548 2294 quam
572 2246 664 2294 par
688 2230 778 2292 sit,
814 2230 1038 2281 breviori
1056 2230 1188 2278 inter
1213 2237 1488 2294 postremos
1509 2229 1635 2278 Iuda
1651 2230 1800 2291 Reges
1838 2233 1887 2276 et
1909 2227 2096 2291 Cyrum

263 2295 524 2346 Persarum
546 2299 831 2366 Principem
854 2300 1071 2366 primum
1093 2301 1270 2348 relicto
1289 2337 1301 2361 ,
1341 2300 1525 2349 vitium
1554 2300 1803 2348 inferant:
1857 2296 2097 2345 eiusmodi

265 2382 493 2417 excessus
519 2371 832 2419 rescindendi
854 2372 1043 2435 gratia,
1094 2379 1142 2418 et
1174 2371 1310 2437 quod
1336 2371 1503 2434 magni
1542 2370 1778 2433 aestimo,
1813 2375 1874 2416 ut
1901 2367 2096 2417 Author

263 2436 369 2502 ipse
392 2441 492 2487 suis
517 2442 572 2488 in
602 2442 806 2490 calculis
832 2442 1142 2507 septuaginta
1167 2441 1469 2506 captivitatis
1503 2457 1656 2489 annos
1683 2440 1906 2505 expletos
1939 2446 1988 2486 et
2009 2454 2095 2485 ex-

261 2525 444 2572 pansos
467 2529 729 2560 numerare
752 2521 910 2577 queat,
935 2529 998 2560 ex
1019 2512 1180 2561 dubiis
1206 2512 1446 2562 Samuelis
1474 2512 1616 2559 annis
1638 2510 1920 2573 nonnullos,
1952 2525 2095 2574 prae-

263 2586 341 2625 ter
364 2580 600 2629 Authoris
623 2583 776 2647 ipsius
802 2584 959 2631 fateor
982 2583 1320 2648 propositum,
1356 2582 1575 2630 iudicavi
1603 2580 1959 2643 detrahendos,
1996 2594 2094 2644 quo

265 2649 437 2698 saltem
472 2654 712 2716 postremi
747 2654 867 2702 Iuda
906 2656 1094 2717 Regum
1135 2653 1251 2700 anni
1284 2670 1398 2700 cum
1428 2654 1547 2717 Cyri
1598 2651 1913 2717 primordiis,
1961 2649 2095 2714 quod

266 2723 574 2787 praecipium
605 2732 680 2771 est
705 2725 903 2789 Georgii
935 2724 1226 2788 consilium,
1266 2725 1544 2773 consentire
1562 2723 1852 2796 videantur.-

310 2870 468 2909 Annia
541 2869 789 2914 Assyriorum
838 2869 1051 2915 Aegyptio·
1111 2868 1327 2903 Athenien-
1412 2866 1580 2902 Latino·
1707 2865 2042 2903 Patriarclzarum

270 2927 406 2963 mundi
421 2938 507 2961 con-
596 2927 740 2971 Reges.
817 2937 905 2965 rum
920 2927 1061 2972 Reges.
1116 2925 1218 2961 eiam
1242 2925 1319 2960 Re·
1403 2935 1491 2958 rum
1521 2924 1595 2959 Re·
1787 2927 1955 2959 aetates.

327 2985 428 3024 dicu.
674 2997 678 3001 ·
1178 2992 1262 3027 ges,
1445 2991 1528 3031 ges.
1674 2996 1824 3035 Produ,
1909 2991 2072 3030 Brevior

1645 3055 1724 3090 tior
1752 3064 1852 3088 com·
1886 3055 2094 3097 computus.

1687 3117 1816 3161 putus.

1677 3197 1833 3237 Samuel

1659 3256 1775 3291 ludex
1793 3265 1857 3289 au-

1687 3314 1745 3350 nis
1769 3312 1824 3348 20.

345 3391 483 3442 4370
690 3391 722 3440 9
964 3392 998 3439 2
1239 3392 1270 3438 6
1459 3389 1527 3439 28
1753 3385 1778 3436 1
1959 3390 2022 3438 18

345 3464 480 3514 4371
661 3462 726 3512 10
965 3463 996 3510 3
1239 3461 1272 3509 7
1410 3527 1412 3529 ,
1459 3458 1527 3509 29
1749 3460 1783 3506 2
1961 3461 2024 3508 19
