<?xml version="1.0" encoding="UTF-8"?>
<!DOCTYPE html PUBLIC "-//W3C//DTD XHTML 1.0 Transitional//EN"
    "http://www.w3.org/TR/xhtml1/DTD/xhtml1-transitional.dtd">
<html xmlns="http://www.w3.org/1999/xhtml" xml:lang="en" lang="en">
 <head>
  <title>
</title>
<meta http-equiv="Content-Type" content="text/html;charset=utf-8" />
  <meta name='ocr-system' content='tesseract 3.04.00' />
  <meta name='ocr-capabilities' content='ocr_page ocr_carea ocr_par ocr_line ocrx_word'/>
</head>
<body>
  <div class='ocr_page' id='page_1' title='image "./corpusscriptorum21niebuoft_0405.png"; bbox 0 0 2222 3938; ppageno 0'>
   <div class='ocr_carea' id='block_1_1' title="bbox 631 222 1921 294">
    <p class='ocr_par' dir='ltr' id='par_1_1' title="bbox 631 222 1921 294">
     <span class='ocr_line' id='line_1_1' title="bbox 631 222 1921 294; baseline -0.006 -1"><span class='ocrx_word' id='word_1_1' title='bbox 631 239 733 293; x_wconf 82' lang='lat' dir='ltr'><strong>ET</strong></span> <span class='ocrx_word' id='word_1_2' title='bbox 775 235 1365 294; x_wconf 86' lang='lat' dir='ltr'><strong>ANNOTATIONES.</strong></span> <span class='ocrx_word' id='word_1_3' title='bbox 1793 222 1921 286; x_wconf 82' lang='lat'><strong>395</strong></span> 
     </span>
    </p>
   </div>
   <div class='ocr_carea' id='block_1_2' title="bbox 101 365 2097 3602">
    <p class='ocr_par' dir='ltr' id='par_1_2' title="bbox 101 365 2097 3602">
     <span class='ocr_line' id='line_1_2' title="bbox 103 365 1923 444; baseline -0.007 -20"><span class='ocrx_word' id='word_1_4' title='bbox 103 378 227 444; x_wconf 79' lang='lat' dir='ltr'><strong>gius·</strong></span> <span class='ocrx_word' id='word_1_5' title='bbox 247 372 343 422; x_wconf 77' lang='lat' dir='ltr'><strong>sub</strong></span> <span class='ocrx_word' id='word_1_6' title='bbox 366 368 624 436; x_wconf 77' lang='lat' dir='ltr'><strong>Aphophi.</strong></span> <span class='ocrx_word' id='word_1_7' title='bbox 695 367 786 416; x_wconf 86' lang='lat' dir='ltr'><strong>His</strong></span> <span class='ocrx_word' id='word_1_8' title='bbox 813 369 980 417; x_wconf 85' lang='lat' dir='ltr'><strong>verbis</strong></span> <span class='ocrx_word' id='word_1_9' title='bbox 1011 369 1209 434; x_wconf 84' lang='lat' dir='ltr'><strong>Georgii</strong></span> <span class='ocrx_word' id='word_1_10' title='bbox 1245 366 1540 427; x_wconf 83' lang='lat' dir='ltr'>calumnias,</span> <span class='ocrx_word' id='word_1_11' title='bbox 1576 365 1620 414; x_wconf 82' lang='lat' dir='ltr'><strong>si</strong></span> <span class='ocrx_word' id='word_1_12' title='bbox 1655 381 1778 432; x_wconf 88' lang='lat' dir='ltr'><strong>quae</strong></span> <span class='ocrx_word' id='word_1_13' title='bbox 1805 365 1923 426; x_wconf 89' lang='lat' dir='ltr'><strong>sint,</strong></span> 
     </span>
     <span class='ocr_line' id='line_1_3' title="bbox 107 437 1929 505; baseline -0.007 -10"><span class='ocrx_word' id='word_1_14' title='bbox 107 447 404 505; x_wconf 84' lang='lat' dir='ltr'><strong>discuteret3</strong></span> <span class='ocrx_word' id='word_1_15' title='bbox 443 449 494 490; x_wconf 88' lang='lat' dir='ltr'><strong>et</strong></span> <span class='ocrx_word' id='word_1_16' title='bbox 529 439 731 488; x_wconf 90' lang='lat' dir='ltr'><strong>Eusebii</strong></span> <span class='ocrx_word' id='word_1_17' title='bbox 760 441 1050 487; x_wconf 87' lang='lat' dir='ltr'><strong>sententiam</strong></span> <span class='ocrx_word' id='word_1_18' title='bbox 1085 440 1325 488; x_wconf 85' lang='lat' dir='ltr'><strong>sincerius</strong></span> <span class='ocrx_word' id='word_1_19' title='bbox 1365 437 1639 503; x_wconf 86' lang='lat' dir='ltr'><strong>expositam</strong></span> <span class='ocrx_word' id='word_1_20' title='bbox 1675 437 1929 486; x_wconf 85' lang='lat' dir='ltr'><strong>videretur</strong></span> 
     </span>
     <span class='ocr_line' id='line_1_4' title="bbox 105 507 1930 578; baseline -0.007 -12"><span class='ocrx_word' id='word_1_21' title='bbox 105 517 163 566; x_wconf 92' lang='lat' dir='ltr'><strong>in</strong></span> <span class='ocrx_word' id='word_1_22' title='bbox 191 523 297 563; x_wconf 90' lang='lat' dir='ltr'><strong>tuto</strong></span> <span class='ocrx_word' id='word_1_23' title='bbox 338 528 592 578; x_wconf 85' lang='lat' dir='ltr'><strong>reponere.</strong></span> <span class='ocrx_word' id='word_1_24' title='bbox 662 509 801 557; x_wconf 84' lang='lat' dir='ltr'><strong>Licet</strong></span> <span class='ocrx_word' id='word_1_25' title='bbox 835 511 966 565; x_wconf 87' lang='lat' dir='ltr'><strong>enim</strong></span> <span class='ocrx_word' id='word_1_26' title='bbox 1001 510 1248 558; x_wconf 87' lang='lat' dir='ltr'><strong>Chronico</strong></span> <span class='ocrx_word' id='word_1_27' title='bbox 1288 510 1465 557; x_wconf 82' lang='lat' dir='ltr'><strong>Latino</strong></span> <span class='ocrx_word' id='word_1_28' title='bbox 1501 507 1698 557; x_wconf 90' lang='lat' dir='ltr'><strong>Eusebii</strong></span> <span class='ocrx_word' id='word_1_29' title='bbox 1739 507 1930 555; x_wconf 87' lang='lat' dir='ltr'><strong>decima</strong></span> 
     </span>
     <span class='ocr_line' id='line_1_5' title="bbox 106 576 1929 652; baseline -0.007 -16"><span class='ocrx_word' id='word_1_30' title='bbox 106 578 340 652; x_wconf 75' lang='lat' dir='ltr'><strong>septima,</strong></span> <span class='ocrx_word' id='word_1_31' title='bbox 377 599 525 647; x_wconf 89' lang='lat' dir='ltr'><strong>quam</strong></span> <span class='ocrx_word' id='word_1_32' title='bbox 556 596 845 642; x_wconf 81' lang='lat' dir='ltr'><strong>versamuS,</strong></span> <span class='ocrx_word' id='word_1_33' title='bbox 886 581 1242 646; x_wconf 85' lang='lat' dir='ltr'><strong>Aegyptiorum</strong></span> <span class='ocrx_word' id='word_1_34' title='bbox 1280 579 1517 646; x_wconf 84' lang='lat' dir='ltr'><strong>Dynastia</strong></span> <span class='ocrx_word' id='word_1_35' title='bbox 1539 595 1643 627; x_wconf 90' lang='lat' dir='ltr'><strong>non</strong></span> <span class='ocrx_word' id='word_1_36' title='bbox 1673 576 1739 626; x_wconf 91' lang='lat' dir='ltr'><strong>sit</strong></span> <span class='ocrx_word' id='word_1_37' title='bbox 1772 578 1929 624; x_wconf 89' lang='lat' dir='ltr'><strong>ascri-</strong></span> 
     </span>
     <span class='ocr_line' id='line_1_6' title="bbox 104 647 1931 724; baseline -0.005 -20"><span class='ocrx_word' id='word_1_38' title='bbox 104 665 225 724; x_wconf 85' lang='lat' dir='ltr'><strong>pta,</strong></span> <span class='ocrx_word' id='word_1_39' title='bbox 264 654 400 720; x_wconf 90' lang='lat' dir='ltr'><strong>quod</strong></span> <span class='ocrx_word' id='word_1_40' title='bbox 433 661 598 701; x_wconf 91' lang='lat' dir='ltr'><strong>tamen</strong></span> <span class='ocrx_word' id='word_1_41' title='bbox 631 650 869 698; x_wconf 86' lang='lat' dir='ltr'>decimam</span> <span class='ocrx_word' id='word_1_42' title='bbox 905 660 1129 700; x_wconf 89' lang='lat' dir='ltr'><strong>octavam</strong></span> <span class='ocrx_word' id='word_1_43' title='bbox 1161 669 1292 700; x_wconf 89' lang='lat' dir='ltr'><strong>anno</strong></span> <span class='ocrx_word' id='word_1_44' title='bbox 1332 658 1448 716; x_wconf 88' lang='lat' dir='ltr'><strong>post</strong></span> <span class='ocrx_word' id='word_1_45' title='bbox 1484 657 1657 698; x_wconf 89' lang='lat' dir='ltr'><strong>natum</strong></span> <span class='ocrx_word' id='word_1_46' title='bbox 1681 647 1931 697; x_wconf 88' lang='lat' dir='ltr'><strong>Abraham</strong></span> 
     </span>
     <span class='ocr_line' id='line_1_7' title="bbox 105 718 1933 790; baseline -0.005 -16"><span class='ocrx_word' id='word_1_47' title='bbox 105 726 228 781; x_wconf 81' lang='lat'><strong>294.</strong></span> <span class='ocrx_word' id='word_1_48' title='bbox 261 724 530 790; x_wconf 81' lang='lat' dir='ltr'><strong>incepisse,</strong></span> <span class='ocrx_word' id='word_1_49' title='bbox 566 720 744 786; x_wconf 85' lang='lat' dir='ltr'><strong>Ioseph</strong></span> <span class='ocrx_word' id='word_1_50' title='bbox 775 729 938 769; x_wconf 88' lang='lat' dir='ltr'><strong>autem</strong></span> <span class='ocrx_word' id='word_1_51' title='bbox 977 740 1105 770; x_wconf 90' lang='lat' dir='ltr'><strong>anno</strong></span> <span class='ocrx_word' id='word_1_52' title='bbox 1142 725 1261 776; x_wconf 78' lang='grc'><strong>282.</strong></span> <span class='ocrx_word' id='word_1_53' title='bbox 1295 723 1482 769; x_wconf 88' lang='lat' dir='ltr'><strong>Ducem</strong></span> <span class='ocrx_word' id='word_1_54' title='bbox 1512 719 1724 785; x_wconf 79' lang='lat' dir='ltr'><strong>Aegypti</strong></span> <span class='ocrx_word' id='word_1_55' title='bbox 1749 718 1933 766; x_wconf 87' lang='lat' dir='ltr'><strong>consti-</strong></span> 
     </span>
     <span class='ocr_line' id='line_1_8' title="bbox 105 790 1931 855; baseline -0.005 -10"><span class='ocrx_word' id='word_1_56' title='bbox 105 806 274 846; x_wconf 86' lang='lat' dir='ltr'><strong>tutum</strong></span> <span class='ocrx_word' id='word_1_57' title='bbox 305 794 506 843; x_wconf 84' lang='lat' dir='ltr'><strong>scribit:</strong></span> <span class='ocrx_word' id='word_1_58' title='bbox 557 792 674 840; x_wconf 88' lang='lat' dir='ltr'><strong>solis</strong></span> <span class='ocrx_word' id='word_1_59' title='bbox 710 792 970 839; x_wconf 89' lang='lat' dir='ltr'><strong>duodecim</strong></span> <span class='ocrx_word' id='word_1_60' title='bbox 1009 792 1151 840; x_wconf 89' lang='lat' dir='ltr'><strong>annis</strong></span> <span class='ocrx_word' id='word_1_61' title='bbox 1189 800 1302 840; x_wconf 90' lang='lat' dir='ltr'><strong>ante</strong></span> <span class='ocrx_word' id='word_1_62' title='bbox 1344 791 1564 839; x_wconf 87' lang='lat' dir='ltr'><strong>Amosim</strong></span> <span class='ocrx_word' id='word_1_63' title='bbox 1596 790 1815 855; x_wconf 89' lang='lat' dir='ltr'><strong>primum</strong></span> <span class='ocrx_word' id='word_1_64' title='bbox 1849 791 1931 842; x_wconf 88' lang='lat'><strong>18.</strong></span> 
     </span>
     <span class='ocr_line' id='line_1_9' title="bbox 106 857 1936 932; baseline -0.006 -16"><span class='ocrx_word' id='word_1_65' title='bbox 106 866 378 932; x_wconf 85' lang='lat' dir='ltr'><strong>Dynastiae</strong></span> <span class='ocrx_word' id='word_1_66' title='bbox 413 880 577 927; x_wconf 91' lang='lat' dir='ltr'><strong>regem</strong></span> <span class='ocrx_word' id='word_1_67' title='bbox 616 879 720 910; x_wconf 87' lang='lat' dir='ltr'><strong>eam</strong></span> <span class='ocrx_word' id='word_1_68' title='bbox 760 863 1050 925; x_wconf 88' lang='lat' dir='ltr'><strong>dignitatem</strong></span> <span class='ocrx_word' id='word_1_69' title='bbox 1078 862 1311 927; x_wconf 91' lang='lat' dir='ltr'><strong>adeptum</strong></span> <span class='ocrx_word' id='word_1_70' title='bbox 1344 861 1491 909; x_wconf 85' lang='lat' dir='ltr'><strong>facile</strong></span> <span class='ocrx_word' id='word_1_71' title='bbox 1526 860 1818 925; x_wconf 84' lang='lat' dir='ltr'><strong>colligimus.</strong></span> <span class='ocrx_word' id='word_1_72' title='bbox 1890 857 1936 905; x_wconf 87' lang='lat' dir='ltr'>A</span> 
     </span>
     <span class='ocr_line' id='line_1_10' title="bbox 109 931 1934 1004; baseline -0.005 -18"><span class='ocrx_word' id='word_1_73' title='bbox 109 954 213 1004; x_wconf 89' lang='lat' dir='ltr'><strong>quo</strong></span> <span class='ocrx_word' id='word_1_74' title='bbox 238 953 349 999; x_wconf 85' lang='lat' dir='ltr'><strong>rege</strong></span> <span class='ocrx_word' id='word_1_75' title='bbox 370 934 590 983; x_wconf 88' lang='lat' dir='ltr'><strong>Amosim</strong></span> <span class='ocrx_word' id='word_1_76' title='bbox 614 934 766 980; x_wconf 85' lang='lat' dir='ltr'><strong>istum</strong></span> <span class='ocrx_word' id='word_1_77' title='bbox 797 941 1093 998; x_wconf 87' lang='lat' dir='ltr'><strong>praeeunte,</strong></span> <span class='ocrx_word' id='word_1_78' title='bbox 1130 950 1252 980; x_wconf 89' lang='lat' dir='ltr'><strong>num</strong></span> <span class='ocrx_word' id='word_1_79' title='bbox 1285 931 1345 979; x_wconf 91' lang='lat' dir='ltr'><strong>ab</strong></span> <span class='ocrx_word' id='word_1_80' title='bbox 1384 931 1648 996; x_wconf 88' lang='lat' dir='ltr'><strong>Aphophi,</strong></span> <span class='ocrx_word' id='word_1_81' title='bbox 1685 931 1827 979; x_wconf 89' lang='lat' dir='ltr'><strong>cuius</strong></span> <span class='ocrx_word' id='word_1_82' title='bbox 1859 945 1934 976; x_wconf 91' lang='lat' dir='ltr'><strong>re-</strong></span> 
     </span>
     <span class='ocr_line' id='line_1_11' title="bbox 106 998 1935 1072; baseline -0.005 -17"><span class='ocrx_word' id='word_1_83' title='bbox 106 1024 258 1072; x_wconf 89' lang='lat' dir='ltr'><strong>gnum</strong></span> <span class='ocrx_word' id='word_1_84' title='bbox 284 1005 442 1066; x_wconf 81' lang='lat' dir='ltr'><strong>annis,</strong></span> <span class='ocrx_word' id='word_1_85' title='bbox 476 1013 536 1052; x_wconf 92' lang='lat' dir='ltr'><strong>ut</strong></span> <span class='ocrx_word' id='word_1_86' title='bbox 560 1004 672 1053; x_wconf 80' lang='lat' dir='ltr'><strong>vult</strong></span> <span class='ocrx_word' id='word_1_87' title='bbox 695 1004 952 1066; x_wconf 86' lang='lat' dir='ltr'><strong>Eusebius,</strong></span> <span class='ocrx_word' id='word_1_88' title='bbox 977 1004 1059 1057; x_wconf 84' lang='lat'><strong>14.</strong></span> <span class='ocrx_word' id='word_1_89' title='bbox 1080 1020 1202 1051; x_wconf 88' lang='lat' dir='ltr'><strong>num</strong></span> <span class='ocrx_word' id='word_1_90' title='bbox 1227 1002 1287 1050; x_wconf 89' lang='lat' dir='ltr'><strong>ab</strong></span> <span class='ocrx_word' id='word_1_91' title='bbox 1314 1002 1496 1051; x_wconf 86' lang='lat' dir='ltr'><strong>Archle</strong></span> <span class='ocrx_word' id='word_1_92' title='bbox 1519 1002 1661 1050; x_wconf 88' lang='lat' dir='ltr'><strong>cuius</strong></span> <span class='ocrx_word' id='word_1_93' title='bbox 1685 1004 1770 1054; x_wconf 86' lang='lat'><strong>30.</strong></span> <span class='ocrx_word' id='word_1_94' title='bbox 1791 998 1935 1047; x_wconf 89' lang='lat' dir='ltr'><strong>annis</strong></span> 
     </span>
     <span class='ocr_line' id='line_1_12' title="bbox 106 1071 1937 1144; baseline -0.005 -18"><span class='ocrx_word' id='word_1_95' title='bbox 106 1085 418 1144; x_wconf 88' lang='lat' dir='ltr'><strong>protractum</strong></span> <span class='ocrx_word' id='word_1_96' title='bbox 457 1074 582 1136; x_wconf 89' lang='lat' dir='ltr'><strong>fuit,</strong></span> <span class='ocrx_word' id='word_1_97' title='bbox 621 1073 782 1137; x_wconf 88' lang='lat' dir='ltr'><strong>regios</strong></span> <span class='ocrx_word' id='word_1_98' title='bbox 825 1074 1041 1123; x_wconf 83' lang='lat' dir='ltr'><strong>honores</strong></span> <span class='ocrx_word' id='word_1_99' title='bbox 1079 1081 1418 1139; x_wconf 86' lang='lat' dir='ltr'><strong>consequutus</strong></span> <span class='ocrx_word' id='word_1_100' title='bbox 1456 1080 1530 1120; x_wconf 88' lang='lat' dir='ltr'><strong>est</strong></span> <span class='ocrx_word' id='word_1_101' title='bbox 1564 1071 1772 1136; x_wconf 90' lang='lat' dir='ltr'><strong>Ioseph,</strong></span> <span class='ocrx_word' id='word_1_102' title='bbox 1807 1071 1937 1118; x_wconf 88' lang='lat' dir='ltr'><strong>inter</strong></span> 
     </span>
     <span class='ocr_line' id='line_1_13' title="bbox 110 1140 1938 1211; baseline -0.005 -14"><span class='ocrx_word' id='word_1_103' title='bbox 110 1148 375 1211; x_wconf 86' lang='lat' dir='ltr'><strong>Georgium</strong></span> <span class='ocrx_word' id='word_1_104' title='bbox 411 1153 460 1195; x_wconf 85' lang='lat' dir='ltr'><strong>et</strong></span> <span class='ocrx_word' id='word_1_105' title='bbox 500 1145 798 1209; x_wconf 89' lang='lat' dir='ltr'><strong>Scaligerum</strong></span> <span class='ocrx_word' id='word_1_106' title='bbox 836 1163 941 1192; x_wconf 89' lang='lat' dir='ltr'><strong>non</strong></span> <span class='ocrx_word' id='word_1_107' title='bbox 984 1152 1191 1193; x_wconf 89' lang='lat' dir='ltr'><strong>constat.</strong></span> <span class='ocrx_word' id='word_1_108' title='bbox 1261 1142 1503 1210; x_wconf 81' lang='lat' dir='ltr'><strong>Superior</strong></span> <span class='ocrx_word' id='word_1_109' title='bbox 1524 1159 1633 1207; x_wconf 89' lang='lat' dir='ltr'><strong>pag.</strong></span> <span class='ocrx_word' id='word_1_110' title='bbox 1659 1146 1742 1196; x_wconf 82' lang='lat'><strong>62.</strong></span> <span class='ocrx_word' id='word_1_111' title='bbox 1767 1141 1824 1189; x_wconf 89' lang='lat' dir='ltr'><strong>A.</strong></span> <span class='ocrx_word' id='word_1_112' title='bbox 1856 1140 1938 1187; x_wconf 91' lang='lat' dir='ltr'><strong>de-</strong></span> 
     </span>
     <span class='ocr_line' id='line_1_14' title="bbox 107 1210 1939 1280; baseline -0.006 -13"><span class='ocrx_word' id='word_1_113' title='bbox 107 1226 353 1267; x_wconf 87' lang='lat' dir='ltr'><strong>monstrat</strong></span> <span class='ocrx_word' id='word_1_114' title='bbox 377 1216 535 1265; x_wconf 89' lang='lat' dir='ltr'><strong>oculis</strong></span> <span class='ocrx_word' id='word_1_115' title='bbox 558 1215 794 1264; x_wconf 89' lang='lat' dir='ltr'><strong>Archlem</strong></span> <span class='ocrx_word' id='word_1_116' title='bbox 818 1216 997 1264; x_wconf 86' lang='lat' dir='ltr'><strong>ultimo</strong></span> <span class='ocrx_word' id='word_1_117' title='bbox 1022 1217 1136 1264; x_wconf 93' lang='lat' dir='ltr'><strong>loco</strong></span> <span class='ocrx_word' id='word_1_118' title='bbox 1165 1215 1380 1263; x_wconf 84' lang='lat' dir='ltr'><strong>decimae</strong></span> <span class='ocrx_word' id='word_1_119' title='bbox 1410 1214 1645 1280; x_wconf 87' lang='lat' dir='ltr'><strong>septimae</strong></span> <span class='ocrx_word' id='word_1_120' title='bbox 1674 1210 1939 1276; x_wconf 79' lang='lat' dir='ltr'><strong>Dynastiae</strong></span> 
     </span>
     <span class='ocr_line' id='line_1_15' title="bbox 109 1281 1941 1354; baseline -0.005 -17"><span class='ocrx_word' id='word_1_121' title='bbox 109 1289 170 1338; x_wconf 90' lang='lat' dir='ltr'><strong>ab</strong></span> <span class='ocrx_word' id='word_1_122' title='bbox 211 1288 421 1337; x_wconf 90' lang='lat' dir='ltr'><strong>Eusebio</strong></span> <span class='ocrx_word' id='word_1_123' title='bbox 459 1287 707 1352; x_wconf 85' lang='lat' dir='ltr'><strong>positum:</strong></span> <span class='ocrx_word' id='word_1_124' title='bbox 747 1286 1016 1350; x_wconf 85' lang='lat' dir='ltr'><strong>Georgius,</strong></span> <span class='ocrx_word' id='word_1_125' title='bbox 1054 1303 1158 1334; x_wconf 88' lang='lat' dir='ltr'><strong>non</strong></span> <span class='ocrx_word' id='word_1_126' title='bbox 1192 1284 1457 1354; x_wconf 75' lang='lat' dir='ltr'><strong>Archlem,</strong></span> <span class='ocrx_word' id='word_1_127' title='bbox 1509 1284 1595 1335; x_wconf 88' lang='lat' dir='ltr'><strong>sed</strong></span> <span class='ocrx_word' id='word_1_128' title='bbox 1635 1281 1941 1348; x_wconf 88' lang='lat' dir='ltr'><strong>Aphophim,</strong></span> 
     </span>
     <span class='ocr_line' id='line_1_16' title="bbox 110 1352 1939 1425; baseline -0.004 -18"><span class='ocrx_word' id='word_1_129' title='bbox 110 1368 342 1425; x_wconf 89' lang='lat' dir='ltr'><strong>quartum</strong></span> <span class='ocrx_word' id='word_1_130' title='bbox 370 1367 419 1406; x_wconf 92' lang='lat' dir='ltr'><strong>et</strong></span> <span class='ocrx_word' id='word_1_131' title='bbox 443 1358 674 1405; x_wconf 88' lang='lat' dir='ltr'><strong>ultimum</strong></span> <span class='ocrx_word' id='word_1_132' title='bbox 699 1357 758 1403; x_wconf 91' lang='lat' dir='ltr'><strong>ab</strong></span> <span class='ocrx_word' id='word_1_133' title='bbox 781 1357 992 1405; x_wconf 89' lang='lat' dir='ltr'><strong>Eusebio</strong></span> <span class='ocrx_word' id='word_1_134' title='bbox 1016 1357 1236 1422; x_wconf 88' lang='lat' dir='ltr'><strong>positum</strong></span> <span class='ocrx_word' id='word_1_135' title='bbox 1270 1355 1545 1404; x_wconf 86' lang='lat' dir='ltr'><strong>contendit.</strong></span> <span class='ocrx_word' id='word_1_136' title='bbox 1609 1354 1734 1413; x_wconf 87' lang='lat' dir='ltr'><strong>Quis</strong></span> <span class='ocrx_word' id='word_1_137' title='bbox 1755 1352 1939 1413; x_wconf 87' lang='lat' dir='ltr'><strong>verior,</strong></span> 
     </span>
     <span class='ocr_line' id='line_1_17' title="bbox 110 1427 2097 1492; baseline -0.003 -14"><span class='ocrx_word' id='word_1_138' title='bbox 110 1430 171 1478; x_wconf 91' lang='lat' dir='ltr'><strong>de</strong></span> <span class='ocrx_word' id='word_1_139' title='bbox 199 1429 402 1477; x_wconf 87' lang='lat' dir='ltr'><strong>Eusebii</strong></span> <span class='ocrx_word' id='word_1_140' title='bbox 432 1436 595 1476; x_wconf 90' lang='lat' dir='ltr'><strong>mente</strong></span> <span class='ocrx_word' id='word_1_141' title='bbox 621 1428 790 1487; x_wconf 78' lang='lat' dir='ltr'><strong>testiS,</strong></span> <span class='ocrx_word' id='word_1_142' title='bbox 830 1436 915 1475; x_wconf 90' lang='lat' dir='ltr'><strong>aut</strong></span> <span class='ocrx_word' id='word_1_143' title='bbox 941 1427 1162 1476; x_wconf 85' lang='lat' dir='ltr'><strong>decimae</strong></span> <span class='ocrx_word' id='word_1_144' title='bbox 1199 1427 1438 1492; x_wconf 85' lang='lat' dir='ltr'><strong>septimae</strong></span> <span class='ocrx_word' id='word_1_145' title='bbox 1469 1443 1618 1491; x_wconf 89' lang='lat' dir='ltr'><strong>supra</strong></span> <span class='ocrx_word' id='word_1_146' title='bbox 1644 1433 1816 1472; x_wconf 82' lang='lat' dir='ltr'><strong>extans</strong></span> <span class='ocrx_word' id='word_1_147' title='bbox 1849 1440 1935 1470; x_wconf 83' lang='lat' dir='ltr'><strong>ca-</strong></span> <span class='ocrx_word' id='word_1_148' title='bbox 1964 1429 2017 1473; x_wconf 88' lang='lat' dir='ltr'><strong>V.</strong></span> <span class='ocrx_word' id='word_1_149' title='bbox 2039 1430 2097 1475; x_wconf 73' lang='lat'><strong>23</strong></span> 
     </span>
     <span class='ocr_line' id='line_1_18' title="bbox 108 1492 1941 1563; baseline -0.004 -15"><span class='ocrx_word' id='word_1_150' title='bbox 108 1501 332 1563; x_wconf 87' lang='lat' dir='ltr'><strong>talogus,</strong></span> <span class='ocrx_word' id='word_1_151' title='bbox 370 1507 456 1546; x_wconf 91' lang='lat' dir='ltr'><strong>aut</strong></span> <span class='ocrx_word' id='word_1_152' title='bbox 494 1515 641 1563; x_wconf 88' lang='lat' dir='ltr'><strong>quem</strong></span> <span class='ocrx_word' id='word_1_153' title='bbox 671 1497 959 1545; x_wconf 84' lang='lat' dir='ltr'><strong>mendacem</strong></span> <span class='ocrx_word' id='word_1_154' title='bbox 996 1498 1140 1562; x_wconf 89' lang='lat' dir='ltr'><strong>fingit</strong></span> <span class='ocrx_word' id='word_1_155' title='bbox 1172 1498 1420 1561; x_wconf 87' lang='lat' dir='ltr'><strong>Scaliger,</strong></span> <span class='ocrx_word' id='word_1_156' title='bbox 1469 1513 1702 1563; x_wconf 85' lang='lat' dir='ltr'><strong>praesens</strong></span> <span class='ocrx_word' id='word_1_157' title='bbox 1739 1492 1941 1556; x_wconf 83' lang='lat' dir='ltr'><strong>Georgii</strong></span> 
     </span>
     <span class='ocr_line' id='line_1_19' title="bbox 111 1565 1941 1632; baseline -0.004 -13"><span class='ocrx_word' id='word_1_158' title='bbox 111 1569 315 1619; x_wconf 72' lang='lat' dir='ltr'><strong>textus?</strong></span> <span class='ocrx_word' id='word_1_159' title='bbox 354 1570 500 1628; x_wconf 89' lang='lat' dir='ltr'><strong>Sede,</strong></span> <span class='ocrx_word' id='word_1_160' title='bbox 538 1571 743 1626; x_wconf 85' lang='lat' dir='ltr'><strong>Lector,</strong></span> <span class='ocrx_word' id='word_1_161' title='bbox 785 1568 979 1616; x_wconf 89' lang='lat' dir='ltr'><strong>dissidii</strong></span> <span class='ocrx_word' id='word_1_162' title='bbox 1005 1569 1207 1632; x_wconf 88' lang='lat' dir='ltr'><strong>arbiter,</strong></span> <span class='ocrx_word' id='word_1_163' title='bbox 1251 1576 1301 1616; x_wconf 88' lang='lat' dir='ltr'><strong>et</strong></span> <span class='ocrx_word' id='word_1_164' title='bbox 1328 1567 1593 1631; x_wconf 88' lang='lat' dir='ltr'><strong>Georgium</strong></span> <span class='ocrx_word' id='word_1_165' title='bbox 1616 1567 1669 1613; x_wconf 90' lang='lat' dir='ltr'><strong>in</strong></span> <span class='ocrx_word' id='word_1_166' title='bbox 1695 1582 1747 1613; x_wconf 90' lang='lat' dir='ltr'><strong>se</strong></span> <span class='ocrx_word' id='word_1_167' title='bbox 1774 1565 1941 1631; x_wconf 89' lang='lat' dir='ltr'><strong>ipsum</strong></span> 
     </span>
     <span class='ocr_line' id='line_1_20' title="bbox 111 1635 1942 1704; baseline -0.004 -15"><span class='ocrx_word' id='word_1_168' title='bbox 111 1641 327 1689; x_wconf 87' lang='lat' dir='ltr'><strong>scribere</strong></span> <span class='ocrx_word' id='word_1_169' title='bbox 356 1656 460 1687; x_wconf 90' lang='lat' dir='ltr'><strong>non</strong></span> <span class='ocrx_word' id='word_1_170' title='bbox 483 1640 703 1704; x_wconf 88' lang='lat' dir='ltr'><strong>potuisse</strong></span> <span class='ocrx_word' id='word_1_171' title='bbox 723 1655 919 1686; x_wconf 90' lang='lat' dir='ltr'><strong>mecum</strong></span> <span class='ocrx_word' id='word_1_172' title='bbox 942 1639 1164 1689; x_wconf 89' lang='lat' dir='ltr'><strong>decerne.</strong></span> <span class='ocrx_word' id='word_1_173' title='bbox 1241 1638 1532 1703; x_wconf 87' lang='lat' dir='ltr'><strong>Scripsisset</strong></span> <span class='ocrx_word' id='word_1_174' title='bbox 1560 1645 1721 1685; x_wconf 85' lang='lat' dir='ltr'><strong>autem</strong></span> <span class='ocrx_word' id='word_1_175' title='bbox 1738 1676 1752 1699; x_wconf 92' lang='lat'><strong>,</strong></span> <span class='ocrx_word' id='word_1_176' title='bbox 1789 1636 1833 1683; x_wconf 90' lang='lat' dir='ltr'><strong>si</strong></span> <span class='ocrx_word' id='word_1_177' title='bbox 1856 1635 1942 1682; x_wconf 90' lang='lat' dir='ltr'><strong>hic</strong></span> 
     </span>
     <span class='ocr_line' id='line_1_21' title="bbox 108 1706 1943 1777; baseline -0.004 -17"><span class='ocrx_word' id='word_1_178' title='bbox 108 1710 397 1777; x_wconf 87' lang='lat' dir='ltr'><strong>Aphophim</strong></span> <span class='ocrx_word' id='word_1_179' title='bbox 449 1710 716 1771; x_wconf 83' lang='lat' dir='ltr'><strong>ultimum,</strong></span> <span class='ocrx_word' id='word_1_180' title='bbox 770 1709 1021 1773; x_wconf 88' lang='lat' dir='ltr'><strong>superius.</strong></span> <span class='ocrx_word' id='word_1_181' title='bbox 1048 1726 1111 1757; x_wconf 88' lang='lat' dir='ltr'><strong>ex</strong></span> <span class='ocrx_word' id='word_1_182' title='bbox 1161 1709 1371 1758; x_wconf 89' lang='lat' dir='ltr'><strong>Eusebio</strong></span> <span class='ocrx_word' id='word_1_183' title='bbox 1417 1716 1719 1774; x_wconf 84' lang='lat' dir='ltr'><strong>postremum</strong></span> <span class='ocrx_word' id='word_1_184' title='bbox 1757 1706 1943 1771; x_wconf 86' lang='lat' dir='ltr'><strong>pariter</strong></span> 
     </span>
     <span class='ocr_line' id='line_1_22' title="bbox 105 1776 1983 1842; baseline -0.004 -12"><span class='ocrx_word' id='word_1_185' title='bbox 105 1781 344 1831; x_wconf 78' lang='lat' dir='ltr'><strong>Archlem</strong></span> <span class='ocrx_word' id='word_1_186' title='bbox 379 1778 649 1830; x_wconf 81' lang='lat' dir='ltr'><strong>exhiberet.</strong></span> <span class='ocrx_word' id='word_1_187' title='bbox 736 1779 925 1842; x_wconf 85' lang='lat' dir='ltr'><strong>Regum</strong></span> <span class='ocrx_word' id='word_1_188' title='bbox 962 1779 1115 1842; x_wconf 87' lang='lat' dir='ltr'><strong>igitur</strong></span> <span class='ocrx_word' id='word_1_189' title='bbox 1149 1780 1274 1827; x_wconf 90' lang='lat' dir='ltr'><strong>ordo</strong></span> <span class='ocrx_word' id='word_1_190' title='bbox 1319 1779 1376 1826; x_wconf 89' lang='lat' dir='ltr'><strong>in</strong></span> <span class='ocrx_word' id='word_1_191' title='bbox 1417 1779 1669 1842; x_wconf 87' lang='lat' dir='ltr'><strong>descripta</strong></span> <span class='ocrx_word' id='word_1_192' title='bbox 1716 1776 1943 1842; x_wconf 82' lang='lat' dir='ltr'><strong>superius</strong></span> <span class='ocrx_word' id='word_1_193' title='bbox 1981 1778 1983 1782; x_wconf 84' lang='grc'><strong>’</strong></span> 
     </span>
     <span class='ocr_line' id='line_1_23' title="bbox 111 1848 1947 1915; baseline -0.004 -15"><span class='ocrx_word' id='word_1_194' title='bbox 111 1852 305 1901; x_wconf 89' lang='lat' dir='ltr'><strong>decima</strong></span> <span class='ocrx_word' id='word_1_195' title='bbox 339 1850 549 1915; x_wconf 85' lang='lat' dir='ltr'><strong>septima</strong></span> <span class='ocrx_word' id='word_1_196' title='bbox 579 1848 807 1897; x_wconf 88' lang='lat' dir='ltr'><strong>turbatus</strong></span> <span class='ocrx_word' id='word_1_197' title='bbox 843 1857 943 1910; x_wconf 89' lang='lat' dir='ltr'><strong>est,</strong></span> <span class='ocrx_word' id='word_1_198' title='bbox 978 1849 1199 1914; x_wconf 88' lang='lat' dir='ltr'><strong>inquies:</strong></span> <span class='ocrx_word' id='word_1_199' title='bbox 1238 1856 1287 1897; x_wconf 89' lang='lat' dir='ltr'><strong>et</strong></span> <span class='ocrx_word' id='word_1_200' title='bbox 1320 1848 1527 1896; x_wconf 83' lang='lat' dir='ltr'><strong>Archles</strong></span> <span class='ocrx_word' id='word_1_201' title='bbox 1551 1849 1759 1909; x_wconf 88' lang='lat' dir='ltr'><strong>tertius,</strong></span> <span class='ocrx_word' id='word_1_202' title='bbox 1797 1864 1947 1912; x_wconf 83' lang='lat' dir='ltr'><strong>quar-</strong></span> 
     </span>
     <span class='ocr_line' id='line_1_24' title="bbox 110 1919 1947 1986; baseline -0.003 -16"><span class='ocrx_word' id='word_1_203' title='bbox 110 1929 195 1970; x_wconf 81' lang='lat' dir='ltr'><strong>tus</strong></span> <span class='ocrx_word' id='word_1_204' title='bbox 218 1920 479 1986; x_wconf 86' lang='lat' dir='ltr'><strong>Aphophis</strong></span> <span class='ocrx_word' id='word_1_205' title='bbox 506 1919 685 1968; x_wconf 89' lang='lat' dir='ltr'><strong>referri</strong></span> <span class='ocrx_word' id='word_1_206' title='bbox 708 1920 943 1967; x_wconf 89' lang='lat' dir='ltr'><strong>debuerat</strong></span> <span class='ocrx_word' id='word_1_207' title='bbox 961 1920 985 1967; x_wconf 74' lang='grc' dir='ltr'><strong>’ἒ</strong></span> <span class='ocrx_word' id='word_1_208' title='bbox 1023 1921 1100 1968; x_wconf 89' lang='lat' dir='ltr'><strong>Ita</strong></span> <span class='ocrx_word' id='word_1_209' title='bbox 1121 1936 1238 1967; x_wconf 83' lang='lat' dir='ltr'><strong>sane</strong></span> <span class='ocrx_word' id='word_1_210' title='bbox 1262 1936 1454 1967; x_wconf 90' lang='lat' dir='ltr'><strong>mecum</strong></span> <span class='ocrx_word' id='word_1_211' title='bbox 1478 1919 1674 1981; x_wconf 89' lang='lat' dir='ltr'><strong>senties,</strong></span> <span class='ocrx_word' id='word_1_212' title='bbox 1715 1919 1758 1966; x_wconf 87' lang='lat' dir='ltr'><strong>si</strong></span> <span class='ocrx_word' id='word_1_213' title='bbox 1781 1933 1947 1966; x_wconf 85' lang='lat' dir='ltr'><strong>errore</strong></span> 
     </span>
     <span class='ocr_line' id='line_1_25' title="bbox 101 1989 1948 2054; baseline -0.003 -13"><span class='ocrx_word' id='word_1_214' title='bbox 101 1994 166 2041; x_wconf 61' lang='lat' dir='ltr'><strong>&lt;in</strong></span> <span class='ocrx_word' id='word_1_215' title='bbox 190 1991 402 2040; x_wconf 90' lang='lat' dir='ltr'><strong>Librarii</strong></span> <span class='ocrx_word' id='word_1_216' title='bbox 443 1990 756 2038; x_wconf 87' lang='lat' dir='ltr'><strong>oscitantiam</strong></span> <span class='ocrx_word' id='word_1_217' title='bbox 791 1990 1010 2051; x_wconf 88' lang='lat' dir='ltr'><strong>reiect0,</strong></span> <span class='ocrx_word' id='word_1_218' title='bbox 1048 1991 1245 2054; x_wconf 85' lang='lat' dir='ltr'><strong>Georgii</strong></span> <span class='ocrx_word' id='word_1_219' title='bbox 1270 1991 1451 2050; x_wconf 86' lang='lat' dir='ltr'><strong>verba,</strong></span> <span class='ocrx_word' id='word_1_220' title='bbox 1492 2006 1617 2054; x_wconf 90' lang='lat' dir='ltr'><strong>quae</strong></span> <span class='ocrx_word' id='word_1_221' title='bbox 1651 1997 1700 2037; x_wconf 89' lang='lat' dir='ltr'><strong>te</strong></span> <span class='ocrx_word' id='word_1_222' title='bbox 1734 1989 1790 2037; x_wconf 92' lang='lat' dir='ltr'><strong>in</strong></span> <span class='ocrx_word' id='word_1_223' title='bbox 1828 2004 1948 2036; x_wconf 87' lang='lat' dir='ltr'><strong>sen-</strong></span> 
     </span>
     <span class='ocr_line' id='line_1_26' title="bbox 110 2059 1946 2124; baseline -0.004 -13"><span class='ocrx_word' id='word_1_224' title='bbox 110 2063 272 2111; x_wconf 88' lang='lat' dir='ltr'><strong>tentia</strong></span> <span class='ocrx_word' id='word_1_225' title='bbox 306 2061 532 2123; x_wconf 87' lang='lat' dir='ltr'><strong>firment,</strong></span> <span class='ocrx_word' id='word_1_226' title='bbox 571 2060 859 2110; x_wconf 83' lang='lat' dir='ltr'><strong>adverteriS.</strong></span> <span class='ocrx_word' id='word_1_227' title='bbox 931 2061 1203 2122; x_wconf 88' lang='lat' dir='ltr'><strong>Eusebius,</strong></span> <span class='ocrx_word' id='word_1_228' title='bbox 1241 2061 1497 2123; x_wconf 88' lang='lat' dir='ltr'><strong>subiungit</strong></span> <span class='ocrx_word' id='word_1_229' title='bbox 1534 2060 1621 2108; x_wconf 86' lang='lat' dir='ltr'><strong>ille</strong></span> <span class='ocrx_word' id='word_1_230' title='bbox 1651 2060 1828 2124; x_wconf 89' lang='lat' dir='ltr'><strong>pagina</strong></span> <span class='ocrx_word' id='word_1_231' title='bbox 1863 2059 1946 2105; x_wconf 87' lang='lat' dir='ltr'><strong>lo·-</strong></span> 
     </span>
     <span class='ocr_line' id='line_1_27' title="bbox 114 2130 1946 2198; baseline -0.004 -16"><span class='ocrx_word' id='word_1_232' title='bbox 114 2149 272 2198; x_wconf 89' lang='lat' dir='ltr'><strong>coque</strong></span> <span class='ocrx_word' id='word_1_233' title='bbox 302 2132 567 2198; x_wconf 75' lang='lat' dir='ltr'><strong>praefati8‚</strong></span> <span class='ocrx_word' id='word_1_234' title='bbox 602 2131 857 2196; x_wconf 87' lang='lat' dir='ltr'><strong>privatum</strong></span> <span class='ocrx_word' id='word_1_235' title='bbox 882 2131 1033 2179; x_wconf 90' lang='lat' dir='ltr'><strong>finem</strong></span> <span class='ocrx_word' id='word_1_236' title='bbox 1063 2138 1279 2180; x_wconf 88' lang='lat' dir='ltr'><strong>sectatus</strong></span> <span class='ocrx_word' id='word_1_237' title='bbox 1308 2132 1523 2179; x_wconf 91' lang='lat' dir='ltr'><strong>decimae</strong></span> <span class='ocrx_word' id='word_1_238' title='bbox 1550 2131 1751 2195; x_wconf 85' lang='lat' dir='ltr'><strong>quintae</strong></span> <span class='ocrx_word' id='word_1_239' title='bbox 1770 2130 1946 2193; x_wconf 88' lang='lat' dir='ltr'><strong>Dyna-</strong></span> 
     </span>
     <span class='ocr_line' id='line_1_28' title="bbox 115 2201 1949 2266; baseline -0.003 -15"><span class='ocrx_word' id='word_1_240' title='bbox 115 2204 238 2252; x_wconf 85' lang='lat' dir='ltr'><strong>stiae</strong></span> <span class='ocrx_word' id='word_1_241' title='bbox 261 2219 398 2265; x_wconf 85' lang='lat' dir='ltr'><strong>reges</strong></span> <span class='ocrx_word' id='word_1_242' title='bbox 431 2203 485 2249; x_wconf 88' lang='lat' dir='ltr'><strong>in</strong></span> <span class='ocrx_word' id='word_1_243' title='bbox 519 2202 762 2248; x_wconf 87' lang='lat' dir='ltr'><strong>decimam</strong></span> <span class='ocrx_word' id='word_1_244' title='bbox 793 2202 1051 2266; x_wconf 86' lang='lat' dir='ltr'><strong>septimam</strong></span> <span class='ocrx_word' id='word_1_245' title='bbox 1085 2202 1369 2264; x_wconf 82' lang='lat' dir='ltr'><strong>transtulit3</strong></span> <span class='ocrx_word' id='word_1_246' title='bbox 1409 2209 1460 2248; x_wconf 87' lang='lat' dir='ltr'><strong>et</strong></span> <span class='ocrx_word' id='word_1_247' title='bbox 1492 2201 1741 2248; x_wconf 89' lang='lat' dir='ltr'><strong>senarium</strong></span> <span class='ocrx_word' id='word_1_248' title='bbox 1777 2216 1949 2247; x_wconf 90' lang='lat' dir='ltr'><strong>eorum</strong></span> 
     </span>
     <span class='ocr_line' id='line_1_29' title="bbox 114 2268 1949 2334; baseline -0.004 -11"><span class='ocrx_word' id='word_1_249' title='bbox 114 2289 382 2324; x_wconf 86' lang='lat' dir='ltr'><strong>numerum</strong></span> <span class='ocrx_word' id='word_1_250' title='bbox 421 2272 615 2319; x_wconf 89' lang='lat' dir='ltr'><strong>duobus</strong></span> <span class='ocrx_word' id='word_1_251' title='bbox 653 2272 894 2319; x_wconf 91' lang='lat' dir='ltr'><strong>minorem</strong></span> <span class='ocrx_word' id='word_1_252' title='bbox 927 2272 1061 2321; x_wconf 83' lang='lat' dir='ltr'><strong>fecit.</strong></span> <span class='ocrx_word' id='word_1_253' title='bbox 1135 2272 1287 2319; x_wconf 90' lang='lat' dir='ltr'><strong>Cuius</strong></span> <span class='ocrx_word' id='word_1_254' title='bbox 1331 2279 1493 2319; x_wconf 86' lang='lat' dir='ltr'><strong>autem</strong></span> <span class='ocrx_word' id='word_1_255' title='bbox 1540 2271 1698 2334; x_wconf 89' lang='lat' dir='ltr'><strong>gratia</strong></span> <span class='ocrx_word' id='word_1_256' title='bbox 1732 2268 1949 2317; x_wconf 83' lang='lat' dir='ltr'><strong>mutilati</strong></span> 
     </span>
     <span class='ocr_line' id='line_1_30' title="bbox 114 2337 1949 2405; baseline -0.004 -13"><span class='ocrx_word' id='word_1_257' title='bbox 114 2344 254 2393; x_wconf 89' lang='lat' dir='ltr'><strong>illius</strong></span> <span class='ocrx_word' id='word_1_258' title='bbox 285 2341 498 2405; x_wconf 88' lang='lat' dir='ltr'><strong>catalogi</strong></span> <span class='ocrx_word' id='word_1_259' title='bbox 529 2358 581 2388; x_wconf 87' lang='lat' dir='ltr'><strong>se</strong></span> <span class='ocrx_word' id='word_1_260' title='bbox 617 2342 870 2405; x_wconf 87' lang='lat' dir='ltr'><strong>praestitit</strong></span> <span class='ocrx_word' id='word_1_261' title='bbox 909 2341 1212 2402; x_wconf 84' lang='lat' dir='ltr'><strong>Authorem,</strong></span> <span class='ocrx_word' id='word_1_262' title='bbox 1249 2341 1347 2388; x_wconf 90' lang='lat' dir='ltr'><strong>nisi</strong></span> <span class='ocrx_word' id='word_1_263' title='bbox 1383 2349 1441 2389; x_wconf 92' lang='lat' dir='ltr'><strong>ut</strong></span> <span class='ocrx_word' id='word_1_264' title='bbox 1477 2340 1753 2388; x_wconf 89' lang='lat' dir='ltr'><strong>communis</strong></span> <span class='ocrx_word' id='word_1_265' title='bbox 1784 2337 1949 2386; x_wconf 82' lang='lat' dir='ltr'><strong>Chro-</strong></span> 
     </span>
     <span class='ocr_line' id='line_1_31' title="bbox 115 2410 1948 2476; baseline -0.003 -14"><span class='ocrx_word' id='word_1_266' title='bbox 115 2414 419 2476; x_wconf 83' lang='lat' dir='ltr'><strong>nologorum</strong></span> <span class='ocrx_word' id='word_1_267' title='bbox 456 2428 627 2459; x_wconf 86' lang='lat' dir='ltr'><strong>sensus</strong></span> <span class='ocrx_word' id='word_1_268' title='bbox 666 2410 798 2458; x_wconf 87' lang='lat' dir='ltr'><strong>fierit</strong></span> <span class='ocrx_word' id='word_1_269' title='bbox 836 2411 943 2476; x_wconf 88' lang='lat' dir='ltr'><strong>ipse</strong></span> <span class='ocrx_word' id='word_1_270' title='bbox 990 2411 1266 2476; x_wconf 87' lang='lat' dir='ltr'><strong>particeps,</strong></span> <span class='ocrx_word' id='word_1_271' title='bbox 1315 2418 1363 2459; x_wconf 91' lang='lat' dir='ltr'><strong>et</strong></span> <span class='ocrx_word' id='word_1_272' title='bbox 1395 2411 1658 2476; x_wconf 88' lang='lat' dir='ltr'><strong>Iosephum</strong></span> <span class='ocrx_word' id='word_1_273' title='bbox 1690 2428 1718 2458; x_wconf 88' lang='lat' dir='ltr'><strong>a</strong></span> <span class='ocrx_word' id='word_1_274' title='bbox 1757 2411 1948 2474; x_wconf 89' lang='lat' dir='ltr'><strong>reliquo</strong></span> 
     </span>
     <span class='ocr_line' id='line_1_32' title="bbox 119 2480 1951 2546; baseline -0.004 -14"><span class='ocrx_word' id='word_1_275' title='bbox 119 2492 268 2533; x_wconf 89' lang='lat' dir='ltr'><strong>coetu</strong></span> <span class='ocrx_word' id='word_1_276' title='bbox 299 2483 387 2531; x_wconf 89' lang='lat' dir='ltr'><strong>sub</strong></span> <span class='ocrx_word' id='word_1_277' title='bbox 420 2480 654 2546; x_wconf 83' lang='lat' dir='ltr'><strong>Aphophi</strong></span> <span class='ocrx_word' id='word_1_278' title='bbox 679 2481 864 2544; x_wconf 87' lang='lat' dir='ltr'><strong>regiam</strong></span> <span class='ocrx_word' id='word_1_279' title='bbox 891 2482 1179 2545; x_wconf 88' lang='lat' dir='ltr'><strong>dignitatem</strong></span> <span class='ocrx_word' id='word_1_280' title='bbox 1211 2489 1527 2545; x_wconf 83' lang='lat' dir='ltr'><strong>assequutum</strong></span> <span class='ocrx_word' id='word_1_281' title='bbox 1555 2482 1704 2544; x_wconf 86' lang='lat' dir='ltr'><strong>vulgo</strong></span> <span class='ocrx_word' id='word_1_282' title='bbox 1728 2480 1951 2544; x_wconf 83' lang='lat' dir='ltr'><strong>assigna-</strong></span> 
     </span>
     <span class='ocr_line' id='line_1_33' title="bbox 117 2551 1950 2618; baseline -0.003 -16"><span class='ocrx_word' id='word_1_283' title='bbox 117 2563 254 2616; x_wconf 89' lang='lat' dir='ltr'><strong>tum,</strong></span> <span class='ocrx_word' id='word_1_284' title='bbox 292 2554 400 2618; x_wconf 87' lang='lat' dir='ltr'><strong>ipse</strong></span> <span class='ocrx_word' id='word_1_285' title='bbox 437 2553 616 2600; x_wconf 85' lang='lat' dir='ltr'><strong>mentis</strong></span> <span class='ocrx_word' id='word_1_286' title='bbox 656 2552 873 2599; x_wconf 87' lang='lat' dir='ltr'><strong>eiusdem</strong></span> <span class='ocrx_word' id='word_1_287' title='bbox 906 2569 1117 2600; x_wconf 85' lang='lat' dir='ltr'><strong>concors</strong></span> <span class='ocrx_word' id='word_1_288' title='bbox 1148 2551 1408 2617; x_wconf 86' lang='lat' dir='ltr'><strong>Aphophis</strong></span> <span class='ocrx_word' id='word_1_289' title='bbox 1441 2552 1748 2617; x_wconf 87' lang='lat' dir='ltr'><strong>temporibus</strong></span> <span class='ocrx_word' id='word_1_290' title='bbox 1772 2551 1950 2599; x_wconf 89' lang='lat' dir='ltr'><strong>redde-</strong></span> 
     </span>
     <span class='ocr_line' id='line_1_34' title="bbox 117 2619 1952 2689; baseline -0.002 -15"><span class='ocrx_word' id='word_1_291' title='bbox 117 2625 235 2675; x_wconf 80' lang='lat' dir='ltr'><strong>ret&#39;?</strong></span> <span class='ocrx_word' id='word_1_292' title='bbox 273 2623 570 2672; x_wconf 86' lang='lat' dir='ltr'><strong>Pensitanda</strong></span> <span class='ocrx_word' id='word_1_293' title='bbox 591 2622 647 2669; x_wconf 90' lang='lat' dir='ltr'><strong>in</strong></span> <span class='ocrx_word' id='word_1_294' title='bbox 671 2621 770 2669; x_wconf 89' lang='lat' dir='ltr'><strong>hoc</strong></span> <span class='ocrx_word' id='word_1_295' title='bbox 793 2623 1106 2687; x_wconf 86' lang='lat' dir='ltr'><strong>propositum</strong></span> <span class='ocrx_word' id='word_1_296' title='bbox 1124 2622 1364 2670; x_wconf 82' lang='lat' dir='ltr'><strong>Authoris</strong></span> <span class='ocrx_word' id='word_1_297' title='bbox 1389 2623 1566 2670; x_wconf 87' lang='lat' dir='ltr'><strong>verba:</strong></span> <span class='ocrx_word' id='word_1_298' title='bbox 1605 2622 1686 2673; x_wconf 76' lang='grc' dir='ltr'><strong>ἐπὶ</strong></span> <span class='ocrx_word' id='word_1_299' title='bbox 1709 2619 1803 2689; x_wconf 77' lang='grc' dir='ltr'><strong>γοῖρ</strong></span> <span class='ocrx_word' id='word_1_300' title='bbox 1827 2624 1952 2672; x_wconf 76' lang='grc' dir='ltr'><strong><em>πᾶσι</em></strong></span> 
     </span>
     <span class='ocr_line' id='line_1_35' title="bbox 123 2686 1949 2760; baseline -0.003 -14"><span class='ocrx_word' id='word_1_301' title='bbox 123 2689 550 2760; x_wconf 73' lang='grc' dir='ltr'><strong><em>συμπεφώνηται,</em></strong></span> <span class='ocrx_word' id='word_1_302' title='bbox 589 2689 665 2743; x_wconf 75' lang='grc' dir='ltr'><strong>ὅτι</strong></span> <span class='ocrx_word' id='word_1_303' title='bbox 698 2691 782 2742; x_wconf 80' lang='grc' dir='ltr'><strong>ἐπὶ</strong></span> <span class='ocrx_word' id='word_1_304' title='bbox 817 2687 1094 2756; x_wconf 78' lang='grc' dir='ltr'><strong><em>Ἀφώφεως</em></strong></span> <span class='ocrx_word' id='word_1_305' title='bbox 1139 2686 1291 2758; x_wconf 75' lang='grc' dir='ltr'><em>ἧρξεν</em></span> <span class='ocrx_word' id='word_1_306' title='bbox 1326 2689 1505 2757; x_wconf 81' lang='grc' dir='ltr'><strong><em>Ἰωσὴφ</em></strong></span> <span class='ocrx_word' id='word_1_307' title='bbox 1541 2697 1630 2757; x_wconf 81' lang='grc' dir='ltr'><strong>τῆς</strong></span> <span class='ocrx_word' id='word_1_308' title='bbox 1671 2688 1949 2759; x_wconf 79' lang='grc' dir='ltr'><strong><em>Αἰγύπτου.</em></strong></span> 
     </span>
     <span class='ocr_line' id='line_1_36' title="bbox 135 2761 1952 2828; baseline -0.003 -15"><span class='ocrx_word' id='word_1_309' title='bbox 135 2767 248 2814; x_wconf 85' lang='lat' dir='ltr'><strong>Una</strong></span> <span class='ocrx_word' id='word_1_310' title='bbox 283 2767 452 2812; x_wconf 76' lang='lat' dir='ltr'><strong>cuncti</strong></span> <span class='ocrx_word' id='word_1_311' title='bbox 495 2780 610 2812; x_wconf 74' lang='lat' dir='ltr'><strong>voce</strong></span> <span class='ocrx_word' id='word_1_312' title='bbox 644 2761 910 2826; x_wconf 75' lang='lat' dir='ltr'><strong>Ioseplzum</strong></span> <span class='ocrx_word' id='word_1_313' title='bbox 943 2764 1034 2810; x_wconf 76' lang='lat' dir='ltr'><strong>sub</strong></span> <span class='ocrx_word' id='word_1_314' title='bbox 1077 2763 1323 2828; x_wconf 73' lang='lat' dir='ltr'><strong>Aphoplzi</strong></span> <span class='ocrx_word' id='word_1_315' title='bbox 1367 2762 1596 2828; x_wconf 78' lang='lat' dir='ltr'><strong>Aegypto</strong></span> <span class='ocrx_word' id='word_1_316' title='bbox 1641 2765 1952 2828; x_wconf 76' lang='lat' dir='ltr'><strong>imperitasse</strong></span> 
     </span>
     <span class='ocr_line' id='line_1_37' title="bbox 113 2831 1951 2902; baseline -0.003 -19"><span class='ocrx_word' id='word_1_317' title='bbox 113 2834 450 2902; x_wconf 69' lang='lat' dir='ltr'><strong>praedicant.-</strong></span> <span class='ocrx_word' id='word_1_318' title='bbox 485 2835 546 2882; x_wconf 90' lang='lat' dir='ltr'><strong>In</strong></span> <span class='ocrx_word' id='word_1_319' title='bbox 574 2841 853 2882; x_wconf 90' lang='lat' dir='ltr'><strong>currentem</strong></span> <span class='ocrx_word' id='word_1_320' title='bbox 892 2851 1071 2898; x_wconf 87' lang='lat' dir='ltr'><strong>aquam</strong></span> <span class='ocrx_word' id='word_1_321' title='bbox 1113 2835 1248 2882; x_wconf 88' lang='lat' dir='ltr'><strong>solus</strong></span> <span class='ocrx_word' id='word_1_322' title='bbox 1283 2835 1648 2882; x_wconf 86' lang='lat' dir='ltr'><strong>contranitetur</strong></span> <span class='ocrx_word' id='word_1_323' title='bbox 1680 2831 1951 2881; x_wconf 65' lang='lat' dir='ltr'><strong>Eusebius?</strong></span> 
     </span>
     <span class='ocr_line' id='line_1_38' title="bbox 125 2904 1955 2970; baseline -0.002 -16"><span class='ocrx_word' id='word_1_324' title='bbox 125 2906 447 2967; x_wconf 80' lang='lat' dir='ltr'><strong>Quinimmo,</strong></span> <span class='ocrx_word' id='word_1_325' title='bbox 482 2904 710 2970; x_wconf 88' lang='lat' dir='ltr'><strong>pluribus</strong></span> <span class='ocrx_word' id='word_1_326' title='bbox 737 2904 846 2951; x_wconf 87' lang='lat' dir='ltr'><strong>istis</strong></span> <span class='ocrx_word' id='word_1_327' title='bbox 872 2921 1201 2952; x_wconf 83' lang='lat' dir='ltr'><strong>consensurus</strong></span> <span class='ocrx_word' id='word_1_328' title='bbox 1236 2904 1296 2951; x_wconf 91' lang='lat' dir='ltr'><strong>ab</strong></span> <span class='ocrx_word' id='word_1_329' title='bbox 1323 2904 1560 2952; x_wconf 83' lang='lat' dir='ltr'><strong>Africano</strong></span> <span class='ocrx_word' id='word_1_330' title='bbox 1589 2904 1824 2965; x_wconf 84' lang='lat' dir='ltr'><strong>discedit,</strong></span> <span class='ocrx_word' id='word_1_331' title='bbox 1864 2904 1955 2950; x_wconf 90' lang='lat' dir='ltr'><strong>de-</strong></span> 
     </span>
     <span class='ocr_line' id='line_1_39' title="bbox 126 2973 1952 3041; baseline -0.003 -16"><span class='ocrx_word' id='word_1_332' title='bbox 126 2979 303 3026; x_wconf 83' lang='lat' dir='ltr'><strong>cimam</strong></span> <span class='ocrx_word' id='word_1_333' title='bbox 333 2976 557 3041; x_wconf 83' lang='lat' dir='ltr'><strong>quintam</strong></span> <span class='ocrx_word' id='word_1_334' title='bbox 588 2974 690 3022; x_wconf 87' lang='lat' dir='ltr'><strong>eius</strong></span> <span class='ocrx_word' id='word_1_335' title='bbox 725 2975 1012 3039; x_wconf 85' lang='lat' dir='ltr'><strong>Dynastiam</strong></span> <span class='ocrx_word' id='word_1_336' title='bbox 1037 2975 1131 3023; x_wconf 81' lang='lat' dir='ltr'><strong>sibi</strong></span> <span class='ocrx_word' id='word_1_337' title='bbox 1157 2976 1415 3039; x_wconf 89' lang='lat' dir='ltr'><strong>septimam</strong></span> <span class='ocrx_word' id='word_1_338' title='bbox 1439 2992 1498 3022; x_wconf 87' lang='lat' dir='ltr'><strong>ac</strong></span> <span class='ocrx_word' id='word_1_339' title='bbox 1522 2975 1762 3022; x_wconf 87' lang='lat' dir='ltr'><strong>decimam</strong></span> <span class='ocrx_word' id='word_1_340' title='bbox 1791 2973 1952 3036; x_wconf 87' lang='lat' dir='ltr'><strong>erigit,</strong></span> 
     </span>
     <span class='ocr_line' id='line_1_40' title="bbox 127 3044 1953 3110; baseline -0.003 -15"><span class='ocrx_word' id='word_1_341' title='bbox 127 3064 215 3096; x_wconf 86' lang='lat' dir='ltr'><strong>sex</strong></span> <span class='ocrx_word' id='word_1_342' title='bbox 236 3063 404 3110; x_wconf 89' lang='lat' dir='ltr'><strong>regum</strong></span> <span class='ocrx_word' id='word_1_343' title='bbox 432 3046 495 3094; x_wconf 85' lang='lat' dir='ltr'><strong>ad</strong></span> <span class='ocrx_word' id='word_1_344' title='bbox 519 3053 736 3110; x_wconf 88' lang='lat' dir='ltr'><strong>quatuor</strong></span> <span class='ocrx_word' id='word_1_345' title='bbox 762 3062 1026 3093; x_wconf 90' lang='lat' dir='ltr'><strong>numerum</strong></span> <span class='ocrx_word' id='word_1_346' title='bbox 1055 3046 1260 3108; x_wconf 87' lang='lat' dir='ltr'><strong>redigit;</strong></span> <span class='ocrx_word' id='word_1_347' title='bbox 1300 3044 1600 3110; x_wconf 84' lang='lat' dir='ltr'><strong>Aphopheos</strong></span> <span class='ocrx_word' id='word_1_348' title='bbox 1625 3058 1781 3093; x_wconf 83' lang='lat' dir='ltr'><strong>annos</strong></span> <span class='ocrx_word' id='word_1_349' title='bbox 1803 3052 1953 3092; x_wconf 86' lang='lat' dir='ltr'><strong>trun-</strong></span> 
     </span>
     <span class='ocr_line' id='line_1_41' title="bbox 130 3113 1954 3181; baseline -0.003 -16"><span class='ocrx_word' id='word_1_350' title='bbox 130 3125 234 3178; x_wconf 81' lang='lat' dir='ltr'><strong>cat3</strong></span> <span class='ocrx_word' id='word_1_351' title='bbox 273 3133 418 3180; x_wconf 85' lang='lat' dir='ltr'><strong>quem</strong></span> <span class='ocrx_word' id='word_1_352' title='bbox 455 3124 621 3164; x_wconf 88' lang='lat' dir='ltr'><strong>tamen</strong></span> <span class='ocrx_word' id='word_1_353' title='bbox 658 3115 826 3181; x_wconf 87' lang='lat' dir='ltr'><strong>putari</strong></span> <span class='ocrx_word' id='word_1_354' title='bbox 860 3117 1047 3181; x_wconf 89' lang='lat' dir='ltr'><strong>reperit</strong></span> <span class='ocrx_word' id='word_1_355' title='bbox 1084 3117 1318 3163; x_wconf 91' lang='lat' dir='ltr'><strong>ultimum</strong></span> <span class='ocrx_word' id='word_1_356' title='bbox 1358 3116 1412 3162; x_wconf 89' lang='lat' dir='ltr'><strong>in</strong></span> <span class='ocrx_word' id='word_1_357' title='bbox 1448 3115 1673 3164; x_wconf 87' lang='lat' dir='ltr'><strong>Africani</strong></span> <span class='ocrx_word' id='word_1_358' title='bbox 1718 3113 1954 3180; x_wconf 85' lang='lat' dir='ltr'><strong>Dynastia</strong></span> 
     </span>
     <span class='ocr_line' id='line_1_42' title="bbox 130 3186 1955 3252; baseline -0.008 -10"><span class='ocrx_word' id='word_1_359' title='bbox 130 3188 215 3242; x_wconf 82' lang='lat'><strong>15.</strong></span> <span class='ocrx_word' id='word_1_360' title='bbox 254 3203 366 3252; x_wconf 88' lang='lat' dir='ltr'><strong>pag.</strong></span> <span class='ocrx_word' id='word_1_361' title='bbox 394 3190 477 3239; x_wconf 88' lang='grc'><strong>61.</strong></span> <span class='ocrx_word' id='word_1_362' title='bbox 505 3187 558 3237; x_wconf 88' lang='lat' dir='ltr'><strong>B.</strong></span> <span class='ocrx_word' id='word_1_363' title='bbox 592 3186 699 3251; x_wconf 85' lang='lat' dir='ltr'><strong>ipse</strong></span> <span class='ocrx_word' id='word_1_364' title='bbox 729 3202 926 3250; x_wconf 90' lang='lat' dir='ltr'><strong>quoque</strong></span> <span class='ocrx_word' id='word_1_365' title='bbox 953 3186 1125 3234; x_wconf 88' lang='lat' dir='ltr'><strong>debuit</strong></span> <span class='ocrx_word' id='word_1_366' title='bbox 1153 3186 1381 3234; x_wconf 85' lang='lat' dir='ltr'><strong>ultimum</strong></span> <span class='ocrx_word' id='word_1_367' title='bbox 1406 3187 1523 3234; x_wconf 89' lang='lat' dir='ltr'><strong>licet</strong></span> <span class='ocrx_word' id='word_1_368' title='bbox 1556 3193 1733 3249; x_wconf 89' lang='lat' dir='ltr'><strong>quarto</strong></span> <span class='ocrx_word' id='word_1_369' title='bbox 1759 3192 1955 3232; x_wconf 83' lang='lat' dir='ltr'><strong>tantum</strong></span> 
     </span>
     <span class='ocr_line' id='line_1_43' title="bbox 119 3254 1955 3323; baseline -0.004 -17"><span class='ocrx_word' id='word_1_370' title='bbox 119 3259 240 3306; x_wconf 89' lang='lat' dir='ltr'><strong>loco</strong></span> <span class='ocrx_word' id='word_1_371' title='bbox 277 3263 538 3320; x_wconf 85' lang='lat' dir='ltr'><strong>reputare,</strong></span> <span class='ocrx_word' id='word_1_372' title='bbox 577 3265 626 3304; x_wconf 90' lang='lat' dir='ltr'><strong>et</strong></span> <span class='ocrx_word' id='word_1_373' title='bbox 658 3256 746 3304; x_wconf 86' lang='lat' dir='ltr'><strong>sub</strong></span> <span class='ocrx_word' id='word_1_374' title='bbox 787 3256 889 3303; x_wconf 88' lang='lat' dir='ltr'><strong>eius</strong></span> <span class='ocrx_word' id='word_1_375' title='bbox 931 3257 1168 3323; x_wconf 89' lang='lat' dir='ltr'><strong>imperio,</strong></span> <span class='ocrx_word' id='word_1_376' title='bbox 1211 3274 1274 3304; x_wconf 91' lang='lat' dir='ltr'><strong>ne</strong></span> <span class='ocrx_word' id='word_1_377' title='bbox 1308 3257 1512 3305; x_wconf 85' lang='lat' dir='ltr'><strong>caeteris</strong></span> <span class='ocrx_word' id='word_1_378' title='bbox 1541 3254 1865 3316; x_wconf 88' lang='lat' dir='ltr'><strong>Chronologis</strong></span> <span class='ocrx_word' id='word_1_379' title='bbox 1904 3268 1955 3299; x_wconf 88' lang='lat' dir='ltr'><strong>se</strong></span> 
     </span>
     <span class='ocr_line' id='line_1_44' title="bbox 130 3321 1956 3393; baseline -0.003 -17"><span class='ocrx_word' id='word_1_380' title='bbox 130 3334 382 3393; x_wconf 87' lang='lat' dir='ltr'><strong>opponat,</strong></span> <span class='ocrx_word' id='word_1_381' title='bbox 414 3326 613 3390; x_wconf 89' lang='lat' dir='ltr'><strong>Iosephi</strong></span> <span class='ocrx_word' id='word_1_382' title='bbox 647 3326 985 3391; x_wconf 86' lang='lat' dir='ltr'><strong>principatum</strong></span> <span class='ocrx_word' id='word_1_383' title='bbox 1024 3344 1306 3375; x_wconf 86' lang='lat' dir='ltr'><strong>recensere:</strong></span> <span class='ocrx_word' id='word_1_384' title='bbox 1345 3325 1413 3391; x_wconf 72' lang='grc' dir='ltr'><strong>μή</strong></span> <span class='ocrx_word' id='word_1_385' title='bbox 1449 3326 1571 3392; x_wconf 74' lang='grc' dir='ltr'><strong>ἔχων</strong></span> <span class='ocrx_word' id='word_1_386' title='bbox 1608 3326 1843 3377; x_wconf 80' lang='grc' dir='ltr'><strong><em>ὁπωσοῦν</em></strong></span> <span class='ocrx_word' id='word_1_387' title='bbox 1874 3321 1956 3372; x_wconf 78' lang='grc' dir='ltr'><strong>ἐπὶ</strong></span> 
     </span>
     <span class='ocr_line' id='line_1_45' title="bbox 131 3387 1952 3463; baseline -0.004 -15"><span class='ocrx_word' id='word_1_388' title='bbox 131 3396 285 3448; x_wconf 65' lang='grc' dir='ltr'><strong><em>ἄλλου</em></strong></span> <span class='ocrx_word' id='word_1_389' title='bbox 310 3392 440 3457; x_wconf 77' lang='grc' dir='ltr'><strong><em>τινὸς</em></strong></span> <span class='ocrx_word' id='word_1_390' title='bbox 465 3393 620 3447; x_wconf 75' lang='grc' dir='ltr'><strong><em>αὕτόν</em></strong></span> <span class='ocrx_word' id='word_1_391' title='bbox 641 3395 985 3463; x_wconf 79' lang='grc' dir='ltr'><strong><em>παραθέσθαι,</em></strong></span> <span class='ocrx_word' id='word_1_392' title='bbox 1011 3394 1281 3463; x_wconf 76' lang='grc' dir='ltr'><em>μετήγαγεν</em></span> <span class='ocrx_word' id='word_1_393' title='bbox 1294 3395 1631 3460; x_wconf 82' lang='grc' dir='ltr'><strong><em>τόν”Αφωφιν</em></strong></span> <span class='ocrx_word' id='word_1_394' title='bbox 1656 3390 1756 3444; x_wconf 64' lang='lat' dir='ltr'><strong>vino*</strong></span> <span class='ocrx_word' id='word_1_395' title='bbox 1778 3397 1869 3458; x_wconf 82' lang='grc' dir='ltr'><strong>τῆς</strong></span> <span class='ocrx_word' id='word_1_396' title='bbox 1885 3387 1952 3441; x_wconf 88' lang='grc' dir='ltr'><strong><em>ιε’.</em></strong></span> 
     </span>
     <span class='ocr_line' id='line_1_46' title="bbox 133 3460 1955 3531; baseline -0.003 -13"><span class='ocrx_word' id='word_1_397' title='bbox 133 3467 423 3525; x_wconf 83' lang='grc' dir='ltr'><strong><em>δυναστείας</em></strong></span> <span class='ocrx_word' id='word_1_398' title='bbox 446 3466 516 3524; x_wconf 79' lang='grc' dir='ltr'><strong>εἰς</strong></span> <span class='ocrx_word' id='word_1_399' title='bbox 533 3463 627 3530; x_wconf 85' lang='grc' dir='ltr'><strong>τὴν</strong></span> <span class='ocrx_word' id='word_1_400' title='bbox 658 3462 729 3526; x_wconf 70' lang='grc' dir='ltr'><strong>ιζ.</strong></span> <span class='ocrx_word' id='word_1_401' title='bbox 755 3464 1048 3531; x_wconf 81' lang='grc' dir='ltr'><strong><em>κολοβώσας</em></strong></span> <span class='ocrx_word' id='word_1_402' title='bbox 1070 3465 1129 3516; x_wconf 76' lang='grc' dir='ltr'><strong>τὰ</strong></span> <span class='ocrx_word' id='word_1_403' title='bbox 1156 3466 1238 3531; x_wconf 78' lang='grc' dir='ltr'><strong>ἔτη</strong></span> <span class='ocrx_word' id='word_1_404' title='bbox 1267 3463 1423 3518; x_wconf 70' lang='grc' dir='ltr'><strong><em>αὐτοῦ</em></strong></span> <span class='ocrx_word' id='word_1_405' title='bbox 1450 3463 1536 3527; x_wconf 57' lang='grc' dir='ltr'><strong>ξεί.</strong></span> <span class='ocrx_word' id='word_1_406' title='bbox 1574 3460 1861 3530; x_wconf 71' lang='grc' dir='ltr'><strong><em>ὑπάρχοντα</em></strong></span> <span class='ocrx_word' id='word_1_407' title='bbox 1885 3463 1955 3520; x_wconf 84' lang='grc' dir='ltr'><strong>εἰς</strong></span> 
     </span>
     <span class='ocr_line' id='line_1_47' title="bbox 139 3533 1954 3602; baseline -0.004 -14"><span class='ocrx_word' id='word_1_408' title='bbox 139 3533 215 3589; x_wconf 86' lang='grc' dir='ltr'><strong>ιδ’.</strong></span> <span class='ocrx_word' id='word_1_409' title='bbox 281 3535 650 3600; x_wconf 84' lang='lat' dir='ltr'><strong>Vindexigitur.</strong></span> <span class='ocrx_word' id='word_1_410' title='bbox 671 3536 935 3594; x_wconf 85' lang='lat' dir='ltr'><strong>Authoris,</strong></span> <span class='ocrx_word' id='word_1_411' title='bbox 971 3536 1128 3602; x_wconf 84' lang='lat' dir='ltr'><strong>ipsius</strong></span> <span class='ocrx_word' id='word_1_412' title='bbox 1146 3537 1324 3600; x_wconf 84' lang='lat' dir='ltr'><strong>verbis,</strong></span> <span class='ocrx_word' id='word_1_413' title='bbox 1348 3554 1449 3585; x_wconf 89' lang='lat' dir='ltr'><strong>uno</strong></span> <span class='ocrx_word' id='word_1_414' title='bbox 1470 3536 1575 3584; x_wconf 90' lang='lat' dir='ltr'><strong>solo</strong></span> <span class='ocrx_word' id='word_1_415' title='bbox 1595 3535 1812 3600; x_wconf 88' lang='lat' dir='ltr'><strong>dempto,</strong></span> <span class='ocrx_word' id='word_1_416' title='bbox 1837 3550 1954 3582; x_wconf 86' lang='lat' dir='ltr'><strong>con-</strong></span> 
     </span>
    </p>
   </div>
  </div>
 </body>
</html>
