2222 3938
345 175 473 238 462
981 181 1560 238 EMENDATIONES
1586 222 1590 229 .

487 316 647 367 Thola
681 314 823 365 annis
859 318 943 370 23.

484 389 588 438 Iair
623 387 764 435 annis
798 392 885 440 22.

487 459 675 519 Quinta
712 457 924 506 servitus
960 454 1293 506 Ammonitica
1325 455 1467 505 annis
1505 458 1586 510 18.

484 528 694 594 Iephthe
730 528 873 575 annis
910 531 961 581 6.

483 601 679 649 Abesan
715 599 858 646 annis
894 603 945 652 7.

483 670 660 718 Aelom
696 669 839 718 annis
878 675 958 724 10.

404 753 406 755 ’
484 741 665 788 Abdon
701 741 844 788 annis
879 744 927 793 8.

485 814 635 859 Sexta
672 811 887 860 servitus
924 809 1225 859 Philisthaea
1261 811 1403 861 annis
1440 811 1522 865 40.

484 884 725 947 Sampson
765 884 905 929 annis
942 887 1024 935 20.

421 972 425 975 ’
483 953 760 1016 Interregni
798 961 847 1000 et
883 955 1024 1001 Pacis
1061 953 1179 1002 anni
1215 953 1299 1007 40.

482 1024 599 1071 Heli
630 1024 774 1071 =annis
812 1028 895 1078 20.

485 1096 685 1142 Samuel
721 1095 862 1142 annis
901 1099 984 1147 20.

486 1166 607 1213 Saul
643 1165 784 1212 annis
825 1166 908 1218 40.

481 1235 646 1284 David
679 1235 821 1283 annis
857 1237 942 1289 40.

485 1308 719 1354 Salomon
757 1307 896 1354 annis
933 1306 983 1360 4.

484 1378 799 1441 Colliguntur
833 1378 951 1424 anni
988 1378 1105 1433 659,

481 1449 559 1496 Ex
595 1449 778 1496 tabulis
819 1448 1195 1512 Chronologicis
1238 1448 1302 1497 ad
1345 1446 1582 1497 Authoris
1614 1455 1808 1497 textum
1836 1447 2121 1514 compositis
2146 1464 2173 1494 a

339 1520 653 1586 profectione
686 1519 907 1567 filiorum
944 1519 1097 1568 Israel
1121 1522 1172 1568 in
1206 1521 1461 1584 vulgarem
1486 1521 1658 1568 mundi
1693 1537 1878 1568 annum
1904 1523 2059 1573 3816.
2089 1520 2175 1568 in-

342 1591 540 1638 cidente
574 1591 634 1638 ad
670 1590 832 1655 prima
866 1592 1043 1655 templi
1079 1592 1401 1640 fundamenta
1442 1591 1606 1657 posita
1639 1591 1813 1639 mundi
1843 1591 1999 1644 4473.
2034 1590 2175 1653 regni

341 1661 655 1709 Salomonaei
679 1661 727 1713 4.
765 1677 921 1708 annos
948 1665 1067 1714 657.
1091 1663 1336 1710 duntaxat
1359 1662 1614 1710 numerari
1652 1662 1876 1712 observo.
1953 1663 2175 1709 Duorum

340 1733 563 1780 defectus
588 1749 833 1782 annorum
860 1733 991 1796 apud
1020 1733 1291 1781 Authorem
1311 1733 1367 1780 in
1393 1733 1517 1795 Iair,
1558 1733 1635 1780 cui
1661 1733 1790 1780 solos
1813 1738 1899 1786 20.
1939 1733 2174 1797 Scriptu-

269 1814 272 1817 ·
337 1820 395 1852 ra
425 1819 546 1849 vero
574 1804 700 1850 duos
728 1802 935 1865 insuper
959 1813 1208 1866 accenset,
1249 1822 1338 1852 suo
1365 1805 1477 1851 loco
1506 1803 1727 1851 occurrit
1763 1820 1872 1868 pag.
1901 1803 2017 1857 164.
2066 1803 2176 1850 De·-

338 1875 526 1922 fectum
552 1873 608 1920 in
637 1873 905 1920 emendatis
941 1874 1126 1922 labulis
1168 1875 1529 1923 restituendum
1565 1891 1742 1939 operae
1774 1874 1990 1939 pretium
2019 1871 2175 1920 duxi-

337 1961 449 1993 mus
468 1984 480 2005 ,
520 1961 614 1991 nec
640 1944 1050 2009 praetereundum
1069 1982 1081 2006 ‚
1119 1946 1230 2010 ipso
1253 1946 1529 1992 Salomonis
1557 1963 1687 1992 anno
1715 1946 1932 1992 secundo
1958 1945 2039 1992 vel
2060 1944 2175 2008 pri-

338 2032 418 2062 mo
445 2016 687 2079 templum
719 2013 1012 2062 inchoatum
1050 2017 1114 2064 ad
1137 2034 1293 2064 annos
1327 2017 1502 2063 mundi
1530 2016 1686 2068 4470.
1711 2014 1983 2063 Authorem
2008 2013 2175 2062 videri

337 2085 580 2147 scribere,
619 2086 755 2149 quod
778 2102 865 2132 suo
889 2086 1001 2133 loco
1030 2095 1283 2149 notamus3
1322 2103 1414 2134 nec
1442 2087 1630 2148 obstat,
1667 2085 1788 2148 quin
1819 2085 1904 2133 hic
1934 2085 2174 2133 emenda-

338 2157 440 2204 tior
457 2157 721 2220 loquutus,
758 2156 1034 2204 Salomonis
1055 2175 1242 2206 annum
1265 2166 1510 2221 quartum,
1550 2164 1598 2203 et
1621 2155 1680 2203 ab
1702 2172 1899 2219 egressu
1919 2173 1988 2204 ex
2015 2155 2174 2220 Aegy-

336 2235 428 2294 pto
457 2227 671 2292 spatium
700 2229 817 2280 659.
852 2244 1093 2276 annorum
1121 2236 1369 2293 agnoscat.
1410 2225 1498 2278 ἒοὲν
1539 2220 1633 2278 οὖν
1671 2224 1795 2276 necto?
1821 2224 1911 2279 τόν
1941 2221 2175 2277 Ἀπόστο-

336 2303 428 2350 λον
451 2317 510 2348 τα
535 2317 637 2347 των
659 2301 844 2364 κριτῶν
868 2293 961 2349 vv'.
993 2298 1076 2364 ε’τη
1102 2308 1193 2352 etc.
1231 2299 1316 2350 καὶ
1342 2301 1646 2363 Σολομωνος
1683 2293 1739 2349 δ’.
1777 2292 2174 2364 συναριθμήσω-

340 2388 457 2436 μεν,
497 2371 630 2422 ἔσται
658 2389 684 2419 ο
711 2373 812 2427 πᾶς
849 2364 948 2419 ἆπό
972 2373 1063 2435 τῆς
1097 2367 1275 2432 ἐξόδου
1308 2366 1486 2436 χρόνος
1508 2368 1588 2420 ἐπὶ
1616 2387 1709 2433 την
1743 2372 1836 2419 τοῦ
1861 2388 1989 2419 ναου
2019 2387 2174 2418 κατα-

339 2456 526 2505 σκευην
551 2439 711 2490 ἒτων
698 2435 826 2505 χνθ’
855 2457 1003 2504 supra
1023 2458 1131 2505 pag.
1157 2446 1273 2495 176.
1294 2443 1354 2489 B.
1392 2440 1471 2488 Ad
1495 2439 1732 2487 Authoris
1758 2456 1918 2505 prope
1941 2446 2173 2502 mentem,

340 2528 406 2560 ne
444 2512 610 2559 nullos
649 2510 898 2576 opinionis
945 2512 1150 2560 asseclas
1192 2512 1286 2559 sibi
1330 2511 1619 2559 conciliasse
1649 2508 1906 2572 videatur,
1942 2509 2176 2558 Indicum

341 2582 577 2647 imperia,
611 2582 791 2647 populi
829 2582 1127 2645 Servitutes,
1166 2590 1215 2630 et
1246 2583 1533 2645 Interregna
1567 2581 1773 2629 solerter
1813 2580 2087 2641 examinat,
2125 2586 2176 2627 et

341 2654 406 2701 ad
435 2653 651 2703 invicem
685 2652 944 2718 componit
965 2654 1199 2702 Nicolaus
1223 2653 1446 2702 Serarius
1468 2653 1525 2700 in
1548 2651 1637 2702 lib.
1656 2656 1705 2707 3.
1730 2653 1845 2716 Reg.
1874 2668 1981 2718 cap.
2001 2654 2049 2704 7.
2073 2649 2174 2698 hoc

340 2723 508 2773 modo.

683 2794 880 2843 Iudices
906 2794 1188 2846 duodecim.

415 2870 463 2920 1.
503 2863 740 2913 Othoniel
763 2866 992 2914 Iudicum
1015 2871 1065 2921 3.
1101 2884 1151 2919 v.
1177 2871 1226 2923 9.
1260 2863 1555 2932 gubernavit
1576 2879 1728 2911 annos
2085 2859 2174 2913 40.

412 2942 462 2989 2.
500 2935 612 2982 Aod
635 2936 816 2983 ibidem
842 2954 891 2985 v.
915 2941 1000 2991 30.
2089 2933 2174 2983 80·

410 3010 464 3061 3.
506 3006 658 3052 Barac
691 3023 797 3071 cap.
827 3007 874 3060 5.
914 3025 963 3058 v.
992 3011 1080 3062 31.
2083 3001 2174 3053 40.

409 3078 461 3131 4.
501 3075 703 3123 Gedeon
730 3094 838 3142 cap.
860 3082 908 3131 8.
932 3096 981 3126 v.
1003 3081 1086 3132 28.
2087 3071 2174 3123 40.

413 3150 463 3202 5.
495 3146 780 3194 Abiinelech
816 3165 923 3212 cap.
947 3153 996 3202 9.
1031 3165 1082 3197 v.
1109 3153 1194 3203 22.
2119 3143 2172 3192 3.

414 3225 466 3274 6.
503 3217 661 3265 Thola
690 3234 797 3282 cap.
828 3223 907 3270 10.
936 3235 984 3266 v.
1010 3225 1060 3272 2.
2085 3212 2172 3263 23.

415 3295 466 3344 7.
501 3289 598 3336 Iair
629 3304 733 3352 cap.
764 3292 840 3340 10.
878 3305 926 3336 v.
957 3291 1009 3340 3.
2085 3286 2172 3335 22·

417 3363 466 3413 8.
504 3357 715 3424 Iephthe
749 3375 857 3424 cap.
884 3362 965 3412 12.
998 3373 1048 3406 v.
1073 3362 1123 3411 7.
2117 3354 2171 3403 6.

418 3435 470 3483 9.
511 3431 698 3477 Abesan
736 3447 840 3495 cap.
871 3433 951 3483 12.
988 3445 1038 3477 v.
1063 3432 1113 3481 9.
2116 3424 2169 3472 7.

419 3506 500 3554 10.
537 3501 669 3550 Elon
700 3517 806 3568 cap.
834 3503 918 3554 12.
955 3515 1008 3549 v.
1038 3502 1122 3552 11.
1314 3512 1325 3518 ’
2086 3493 2169 3545 10.
