2112 3854
741 202 1240 259 DISSERTATIO.
1825 195 1903 252 31

91 333 297 385 Abraam
337 331 461 380 exiit
495 329 550 380 in
586 337 768 381 terram
811 331 1056 381 Canaan.'·'
1097 361 1158 370 --
1197 331 1263 380 Hi
1297 330 1398 380 loci
1436 330 1528 379 sibi
1569 330 1908 380 contradicere

90 403 345 465 nonnullis
374 403 469 452 visi
492 411 606 450 sunt
616 421 630 466 3
668 410 716 449 et
741 402 841 450 sive
866 411 1117 450 auctorem
1145 403 1387 450 Geneseos
1411 401 1512 450 sive
1537 402 1716 450 Lucam
1743 402 1796 449 in
1823 419 1906 450 er-

0 531 1 538 *
87 491 250 525 rorem
290 474 485 538 lapsum
510 489 612 521 esse
648 473 1013 520 iudicaverunt.
1087 473 1494 535 GeorgiusverO,
1529 490 1678 536 quum
1697 480 1908 536 utraque

24 564 25 567 ¹
87 545 332 609 scriptura
360 543 544 604 divina,
584 541 651 601 ὥς
681 538 1044 603 θεόπνευστος,
1080 559 1253 590 verum
1294 542 1558 591 enunciare
1591 559 1787 590 necesse
1819 551 1906 605 est,

86 615 246 681 primo
271 614 505 678 exemplis
531 613 806 675 confirmat,
845 613 1146 678 scripturam
1169 631 1356 660 sacram
1380 612 1573 677 saepius
1596 613 1769 661 ordine
1791 630 1909 660 nar-

85 684 289 734 rationis
315 700 572 742 converso,
597 684 775 730 ultima
799 683 961 748 primo
978 720 991 744 ,
1020 683 1178 747 prima
1204 684 1382 730 ultimo
1411 683 1521 731 loco
1545 700 1754 747 ponere:
1790 699 1907 746 ergo

86 763 295 803 mortem
321 771 517 818 quoque
545 752 756 814 Tharae,
795 771 1088 817 quamquam
1111 760 1222 800 ante
1245 754 1506 801 transitum
1526 754 1713 802 Abraae
1731 753 1786 800 in
1812 754 1907 800 Ca-

83 842 212 873 naan
238 832 482 887 narretur,
521 832 638 888 post
663 824 925 871 transitum
951 823 1214 884 accidisse,
1250 841 1352 870 non
1379 831 1552 871 contra
1574 840 1760 871 morem
1785 839 1908 872 nar-‘-

82 895 287 944 rationis
319 904 434 942 esse‘.
469 921 538 930 —-=
586 895 707 941 Dein
743 895 911 956 docet,
950 911 1134 941 sacram
1166 894 1462 958 scripturam
1486 894 1654 942 multis
1687 894 1741 940 in
1778 894 1908 941 locis

82 983 185 1014 non
222 965 284 1012 ad
305 965 509 1026 litteras,
546 981 720 1012 verum
754 964 1022 1028 symbolice
1049 964 1468 1028 interpretandam
1496 980 1614 1025 esse,
1650 964 1910 1028 ipsumque

73 1032 347 1083 ⁴Dominum
385 1035 694 1097 incredulos,
733 1034 827 1081 hac
871 1035 988 1082 licet
1029 1034 1133 1081 vita
1163 1036 1409 1096 fruentes,
1444 1042 1666 1081 mortuos
1698 1050 1906 1083 vocare:

81 1105 212 1168 sine,
259 1105 448 1170 inquit,
485 1113 710 1153 mortuos
751 1106 968 1170 sepelire>
989 1112 1212 1152 mortuos
1251 1122 1391 1152 suos:
1430 1120 1543 1167 ergo
1573 1105 1753 1151 Lucam
1780 1121 1908 1168 quo-

81 1193 177 1241 que
219 1185 426 1224 mortem
461 1177 716 1223 animalem
762 1173 869 1241 (τόν
907 1171 1127 1240 ψυχικόν
1165 1170 1443 1241 θάνατον),
1494 1191 1596 1221 non
1631 1176 1907 1223 naturalem

79 1242 339 1313 (φυσικόν)
362 1246 581 1294 indicare
606 1246 847 1304 voluisse3
887 1246 1021 1309 quod
1059 1245 1247 1307 Thara,
1273 1246 1390 1293 artis
1415 1244 1671 1309 sculpendi
1697 1245 1904 1310 peritus,

77 1317 139 1363 ob
179 1317 338 1381 turpis
372 1317 502 1363 lucri
541 1334 596 1363 ac
623 1317 882 1364 simulacra
906 1316 1100 1363 colendi
1125 1316 1445 1379 cupiditatem
1466 1316 1519 1362 in
1543 1316 1737 1362 Canaan
1762 1332 1905 1362 man-

78 1386 212 1439 serit.
282 1387 490 1434 Abraam
513 1404 660 1449 vero,
695 1387 850 1434 iussui
878 1386 1048 1434 divino
1085 1386 1421 1445 obedientem,
1458 1403 1484 1432 a
1508 1385 1725 1450 paternis
1753 1385 1904 1433 idolis

74 1456 144 1503 ita
182 1473 408 1505 aversum
445 1457 618 1518 fuisse,
670 1465 758 1520 ut,
794 1455 862 1515 ὥς
901 1456 1149 1520 πολλαχοῦ
1177 1457 1461 1522 ἱστορεῖται,
1497 1463 1649 1503 noctu
1685 1456 1904 1503 subiecto

73 1527 185 1589 igne
220 1544 276 1574 ea
307 1528 657 1575 combusserit:
697 1543 966 1590 eorumque
1001 1527 1230 1573 incendio
1263 1529 1464 1573 fratrem
1485 1527 1644 1584 Aran,
1682 1526 1904 1573 flammas

73 1598 436 1659 extincturum,
488 1605 601 1644 ante
646 1598 816 1644 oculos
861 1596 1019 1660 patris
1059 1596 1374 1660 absumptum
1412 1612 1537 1656 esse,
1583 1595 1905 1659 aenigmatice

72 1665 172 1714 hoc
195 1668 438 1731 sciiptura
461 1667 721 1715 innuente.
761 1665 847 1717 καὶ
886 1662 1141 1716 ἀπέθανεν
1173 1661 1351 1732 Ἀρῤοέν
1383 1661 1662 1716 ἐνώπιον
1688 1670 1780 1716 τοῦ
1803 1685 1903 1716 πα-

70 1734 186 1804 τρὸς
222 1732 381 1788 αὕτοῦ
427 1733 663 1805 Θάῤῥα.
690 1737 946 1785 Neminem
988 1736 1295 1784 eruditorum
1336 1754 1453 1785 velo
1487 1736 1645 1799 fugit,
1682 1731 1902 1787 ἐνώπιόν

69 1827 204 1867 τινος
235 1809 509 1856 versionem
539 1809 802 1856 litteralem
830 1807 1109 1855 Hebraismi
1150 1824 1280 1869 esse,
1320 1807 1407 1871 qui
1435 1816 1549 1853 ante
1575 1809 1684 1853 eius
1710 1815 1903 1871 tempus

69 1877 326 1941 significet.
363 1906 435 1915 —
470 1880 638 1939 Quum
662 1896 781 1927 vero
796 1877 957 1926 Thara
979 1895 1081 1925 non
1106 1877 1456 1938 deterreretur,
1472 1893 1570 1941 quo
1595 1877 1759 1924 minus
1786 1877 1903 1924 ido-

66 1948 115 1995 la
159 1949 387 1997 adoraret
403 1967 416 2011 3
453 1950 663 2001 Abraam
688 1958 811 2014 post
839 1957 1045 1995 mortem
1073 1949 1345 2005 animalem
1374 1949 1527 2013 patris
1552 1955 1732 1996 terram
1759 1946 1905 1994 Chal-

68 2019 300 2067 daeorum
322 2020 527 2084 reliquit
550 2028 698 2084 atque
724 2020 778 2067 in
806 2021 1003 2066 Canaan
1021 2027 1355 2082 transgressus
1380 2026 1470 2067 est.
1507 2019 1577 2066 Re
1597 2035 1715 2067 vera
1739 2025 1903 2065 autem

65 2090 245 2137 mansit
263 2089 423 2138 Thara
447 2091 500 2138 in
516 2091 683 2138 Haran
712 2098 760 2139 et
783 2090 916 2138 vixit
934 2098 1049 2155 post
1074 2089 1443 2152 emigrationem
1468 2087 1560 2135 filii
1575 2089 1728 2136 vitam
1750 2095 1904 2140 natu-

64 2161 217 2208 ralem
242 2177 399 2208 annos
430 2162 511 2215 50.
534 2187 611 2210 --⁴
633 2162 755 2208 Tota
778 2159 983 2208 historia
1001 2160 1313 2225 disciplinam
1335 2158 1672 2207 Talmudicam
1692 2159 1905 2207 redolet.

205 2230 284 2278 Ad
320 2230 450 2279 hanc
472 2231 716 2280 rationem
746 2231 899 2279 verba
921 2248 1088 2279 sacrae
1122 2231 1400 2296 scripturae
1423 2229 1787 2294 interpretandi
1809 2245 1902 2276 ne-

65 2300 188 2348 mini
222 2300 403 2348 mirum
436 2301 716 2362 videbitur,
757 2302 799 2349 si
822 2302 1061 2364 Georgius
1097 2301 1244 2364 longe
1284 2301 1465 2348 alienas
1490 2299 1645 2348 resin
1669 2299 1902 2364 Apocry-

63 2371 179 2436 phis
208 2378 427 2418 narratas
447 2371 645 2435 scriptis
668 2372 862 2419 biblicis
887 2388 1126 2419 consonas
1145 2388 1246 2419 esse
1266 2372 1429 2436 ponit,
1441 2369 1726 2435 praesertim
1744 2385 1901 2434 quum

63 2442 245 2489 Paulus
280 2458 474 2506 quoque
505 2450 553 2489 et
573 2443 745 2489 Petrus
775 2441 1177 2507 apocryphorum
1213 2441 1510 2490 testimoniis
1541 2456 1903 2505 nonnunquam

63 2512 142 2559 usi
169 2519 300 2572 sunt,
339 2529 447 2577 pag.
473 2516 556 2566 27.

203 2583 339 2629 Inter
373 2581 464 2629 hos
493 2580 821 2647 Apocryphos
847 2580 982 2647 apud
1004 2580 1194 2646 priscos
1220 2579 1592 2628 Ecclesiasticos
1614 2596 1719 2628 non
1745 2580 1898 2627 mini-

62 2668 168 2699 mae
207 2652 516 2700 auctoritatis
554 2652 650 2700 fuit
674 2655 769 2699 Pa
783 2671 809 2699 ν
825 2670 897 2700 να
938 2653 1220 2699 Genesis,
1273 2679 1334 2688 --
1382 2652 1555 2699 Plures
1589 2650 1738 2699 huius
1777 2651 1897 2699 libri

47 2723 199 2770 tituli
220 2723 463 2771 citanturx
493 2719 643 2788 λεπτή
662 2721 853 2789 γένεσις
872 2722 1107 2789 (Zonaras
1129 2722 1244 2770 libr.
1261 2721 1301 2772 I.
1327 2721 1504 2769 Annal.
1536 2720 1646 2773 init.
1665 2739 1680 2784 3
1720 2721 1896 2784 Georg.

63 2794 278 2857 Syncell.
321 2811 368 2858 p.
398 2793 444 2847 4.
476 2793 563 2856 A.,
602 2811 650 2857 p.
679 2795 728 2847 5.
762 2793 849 2855 A,;
894 2791 1107 2840 Michael
1133 2793 1316 2857 Glycas
1345 2792 1525 2840 Annal.
1551 2809 1663 2856 pag.
1707 2796 1807 2849 104
1847 2798 1898 2840 et

66 2866 166 2917 108
179 2881 193 2925 3
234 2864 411 2927 Georg.
453 2864 726 2911 Cedrenum
756 2881 807 2929 p.
850 2867 880 2916 1
923 2871 972 2911 et
995 2861 1081 2928 3),
1121 2862 1460 2930 λεπτογὲνεσις
1486 2859 1641 2930 (apud
1671 2862 1899 2927 Epipha-

61 2931 252 3001 nium),
294 2932 628 3000 μικρογένεσις
662 2933 814 2999 (apud
847 2930 1250 3003 Hieronymum).
1320 2934 1455 2982 Haec
1492 2932 1702 2981 varietas
1742 2949 1805 2980 ex
1840 2949 1899 2980 eo

63 3010 172 3051 orta
210 3020 311 3052 esse
349 3005 573 3066 videtur,
612 3005 748 3068 quod
789 3004 913 3051 liber
948 3006 1221 3069 originitus
1252 3004 1480 3052 hebraice
1513 3005 1736 3067 scriptus
1775 3010 1896 3064 erat,

60 3071 139 3119 uti
174 3089 238 3119 ex
280 3075 327 3122 S.
372 3074 665 3139 Hieronymi
703 3075 858 3140 Epist.
893 3078 1005 3128 127.
1046 3081 1266 3140 apparet.
1337 3072 1462 3141 (cfr.
1487 3073 1700 3127 Fabricii
1731 3073 1900 3120 Codex

62 3143 516 3209 Pseudepigraphus
543 3145 735 3193 Veteris
761 3145 1061 3192 Testamenti
1090 3161 1202 3229 pag.
1227 3146 1345 3199 850.
1374 3142 1512 3210 851.)
1560 3144 1619 3191 In
1641 3143 1899 3192 Hebraicis

66 3212 236 3260 forsan
271 3215 366 3261 fuit
394 3232 575 3262 nomen
607 3225 723 3285 1⁸:24³,
751 3215 895 3301 quod
911 3215 998 3262 alii
1016 3213 1202 3299 μικρά,
1242 3216 1324 3263 alii
1347 3212 1499 3280 λεπτή
1521 3230 1693 3277 graece
1725 3213 1898 3262 reddi-

62 3282 261 3332 derunt.
298 3312 363 3320 —
402 3285 594 3333 Citatur
627 3302 821 3349 quoque
861 3281 1182 3350 ἀποκάλυψις
1207 3285 1500 3348 Μωῦσὲως,
1542 3285 1715 3346 Georg.
1744 3284 1896 3346 Sync-

61 3369 171 3416 pag.
213 3353 259 3404 4
306 3355 361 3404 A.
381 3356 610 3418 ‚Ge01g
639 3357 843 3404 Cedren.
872 3373 982 3420 pag.
1011 3359 1075 3418 3,
1112 3357 1247 3420 quod
1271 3356 1399 3405 Mosi
1431 3374 1459 3403 a
1493 3357 1591 3401 Deo
1622 3354 1898 3402 revelatum

63 3439 164 3470 osse
194 3423 379 3470 librum
415 3424 716 3488 fingebatur,
753 3434 800 3474 et
825 3426 1082 3473 Lambecio
1108 3434 1317 3474 testante
1357 3427 1410 3474 in
1429 3423 1735 3473 Bibliotheca
1771 3424 1895 3471 Cae-⁶

63 3509 198 3541 sarea
235 3493 610 3544 Vindobonensi
651 3496 751 3545 duo
783 3496 979 3545 codices
1015 3495 1113 3544 hoc
1153 3497 1302 3544 titulo
1328 3503 1614 3545 servantur:
1649 3488 1897 3562 Διήγησις
