2112 3854
230 171 310 228 68
1030 161 1260 236 GOARI

231 307 373 374 gibus
397 306 735 367 hallucinatio,
773 304 908 354 circa
938 304 1166 354 codicum
1198 318 1453 356 sacrorum
1475 312 1621 355 usum
1645 304 1768 354 fides
1794 304 2053 366 instabilis,

232 387 281 428 et
325 378 402 426 his
451 377 703 426 observari
737 375 1021 441 promissis,
1063 376 1168 424 eius
1207 378 1270 426 ad
1315 378 1434 426 alios
1469 377 1760 425 inconstans
1795 375 2054 436 transitus,

228 448 533 515 prooemium
559 447 770 495 Canonis
793 454 955 495 totum
978 446 1252 502 erroribus
1258 456 1466 511 scatens,
1504 447 1636 495 fi1101
1638 463 1720 494 um
1741 445 1887 494 Iacob
1910 447 2055 494 nata—

228 521 287 568 lis
312 520 415 568 dies
438 519 570 584 apud
596 532 706 566 eum
731 517 846 565 sede
867 517 1070 583 propria
1094 525 1285 582 motus,
1319 519 1541 582 Mosique
1579 518 1794 599 Cecrops
1834 518 2057 581 ternpore

229 591 350 638 falso
392 590 716 648 coniunctus,
755 587 941 635 Phacee
980 588 1098 635 anni
1130 589 1192 636 ad
1224 556 1437 654 ae'quum
1471 604 1647 636 numel
1651 604 1732 634 um
1773 587 1909 654 apud
1942 582 2054 634 euni

229 678 332 708 non
361 666 709 725 prorogantur,
748 658 894 706 Amos
921 658 1049 722 regis
1075 666 1269 723 praeter
1292 660 1511 708 debitum
1537 663 1793 725 augentur,
1831 657 2055 737 Astyagis

227 731 321 779 :tei
325 747 408 777 um
440 730 767 789 minuuntur,
805 728 1108 793 captivitatis
1146 737 1433 778 statuuntur
1457 736 1597 776 extra
1618 728 1830 789 limites,
1867 728 1922 774 in
1950 727 2056 774 eius

229 801 439 864 denique
470 799 669 863 scriptis
703 799 833 867 nihil
871 817 974 847 non
1007 800 1271 848 confusum
1293 809 1341 849 et
1374 800 1717 880 perturbatum
1738 796 1832 862 40).
1905 797 2056 845 Levia

227 872 391 919 forent
424 869 544 917 haec
567 869 708 917 litis
693 863 747 917 ιιι
772 869 1039 918 Eusebium
1061 870 1317 934 agitandae
1343 870 1505 936 capita
1530 869 1628 918 nisi
1652 867 1883 917 convitiis
1907 867 2058 915 etiam

227 940 435 989 crimina
475 948 787 1003 causaretur,
825 957 884 987 ac
919 941 1067 989 modo
1105 959 1214 1006 pag.
1260 942 1379 995 153.
1417 936 1781 1026 ἐμβρόντητον,
1805 939 2056 1001 fulminis·

224 1013 333 1058 ictu
362 1020 475 1076 stup
481 1014 702 1075 efactzcm
728 1021 773 1058 et
797 1013 1095 1074 attonitam,
1133 1007 1384 1079 φρόνιμον
1408 1032 1533 1062 κατα
1560 1006 1873 1076 αντίφρασιν,
1912 1014 2056 1057 sensu

221 1083 468 1130 locutioni
510 1083 739 1147 opposito
772 1083 1068 1147 prudentem
1090 1099 1202 1147 pag.
1230 1086 1344 1136 168.
1373 1090 1423 1130 et
1449 1098 1562 1147 pag.
1591 1081 1791 1128 demum
1813 1078 1933 1133 364.
1963 1097 2058 1145 μα-

221 1148 519 1221 ταιόφρονος
555 1148 839 1219 Ὠριγένους
880 1149 1146 1220 ομόφρονοε
1173 1169 1288 1200 cum
1317 1169 1443 1200 vane
1477 1151 1698 1217 sapiente
1725 1149 1935 1214 Origene
1955 1161 2057 1197 una

223 1223 493 1288 sapientem
532 1231 747 1278 vocaret.
821 1222 1059 1270 Subtilius
1099 1231 1271 1270 utrum
1296 1223 1379 1271 vel
1413 1221 1686 1270 animosius
1723 1220 1801 1268 his
1830 1236 1933 1268 sese
1959 1238 2057 1285 op-

220 1295 375 1358 ponat
394 1293 582 1341 vindex
606 1292 806 1341 Eusebii
837 1292 1079 1356 Scaliger,
1115 1294 1376 1342 incertum.
1449 1292 1772 1340 Obiectorum
1799 1289 2055 1355 quaedam,

221 1380 314 1411 ceu
352 1363 633 1425 verissima,
670 1363 914 1425 admittit3
940 1364 1170 1428 *propriis
1193 1363 1470 1412 rationibus
1495 1363 1591 1410 alia
1617 1379 1668 1410 se
1688 1361 1932 1426 depellere
1953 1370 2057 1427 pu-

219 1442 320 1497 tat,
358 1434 662 1498 sparsimque
697 1450 790 1498 per
825 1433 1272 1482 animadversiones
1311 1434 1409 1482 tria
1435 1432 1641 1496 Georgii
1672 1431 1921 1481 levissima
1971 1431 2056 1478 di-

221 1503 373 1552 cteria
418 1504 515 1551 fert
545 1504 772 1567 gravius,
822 1511 871 1551 et
919 1504 1080 1568 plenis
1115 1504 1534 1567 accumulatisque
1569 1502 1804 1566 plaustris
1844 1501 2055 1565 Georgia

222 1575 544 1622 contumelias
573 1574 632 1620 ab
655 1573 838 1621 Allatio
866 1572 938 1638 41)
967 1575 1196 1621 collectas
1220 1574 1365 1621 hasce
1385 1572 1630 1638 rependit,
1651 1572 1925 1634 familiari
1936 1589 2057 1636 per-

217 1648 414 1692 tinacia
457 1642 719 1704 validum,
757 1661 856 1690 non
873 1652 1076 1707 praeter
1103 1645 1312 1690 solitam
1348 1645 1532 1705 levem,
1570 1643 1969 1690 hallucinantem
1992 1657 2056 1689 ac

217 1714 464 1777 deliram,
504 1716 770 1779 insigniter
794 1712 1003 1761 delirum
1019 1751 1033 1776 ‚
1069 1715 1454 1775 stultissimum,
1492 1712 1711 1778 indigna
1729 1711 1871 1761 dictu
1883 1713 2055 1777 plera-

216 1803 313 1850 que
352 1794 671 1846 evomentem,
720 1785 1014 1832 latratorem
1063 1783 1342 1847 vecordem,
1370 1785 1532 1848 plane
1561 1784 1809 1848 puerilem
1819 1802 1836 1843 ,-
1875 1783 2054 1832 addam

217 1872 332 1920 ego,
379 1856 483 1902 lat]
485 1865 654 1902 antem
702 1872 879 1902 canem
889 1895 904 1918 ‚
924 1856 1277 1918 flitolzlssima
1316 1858 1692 1916 mundantem,
1729 1852 1831 1900 dar
1821 1871 1921 1900 um
1952 1868 2052 1919 pro

218 1944 354 1973 more
377 1934 772 1995 persecutorem,
809 1926 1150 1993 μεμψίμοιρον
1173 1934 1222 1973 et
1250 1920 1599 1990 φιλόμομφον,
1648 1924 1914 1990 appellans.
1985 1923 2054 1976 At

213 1995 338 2044 haec
364 1997 570 2060 indigna
594 1994 928 2061 Philosopho,
967 1996 1231 2060 animoque
1252 1995 1467 2059 ingenuo
1492 2003 1636 2059 sunt,
1670 1995 1883 2043 Allatius
1911 2003 2053 2043 meus

213 2068 529 2137 pronunciat.
602 2067 764 2114 Satius
804 2073 879 2114 est
911 2065 1018 2114 sine
1041 2066 1151 2115 istis
1175 2066 1489 2115 contumeliis
1516 2066 1575 2115 de
1601 2032 1852 2115 e'rroribus
1874 2065 2051 2114 admo-

213 2154 332 2187 nere
369 2145 418 2186 et
443 2136 672 2202 graviora
698 2136 947 2203 prosequi.

354 2221 456 2270 MS.
493 2239 556 2270 ex
581 2237 680 2286 quo
709 2220 871 2269 editus
892 2220 979 2269 hic
1007 2221 1196 2284 codex,
1232 2204 1409 2286 Regiae
1431 2218 1764 2270 Bibliothecae
1785 2221 2050 2287 suppellex

212 2291 418 2356 insignis
452 2300 550 2355 est,
589 2300 639 2339 et
674 2308 779 2339 eam
816 2292 1103 2357 locupletat.
1176 2259 1331 2340 Anteo
1330 2309 1486 2340 annos
1529 2298 1730 2339 centum
1755 2296 1815 2341 et
1829 2291 2047 2364 quadra-

211 2363 348 2427 ginta
395 2363 612 2427 quinque
647 2361 874 2411 Corinthi
909 2371 1168 2428 repertus,
1204 2363 1398 2412 felicem
1435 2368 1612 2410 nactus
1650 2369 1725 2411 est
1759 2370 2046 2428 emptorem,

211 2441 263 2481 et
296 2434 607 2482 venditorem
635 2432 874 2499 probavit
887 2434 1155 2483 liberalem.
1225 2433 1450 2482 Numinis
1478 2432 1638 2481 aureis
1673 2440 1894 2497 quatuor
1911 2433 2047 2481 dun·-

209 2511 352 2551 taxat
374 2504 444 2551 ibi
457 2511 770 2568 comparatus
793 2504 1027 2552 Ioannem
1050 2505 1316 2554 Abramum
1333 2503 1511 2553 habult
1522 2519 1878 2568 possessorem:
1904 2520 2045 2551 nunc
2073 2514 2076 2518 ’

209 2591 333 2622 auro
367 2590 696 2639 purpuraque
731 2582 892 2623 tectus
928 2575 1064 2624 illius
1102 2593 1247 2639 gazae
1279 2594 1394 2641 pars
1428 2582 1502 2623 est
1522 2573 1862 2639 praestabilis,
1900 2573 2043 2622 cuius

210 2661 292 2692 rer
297 2661 379 2691 um
404 2645 697 2692 excellentia
717 2645 932 2709 pretium
957 2647 1283 2704 commendat,
1309 2654 1357 2693 et
1380 2663 1442 2694 ex
1466 2643 1764 2709 possidentis
1791 2643 2044 2692 maiestate

210 2715 429 2780 pretium
454 2731 737 2798 supremum
758 2716 949 2763 accedit
970 2736 1002 2780 νη
1036 2720 1266 2778 παροῦσα
1288 2717 1475 2781 βίβλος,
1511 2713 1650 2761 testis
1667 2721 1743 2761 est
1756 2713 1912 2779 ipsius
1934 2714 2042 2800 epi-

211 2784 396 2851 graphe
417 2779 636 2869 ἒπριαθη
662 2781 798 2850 παρὰ
816 2780 1045 2836 Ἰωαννου
1066 2780 1311 2852 Ἀβράμου
1328 2785 1381 2836 ἐν
1394 2784 1637 2871 Κορίνθῳ
1649 2780 2042 2871 Πελοποννήσου

210 2854 308 2906 ἐν”
280 2875 402 2925 ειη
403 2875 434 2905 α
449 2849 559 2940 φζῖ
606 2855 865 2937 Νοεμβρίω
886 2855 1005 2921 μηνι
1027 2859 1250 2944 κοσμικςό
1273 2854 1366 2907 ἔτει
1389 2851 1490 2924 ζις’
1516 2850 1636 2920 μετοέ
1649 2851 1742 2938 τὴν
1759 2851 1914 2922 (τους)
1939 2850 2037 2907 nimi

209 2905 463 2976 Βεννέτων
498 2920 814 2985 ἄποστασεως
847 2922 1056 2993 χρόνους
1084 2922 1122 2984 ς’
1162 2907 1245 2977 6202
1270 2928 1517 2993 χρυσίνων
1539 2920 1807 2992 τεσσάρων
1882 2925 2040 2974 Usum

207 2995 345 3044 illius
376 2996 447 3043 ita
480 2995 778 3044 desideiavit
814 2993 1050 3062 Iosephus
1081 2996 1319 3060 Scaliger,
1359 3003 1418 3044 ut
1438 2995 1574 3044 illius
1598 2995 1931 3061 consequendi
1950 3012 2039 3062 spe

208 3067 502 3128 frustratus,
553 3074 833 3131 susceptam
892 3067 1091 3115 Eusebii
1146 3066 1507 3133 reparationem
1558 3066 1711 3114 vellet
1769 3066 2035 3130 dimittere,

209 3154 376 3201 quam,
413 3145 469 3185 ut
500 3136 592 3184 sibi
611 3137 851 3200 fingebat,
889 3136 1227 3203 imperfectam
1262 3138 1445 3202 absque
1465 3136 1601 3185 illius
1628 3153 1722 3202 ope
1747 3137 1907 3185 nollet
1933 3153 2037 3202 pu-

208 3207 406 3255 blicare.
490 3207 644 3254 Furto
683 3223 746 3254 ex
782 3208 931 3270 Regia
964 3207 1268 3258 Bibliotheca
1299 3208 1530 3273 periisse,
1575 3214 1634 3255 ut
1685 3207 2034 3271 nunciabatur,

207 3276 512 3343 aliquamdiu
538 3278 723 3326 frustra
750 3278 980 3341 credidit,
1016 3295 1079 3327 ex
1104 3279 1188 3330 lib.
1214 3285 1263 3333 2.
1294 3278 1448 3345 Epist.
1478 3275 1574 3332 151
1601 3284 1650 3325 et
1682 3278 1801 3332 152.
1837 3277 2034 3342 Lugdu-

261 3426 342 3483 40)
382 3430 488 3484 Pag.
518 3431 586 3474 62.
635 3430 706 3474 67.
767 3432 835 3476 69.
873 3431 942 3475 79.
977 3433 1073 3477 168.
1111 3434 1205 3477 116.
1243 3430 1337 3475 164.
1383 3431 1481 3475 203.
1517 3426 1615 3475 214
1658 3430 1758 3474 216.
1793 3429 1893 3474 226.
1928 3428 2027 3472 326

317 3483 392 3539 41)
423 3486 616 3530 Diatriba
638 3487 691 3530 de
713 3486 931 3544 Georgiis.
