2112 3854
768 168 1195 226 PRAEFATIO.
1826 159 1907 222 67

19 349 20 352 ,
86 298 346 365 bylonicae
371 298 669 365 captivitatis
690 298 919 350 devincta
947 301 1165 365 exordia,
1202 301 1251 349 et
1280 298 1412 349 circa
1435 299 1721 365 cambysem
1745 307 1794 347 et
1812 299 1906 347 Na-

84 368 467 428 buchodonosor
502 370 767 426 admissum
795 375 1011 419 errorem
1035 370 1130 438 33),
1166 371 1389 436 Hyrcani
1412 377 1458 419 et
1480 370 1688 418 Herodis
1714 379 1906 435 tempus

83 456 240 506 prave
276 440 624 520 distributum5
660 440 943 505 Christique
975 442 1171 489 demum
1219 449 1519 492 servatorem
1554 442 1723 488 aetatis
1762 441 1903 488 annis

84 511 396 558 solummodo
417 510 621 574 triginta
646 519 696 558 et
715 528 816 559 uno
842 511 1052 575 amplius
1075 512 1133 559 ab
1160 512 1329 560 eodem
1352 512 1775 576 circumscriptam
1803 528 1905 558 non

82 580 272 642 serens,
311 581 487 646 quibus
509 589 674 646 potest
698 589 802 630 arte
828 589 876 629 et
915 581 1107 630 viribus
1127 582 1411 630 insectatur
1482 582 1615 630 Haec
1638 579 1794 628 nihilo
1823 598 1903 631 se·-

84 651 189 699 cius
238 650 298 698 ab
335 651 569 699 Africano
610 659 791 700 asserta
839 652 1041 731 aequior
1075 669 1335 717 perpessus
1387 642 1460 700 est
1498 653 1766 715 Georgius,
1810 667 1904 717 nec

83 722 269 786 stylum
289 729 551 786 propterea
573 738 865 770 severiorem
879 739 933 769 1n
956 739 1066 770 eum
1094 723 1341 770 exseruit:
1365 724 1480 787 plus
1508 723 1626 771 satis
1651 721 1823 769 animis
1847 722 1903 770 in

80 791 329 840 Anianum
345 799 394 839 et
412 792 753 841 Panodorum
739 809 825 842 inv
830 801 967 840 ectus
993 801 1064 840 est
1079 789 1166 856 34),
1191 800 1240 840 et
1264 809 1432 840 eorum
1452 792 1902 857 Chronographiam

81 862 138 910 in
163 862 437 909 Gentilium
466 862 941 927 Haereticorumque
990 862 1141 910 anilia
1193 872 1468 911 commenta
1516 881 1616 911 sese
1651 863 1905 910 inflecten-

81 939 182 981 tem
203 931 525 980 deiiciendam
550 941 713 991 ratus,
751 934 887 982 viros
911 934 1094 999 pietate
1120 935 1501 994 commendatos,
1540 935 1778 981 sententia
1804 935 1904 981 sor-

81 1002 348 1051 midolosos
373 1002 505 1064 (nam
527 1003 698 1053 Berosi
724 1002 1128 1067 Manethonisque
1155 1004 1345 1051 fabulas
1376 1011 1425 1051 et
1442 1004 1725 1051 innumeras
1750 1021 1904 1051 anno-

81 1089 212 1136 rum⁴
241 1073 475 1137 periodos
513 1075 576 1122 ad
603 1074 892 1139 Scripturae
930 1082 1172 1137 mentem,
1210 1082 1259 1121 et
1289 1073 1525 1138 temporis
1560 1074 1770 1138 sparsim
1815 1091 1904 1138 per

81 1159 188 1191 eam
209 1145 465 1192 memorati
490 1162 768 1192 mensuram
796 1146 1005 1193 traxisse
1029 1145 1149 1192 dicti
1172 1143 1328 1211 sunt),
1356 1147 1576 1192 oratione
1593 1145 1901 1192 lacessendos

82 1221 133 1266 et
164 1214 330 1262 valido
364 1216 614 1263 rationum
642 1217 860 1280 pondere
893 1215 1171 1263 atterendos
1198 1216 1486 1266 aestimavit.
1559 1216 1679 1264 Eam
1706 1214 1767 1261 ob
1798 1231 1900 1261 rem

18 1305 23 1308 ·
82 1284 323 1348 quicquid
343 1285 403 1333 de
430 1286 682 1350 Babylone
704 1295 751 1333 et
766 1287 990 1350 Aegypto
1017 1302 1106 1333 ceu
1136 1285 1322 1332 diluvio
1338 1284 1411 1350 35)
1436 1284 1684 1350 prioribus
1709 1302 1903 1347 sugges-

81 1363 252 1402 serunt
272 1356 650 1420 excipiendum3
687 1357 921 1421 quicquid
947 1357 1006 1404 de
1040 1356 1201 1418 Saris,
1236 1355 1376 1403 Neris
1409 1363 1456 1402 et
1490 1357 1644 1402 Sossis
1667 1356 1722 1402 in
1747 1372 1900 1402 annos

79 1432 276 1472 nostros
316 1428 674 1491 commutandis
702 1428 928 1474 subtilius
952 1433 1309 1491 exposuerunt,
1349 1426 1585 1492 quicquid
1613 1425 1742 1472 inter
1766 1425 1902 1472 anti-

81 1512 202 1559 quas
238 1495 484 1556 Historias
536 1488 801 1545 commenti
842 1497 1041 1544 nomine
1094 1497 1295 1559 dignum
1328 1503 1602 1559 temperato
1644 1494 1903 1558 allegoriae

80 1574 224 1612 sensu
236 1564 406 1612 mltius
418 1566 843 1630 interpretandum
858 1575 1134 1626 suaserunt
1161 1566 1216 1613 id
1238 1582 1380 1613 omne
1396 1566 1634 1628 Georgius
1645 1562 1714 1626 3⁶)
1739 1582 1905 1629 asper-

78 1643 227 1683 natur
250 1643 300 1682 et
321 1635 500 1695 reiicit,
536 1643 585 1682 et
608 1653 633 1681 a
656 1636 851 1699 piorum
875 1635 1119 1682 mentibus
1141 1651 1334 1699 semper
1357 1602 1622 1682 arcendbum
1649 1634 1901 1683 admonet:

80 1705 202 1770 quin
236 1705 381 1752 etiam
425 1706 737 1754 Panodorum
772 1705 913 1753 annis
966 1705 1210 1753 duntaxat
1245 1712 1430 1770 septem
1464 1721 1625 1752 aeram
1663 1702 1906 1753 Christian

78 1793 199 1836 nam>
225 1776 288 1823 ad
321 1790 503 1824 annum
543 1793 569 1822 a
606 1771 778 1824 mundi
814 1776 1022 1824 conditu
1051 1775 1311 1840 quinquies
1338 1775 1653 1823 millesimum
1680 1782 1729 1822 et
1755 1776 1904 1840 quin-

79 1846 403 1910 gentesimum
436 1847 495 1894 ab
520 1847 753 1894 Africano
776 1844 845 1912 37)
890 1847 1026 1912 prius
1066 1846 1346 1893 devinctam
1386 1863 1477 1893 suo
1522 1846 1714 1893 calculo
1751 1863 1906 1910 prae-

79 1924 380 1979 vertentem,
419 1917 555 1981 quod
582 1917 818 1981 Georgius
853 1917 944 1964 iste
968 1916 1292 1995 posteriorem
1324 1916 1630 1981 probandam
1656 1917 1904 1978 decernat,

79 1987 412 2045 Panodorum,
448 1988 666 2052 inquam,
702 1987 1027 2035 Alexandrini
1066 1986 1288 2050 computi
1312 1994 1562 2034 auctorem
1590 1988 1904 2050 postmodum

79 2055 332 2120 habitum,
369 2066 418 2106 et
455 2058 517 2105 ob
545 2058 862 2106 concordiam
885 2059 1015 2106 inter
1036 2074 1188 2104 annos
1211 2055 1413 2118 mundi,
1453 2057 1637 2104 Christi
1659 2074 1834 2119 aeram,
1857 2063 1904 2104 et

70 2095 368 2176 'indictionis
406 2146 666 2176 munerum
687 2121 899 2177 feliciter
927 2128 1250 2176 instauratam
1275 2124 1483 2175 eruditis
1513 2128 1739 2174 omnibus
1765 2145 1904 2175 com-

80 2199 388 2262 mendatum‚
424 2199 529 2264 ipse
552 2199 866 2264 opinatorum
891 2199 1232 2246 tenacissimus
1261 2215 1363 2245 non
1392 2198 1497 2245 sine
1522 2192 1904 2262 reprehensione

80 2269 332 2336 praeterit.
406 2269 600 2334 Abripit
619 2270 717 2316 iam
747 2287 837 2321 nos
860 2269 980 2317 hinc
1011 2267 1246 2333 Iosephus
1270 2268 1499 2331 Scaliger,
1538 2276 1585 2314 et
1606 2269 1666 2315 de
1690 2268 1905 2315 dissidiis

81 2339 215 2387 inter
258 2339 521 2402 Georgium
557 2347 605 2388 et
647 2341 959 2388 Panodorum
996 2341 1143 2388 motis
1174 2356 1350 2404 parum
1387 2338 1661 2399 sollicitus,
1697 2338 1761 2385 ad
1788 2355 1904 2402 gra-

82 2409 252 2470 viora,
291 2410 465 2474 quibus
493 2410 755 2457 Eusebium
782 2411 1019 2474 Georgius
1045 2407 1298 2457 insecutus
1330 2416 1428 2470 est,
1465 2416 1678 2456 mentem
1704 2414 1753 2455 et
1777 2424 1905 2455 ocu-

80 2480 159 2543 los
194 2488 369 2527 avocat
404 2478 498 2543 38);
549 2487 596 2527 et
631 2483 705 2527 sic
741 2482 937 2544 ipsum,
985 2480 1172 2544 inquit,
1209 2477 1485 2526 Eusebium
1527 2479 1777 2541 Georgia-s·
1812 2479 1904 2525 iste

84 2551 367 2613 Syna-ellus,
403 2551 492 2598 ubi
524 2548 656 2615 quid
685 2551 771 2597 ille
807 2550 973 2616 paulo
1010 2551 1231 2598 alienia-5·
1266 2567 1300 2596 a
1336 2566 1449 2598 vero
1479 2546 1607 2595 dixit
1643 2556 1733 2595 aut
1751 2549 1903 2611 fecit,

83 2622 161 2688 ita
180 2623 419 2686 exagitat,
458 2630 530 2682 ut,
567 2622 658 2669 aba·
681 2639 803 2669 usas
826 2623 977 2683 venit,
1014 2638 1132 2669 raro
1146 2620 1392 2667 hominem
1413 2621 1518 2666 sine
1538 2618 1716 2666 acerba
1735 2618 1905 2666 obiur-

79 2693 286 2756 gatione
321 2700 411 2738 aut
449 2693 799 2739 contumelioso
834 2691 971 2740 dicto
1002 2690 1250 2739 dimittat.
1325 2690 1570 2749 Quorsum
1613 2706 1732 2737 vero
1774 2706 1905 2754 quo-
1964 2705 1984 2717 ¹

83 2778 293 2825 rumque
329 2761 578 2826 postulat?
619 2762 768 2810 Cuius
804 2779 916 2826 ergo
955 2777 1067 2809 cum
1091 2759 1302 2809 Eusebio
1328 2760 1564 2824 Georgius
1599 2758 1786 2807 iudicio
1816 2761 1906 2808 de·-

86 2831 276 2880 certat‘?
314 2831 532 2897 Sparsim
565 2839 613 2880 et
646 2849 763 2880 casu
796 2833 1014 2896 Scaliger
1035 2839 1256 2880 recenset
1291 2831 1345 2878 in
1374 2829 1905 2878 animadversionibus:

87 2903 151 2950 ad
189 2902 312 2950 haec
347 2904 448 2949 fere
475 2903 636 2966 capita
658 2903 921 2950 discrimen
947 2919 1089 2950 omne
1117 2901 1446 2951 contrahitur.
1517 2899 1766 2948 Iuniorem
1795 2901 1906 2948 Cai-

85 2977 185 3020 nan
207 2971 619 3036 quemadmodum
640 2972 775 3038 prius
802 2974 1077 3033 Africanus,
1107 2972 1174 3020 ita
1195 2972 1429 3019 Eusebius
1454 2971 1617 3018 omisit
1638 2969 1738 3039 ³9):
1777 2970 1906 3018 Aodi

85 3042 265 3090 iudicis
303 3060 456 3090 annos
485 3043 652 3090 decem
686 3059 788 3091 non
818 3043 1119 3092 observavit:
1160 3041 1540 3105 alienigenarum
1586 3056 1783 3105 quoque
1809 3059 1906 3106 po·-

86 3112 276 3160 testatis
312 3114 366 3160 in
405 3113 648 3160 Israelitas
691 3114 911 3162 iudicum
949 3121 1170 3178 tempore
1203 3112 1446 3160 exercitae
1489 3127 1590 3158 non
1627 3110 1906 3159 numeravit

89 3199 260 3229 annos.
314 3184 572 3247 Dynastias
595 3185 912 3249 Aegyptiacae
936 3184 1075 3232 foede
1102 3182 1368 3244 mutilavit,
1407 3181 1567 3229 debita
1589 3182 1726 3245 regni
1750 3188 1904 3228 aetate

87 3251 319 3318 privavit.
337 3252 624 3318 Aphophim
662 3256 974 3320 Aegyptium.
1044 3253 1218 3318 Ingens
1263 3254 1365 3302 eius
1391 3251 1451 3299 de
1485 3252 1799 3317 Assyriorum
1821 3267 1905 3298 re·-

147 3403 226 3456 33)
256 3402 362 3458 Pag.
387 3403 484 3448 236.
599 3406 678 3462 34)
709 3407 814 3461 Pag.
845 3406 916 3449 33.
1030 3405 1109 3459 35)
1142 3404 1249 3461 Pag.
1289 3404 1342 3448 16
1382 3407 1426 3446 et
1457 3416 1577 3460 seqq.
1692 3401 1772 3455 36)
1800 3401 1906 3455 Pag-

204 3461 261 3504 78
299 3464 344 3502 et
365 3473 486 3518 seqq.
572 3464 652 3532 37)
674 3465 778 3519 Pag.
798 3465 899 3508 326.
984 3463 1064 3517 38)
1090 3461 1283 3505 Animad.
1307 3476 1407 3518 pag.
1426 3461 1524 3505 241.
1611 3459 1685 3511 39)
1710 3459 1817 3514 Pag.
1837 3461 1894 3503 36
