2112 3854
770 184 1271 240 DISSERTATIO.
1462 208 1466 213 ·
1858 175 1934 235 15

257 315 445 383 Locum
469 330 580 380 pag.
608 315 656 369 5.
696 314 751 363 D.
792 323 840 364 et
866 332 974 380 pag.
1012 320 1060 368 6
1086 316 1144 365 A.
1171 316 1226 366 Β.
1252 319 1543 379 corruptum
1574 329 1677 362 esse
1698 319 1932 378 apparet.

115 386 266 436 Nemo
280 403 382 434 non
398 386 668 433 offenditur
686 385 1064 471 repetitionibus
1082 385 1335 434 inanibus:
1361 381 1475 450 ἤτοι
1498 381 1581 434 δια
1596 404 1683 444 τας
1695 381 1815 450 μετοὲ
1840 403 1934 449 την

113 454 295 508 πλάσιν
329 460 422 508 τοῦ
458 459 732 542 χωρισμοῦ
749 451 914 506 αὐτῶν
949 453 1139 523 ’ἡμέρας
1175 457 1228 507 ἐκ
1263 475 1353 507 του
1385 455 1716 521 παραδείσου,
1752 454 1934 520 quibus

114 528 167 575 in
189 527 353 575 verbis
393 534 441 574 et
470 528 653 575 iterum
681 523 736 577 τὸ
770 525 879 592 ’ἥτο
897 546 915 575 ι
951 534 999 574 et
1025 529 1341 592 perturbatus
1379 527 1500 574 ordo
1532 525 1799 574 veiborum
1823 542 1934 571 ma·-

108 614 233 647 num
257 598 576 661 glossatoiis
561 597 781 662 imperiti
806 598 1027 645 indicare
1049 597 1171 645 mihi
1190 598 1415 659 videtur3
1453 596 1535 648 ἐπὶ
1562 594 1615 647 δὲ
1637 597 1938 660 θηλυτοκίας

114 667 206 727 ἕως
231 667 435 734 ἡμερῶν
464 665 514 718 π’
555 695 620 705 --
642 694 718 707 -—-
745 666 824 718 ε’πὶ
864 667 919 718 δὲ
950 663 1150 733 θήλεως
1173 667 1253 718 ἐπὶ
1279 666 1468 734 ἡμέρας
1496 662 1562 716 π’.
1633 667 1747 715 Vox
1778 661 1937 729 οἷφαι-

113 739 244 806 δρῶς
274 738 418 786 nihili
454 746 539 786 est.
596 735 940 804 ’Ἀφεδρος,
981 739 1115 802 quod
1152 738 1344 786 Goaius
1382 756 1407 785 e
1442 738 1659 801 margine
1689 737 1828 798 vult,
1866 743 1938 784 est

111 809 340 893 purgatio
362 816 639 870 menstrua,
677 825 779 856 non
808 808 1022 856 foemina
1046 816 1300 856 menstluo
1325 809 1572 856 laborans.
1605 835 1675 844 -·
1709 804 1939 857 Ἐστοι-

111 874 498 945 χειῶσαμενε
536 880 714 927 Forma
748 879 958 944 pluralis
986 886 1159 928 contla
1197 879 1395 942 Georgii
1429 897 1570 927 usum
1599 886 1684 928 est.
1755 878 1938 941 Singu-

112 949 208 996 lari
233 950 361 998 enim
388 966 589 998 numero
625 950 865 1013 Georgius
891 949 1054 999 ubivis
1087 951 1190 998 feie
1213 950 1398 1010 utitur,
1436 949 1684 997 indicatur
1687 966 1768 1009 uS,
1805 947 1940 1012 quod

115 1022 221 1084 ipse
255 1021 427 1069 fecerit
466 1029 552 1068 aut
591 1020 803 1082 dixerit,
853 1020 1050 1084 quodve
1084 1020 1312 1069 dicturus
1350 1020 1429 1068 sit.
1501 1021 1613 1083 Pag.
1646 1025 1694 1073 2.
1719 1019 1786 1066 A:
1825 1018 1938 1082 μοὶ

111 1093 249 1140 πᾶσα
276 1087 468 1157 σπουδὴ
493 1090 678 1158 γέγονε.
751 1092 864 1154 Pag.
890 1094 940 1145 3.
964 1091 1030 1143 B:
1066 1085 1333 1157 πηξάμενο
1352 1112 1376 1152 ς
1404 1116 1474 1126 -
1496 1118 1567 1126 -—
1589 1093 1782 1152 λιπαρω
1808 1085 1938 1139 Θεὸν
2021 1142 2024 1146 ,

111 1162 412 1247 συνεργῇσαί
446 1181 566 1227 μοι.
643 1163 753 1225 Pag.
780 1163 828 1215 5.
859 1161 919 1211 A.
956 1158 1253 1229 προήχθην,
1305 1169 1351 1210 et
1385 1159 1481 1208 hac
1515 1162 1621 1226 ipsa
1654 1177 1760 1224 pag.
1789 1164 1835 1212 6.
1868 1158 1937 1206 B:

109 1228 304 1299 λαβών
347 1228 630 1283 σπουδασω
670 1236 892 1297 ποιῆσαι.
936 1261 1008 1269 --
1050 1234 1114 1282 Et
1146 1232 1464 1297 sequentibus
1517 1235 1586 1302 τῷ
1620 1226 1802 1299 πρώτῳ
1841 1229 1937 1280 ε’τει

109 1320 154 1351 κ
194 1321 235 1352 τ.
275 1306 316 1352 λ.
343 1303 512 1351 nullus
539 1303 740 1351 omnino
768 1320 938 1352 sensus
963 1312 1049 1354 est.
1086 1331 1158 1341 —
1193 1304 1366 1365 Ratio,
1405 1320 1549 1366 quam
1584 1302 1776 1349 Goaius
1806 1300 1938 1359 iniit,

107 1379 168 1419 ut
191 1379 356 1438 aptam
377 1374 777 1421 coniunctionem
800 1374 1066 1423 verborum
1086 1392 1142 1423 ac
1170 1391 1364 1422 sensum
1386 1372 1694 1433 restitueret,
1733 1379 1782 1419 et
1808 1371 1933 1418 dura

106 1441 333 1504 videtur,
371 1444 506 1508 quod
531 1445 674 1509 plura
697 1444 846 1492 verba
874 1462 902 1492 a
924 1445 1128 1493 librario
1155 1447 1377 1509 neglecta
1399 1461 1502 1493 esse
1524 1444 1695 1509 ponit,
1734 1450 1782 1490 et
1806 1458 1932 1489 con-

103 1519 182 1559 tra
204 1513 585 1562 Grammaticam
609 1522 806 1579 peccat3
845 1532 961 1564 nam
989 1511 1075 1566 ἐπ’
1110 1511 1278 1584 αὐτῷ
1301 1513 1588 1595 πραχθέντα
1612 1530 1714 1561 non
1733 1520 1852 1560 sunt
1876 1514 1932 1560 in

94 1600 157 1629 -eo
184 1600 317 1631 anno
342 1591 482 1648 acta,
521 1593 569 1633 et
590 1585 836 1649 particula
871 1582 933 1636 δ
916 1604 940 1635 ε
968 1593 1087 1650 post
1107 1567 1313 1652 ἐφεξῇς,
1353 1586 1397 1632 si
1421 1585 1570 1632 Goari
1595 1584 1929 1632 coniecturam

103 1653 311 1718 accipis,
348 1671 508 1735 neque
550 1655 794 1721 explicari
828 1663 1022 1721 potest,
1059 1673 1220 1721 neque
1256 1673 1283 1703 a
1326 1656 1489 1703 Goaro
1526 1672 1670 1704 versa
1705 1661 1794 1702 est.
1865 1654 1933 1702 At

103 1723 326 1773 facilius
341 1733 414 1774 est
446 1725 502 1773 in
537 1725 685 1775 rebus
722 1726 973 1792 perplexis
1021 1727 1194 1776 videre
1231 1726 1368 1792 quod
1410 1727 1593 1774 falsum
1640 1724 1735 1787 sit,
1785 1741 1933 1788 quam

102 1809 278 1844 verum
316 1795 568 1846 invenire:
604 1805 772 1846 tamen
804 1797 1033 1863 periculo
1068 1798 1235 1863 aliquo
1263 1804 1525 1878 suscepto,
1574 1796 1668 1844 etsi
1698 1812 1932 1844 successu

102 1881 206 1913 non
243 1866 404 1931 felici,
440 1868 565 1916 alius
603 1876 736 1918 certe
769 1876 1030 1932 monetur,
1077 1886 1141 1917 ne
1170 1869 1265 1924 hac
1301 1869 1356 1916 in
1389 1868 1471 1916 via
1499 1884 1676 1916 velum
1713 1874 1929 1930 quaerat.

229 1937 387 2002 Legoz
415 1935 517 1990 Διοῖ
537 1943 683 1989 τοῦτο
707 1939 1006 2025 προσέταξεν
1031 1960 1057 1991 ο
1083 1937 1208 2000 Θεός
1233 1935 1317 1990 δια
1331 1937 1598 1998 Μωϋσέως
1623 1937 1678 1989 ἐν
1699 1956 1767 2005 τῳ
1747 1941 1930 1987 ”Λευι-

101 2026 247 2076 τικῳ,
281 2007 363 2059 ἐπὶ
384 2007 475 2075 μὲν
498 2004 866 2097 ἆῤῥενογονίας
889 2005 1183 2076 ἄκαθαρτον
1219 2029 1378 2076 αυτην
1416 2006 1545 2061 εἶναι.
1569 2006 1650 2060 ἐπὶ
1681 2024 1930 2076 τεσσαρα-

103 2097 257 2129 κοντα
279 2077 483 2166 ἡμέρας,
521 2078 725 2132 ἐπειδαν
746 2081 830 2131 καὶ
853 2075 1010 2148 Ἀδαμ
1033 2085 1098 2150 τῇ
1118 2084 1488 2170 τεσσαρακοστῇ
1506 2078 1670 2148 ’ἡμέρα
1697 2082 1800 2162 τῇς
1807 2083 1928 2131 πλα-

103 2163 227 2209 σεως
259 2144 417 2200 αὐτοῦ
441 2146 651 2217 εἰσήχθη
685 2151 740 2202 ἓν
771 2171 837 2218 τῳ
865 2145 1280 2222 παραδείσῳ,ου
1309 2171 1454 2218 χαριν
1482 2150 1569 2202 καὶ
1602 2147 1663 2200 vo?
1689 2144 1928 2216 γενόμενα

103 2220 334 2282 (fortasse
363 2239 650 2306 γεννωμενα
674 2220 756 2287 G.)
786 2203 831 2292 ὅ)
868 2227 934 2293 τῇ
955 2226 1330 2308 τεσσαρακοστῇ
1339 2220 1500 2308 ἡμέρα
1524 2219 1843 2306 εἰσφέρουσιν
1873 2220 1927 2271 ἐν

102 2292 171 2358 τῷ
203 2290 322 2378 ἱερῳ
361 2311 485 2342 κατα
518 2287 610 2344 τόν
632 2289 820 2358 νόμον·
870 2274 954 2344 ἐπὶ
987 2291 1042 2344 δὲ
1066 2290 1268 2359 θήλεως
1297 2288 1589 2358 ακαθαρτον
1614 2296 1744 2341 εἶναι
1766 2286 1926 2356 αὐτήν

99 2340 185 2410 ἐπὶ
207 2357 397 2447 ἡμέρας
424 2356 756 2428 ὀγδοήκοντα,
795 2360 879 2414 δια
903 2383 955 2414 τε
979 2361 1073 2430 τήν
1119 2365 1174 2416 ἐν
1198 2384 1266 2433 τῳ
1289 2364 1578 2448 παραδείσω
1607 2356 1764 2426 αὐτῇς
1791 2361 1924 2412 εἴσο-

100 2430 191 2480 δον
214 2433 285 2514 τῇ
300 2427 604 2502 ὀγδοηκοστῇ
625 2432 800 2503 ῇμέρα,
820 2434 905 2484 καὶ
930 2432 1014 2485 δια
1035 2431 1089 2485 τὸ
1108 2416 1400 2522 οἷκαθαρτον
1419 2433 1504 2521 (an
1528 2427 1926 2516 ακαθοίρτερονῗ)

97 2503 189 2551 τοῦ
210 2481 410 2567 θήλεως
429 2500 561 2591 πρὸς
583 2523 638 2555 το
666 2501 844 2571 ἄρσεν·
884 2499 1117 2572 αφεδρως
1133 2501 1238 2591 γοῖρ
1263 2500 1415 2554 παλιν
1440 2497 1567 2554 ουσα
1596 2496 1688 2553 οὐκ
1717 2501 1924 2567 εἰσέρχε-

97 2590 178 2621 ται
204 2569 296 2632 εως
318 2570 442 2623 ἑπτα
464 2572 652 2640 ἡμέρας
676 2574 730 2626 ἔν
751 2578 820 2644 τῷ
846 2574 980 2662 ἷερῳ,
1018 2594 1144 2625 κατα
1163 2573 1247 2626 τὸν
1269 2579 1417 2625 θεῖον
1441 2568 1619 2639 νόμον.
1645 2598 1717 2608 -
1759 2577 1925 2623 Ταῦτα

97 2640 153 2692 ἐκ
181 2645 273 2692 τοῦ
301 2644 417 2730 βίου
445 2644 711 2731 λεγομένου
737 2627 903 2711 Ἀδαμ
933 2647 1247 2710 φιλομαθίας
1271 2663 1432 2732 χαριν
1442 2643 1496 2695 ἐν
1510 2638 1747 2730 συντόμῳ
1770 2643 1923 2694 ἔστοι-

98 2711 305 2800 χείῳσα,
342 2713 396 2765 ἐν
414 2734 482 2782 τῳ
512 2711 691 2803 πρῳτῳ
718 2714 812 2766 ε’τει
835 2720 927 2782 τῇς
956 2713 1181 2776 πλάσεως
1205 2720 1296 2767 τοῦ
1316 2711 1470 2781 Ἀδαμ
1490 2709 1586 2765 ἄπ’
1617 2709 1777 2765 αυτοῦ
1794 2734 1922 2781 πρα-

95 2780 308 2847 χθέντα·
346 2783 526 2850 ἐφεξῆς
549 2783 604 2836 δὲ
625 2782 686 2836 τὰ
711 2783 862 2837 λοιπα
891 2781 1338 2874 στοιχειωθῄσεται

226 2854 339 2919 Pag.
363 2860 413 2910 6.
436 2856 490 2906 B.
525 2857 675 2920 Lege:
711 2856 796 2907 καὶ
814 2860 905 2922 τῇς
925 2877 1017 2908 κατ
1026 2852 1239 2922 ’ἄλληλα
1264 2861 1365 2908 τῶν
1388 2850 1690 2951 πραγμάτων
1713 2850 1923 2905 οἷκολουι

94 2922 233 2984 θίας.
286 2929 498 2990 Διαφο
513 2947 540 2994 ρ
555 2926 618 2978 αὶ
641 2944 745 2975 non
770 2935 885 2976 sunt
908 2929 1239 2992 „spectabilis
1256 2928 1450 2975 turba'’
1475 2927 1561 2975 sed
1584 2927 1920 2975 diversitates:

96 2995 371 3044 multorum
402 3004 451 3045 et
470 2997 780 3046 diversorum
818 3000 1122 3081 populorum
1156 3016 1325 3063 reges,
1375 2998 1658 3046 sacerdotes
1697 3004 1813 3045 cett.
1849 3022 1920 3033 -·

95 3064 261 3129 Neque
297 3070 626 3135 μοχθηρία
654 3077 726 3118 est
755 3070 950 3132 „labor
981 3073 1158 3135 ingen-5·
1191 3071 1488 3134 susceptu8”
1525 3068 1611 3117 sed
1636 3068 1794 3116 scelus
1818 3082 1918 3131 pu·-

92 3133 346 3185 blicatum.

225 3208 338 3271 Pag.
360 3212 410 3261 7.
433 3208 491 3256 A.
538 3209 647 3258 dele
671 3206 844 3261 εἶναι
877 3227 991 3257 cum
1016 3221 1259 3259 commate
1285 3217 1399 3276 post
1431 3205 1917 3277 εὔδιαγνώστους,ειο

98 3275 370 3342 coniunge.
417 3275 496 3331 διὰ
536 3277 707 3348 (καλὸν
738 3276 1041 3348 ἤγουμενος)
1073 3302 1165 3342 τας
1200 3278 1448 3348 διαφορας
1474 3286 1604 3349 τρεῖς
1644 3278 1796 3338 Οὖσᾱς
1831 3277 1918 3329 καὶ

154 3385 205 3440 6)
231 3385 282 3428 In
208 3386 399 3486 Μίεῆξι
425 3387 592 3488 quidei¹m
621 3389 813 3489 Νῗοεειίοα
823 3405 917 3489 fnon
933 3390 1127 3449 reperis,
1156 3395 1203 3434 ut
1227 3391 1448 3435 infantes·
1435 3406 1480 3434 m
1513 3390 1917 3498 εεἪρΙυιιιάροτίοιι-

210 3498 336 3544 aocet
353 3459 539 3547 &1331
559 3461 746 3561 3202?
754 3447 1704 3564 ..¹”23¹1t52qu‘i‘..{¹.¹¹323¹¹1.3¹3²2‘f3.„ffi‘2..2‘{⁸¹²
1735 3461 1781 3491 ⁰⁸
1803 3462 1897 3492 ⁰⁵⁵⁶
