2222 3938
619 181 721 236 ET
758 179 1347 237 ANNOTATIONES.
1772 172 1899 236 509

211 310 381 379 Μέχρι
402 310 508 378 τῆξ
519 315 616 363 νῦν
642 307 797 379 ἀρχῆς
818 302 1184 380 Ἀλεξάνδρου.]
1216 314 1336 362 Post
1358 330 1513 362 annos
1535 312 1595 361 ab
1620 312 1739 363 orbe
1765 331 1901 364 crea-

69 391 125 432 to
157 382 310 438 4725.
339 383 517 447 quibus
554 383 668 430 iniit
697 385 953 449 Olympias
990 384 1150 449 prima
1187 385 1250 432 ad
1282 402 1467 433 annum
1506 385 1664 440 5159.
1706 402 1804 450 quo
1839 404 1902 435 ex

72 453 375 503 correctiore
401 454 591 502 calculo
616 454 800 518 regiam
826 456 991 504 sedem
1020 455 1142 503 adiit
1157 454 1454 520 Alexander,
1481 456 1598 504 anni
1620 473 1902 505 numeran-

70 532 154 575 tur
177 525 296 578 433.

210 591 325 646 Ἀπὸ
359 591 414 646 δὲ
445 594 625 660 Τροίας
650 589 923 661 οἷλῶσεως.].
956 596 1170 660 Contigit
1203 614 1332 645 anno
1359 604 1475 662 post
1506 596 1684 645 mundi
1720 597 1901 645 condi-

69 673 178 714 tum
209 667 362 719 4330.
388 683 415 712 a
445 682 545 729 quo
582 666 645 713 ad
676 683 858 714 annum
888 667 1041 720 5159.
1066 668 1215 715 medii
1244 671 1362 722 828.
1391 668 1752 718 intercurrunt.
1824 668 1905 717 Ad

69 736 271 786 Eusebii
302 742 514 784 mentem
550 737 689 785 aliud
723 737 928 786 calculis
961 739 1180 803 pretium
1220 738 1397 787 adiicit
1423 740 1639 803 Scaliger
1672 739 1902 789 Animad.

108 825 131 854 a
168 845 179 856 .
208 809 328 861 259.

69 825 104 873 P
135 824 166 871 g
214 873 358 927 Κατὰ
381 874 670 942 Δέξιππον]
709 878 870 926 Huius
905 878 965 926 de
1000 878 1352 928 Macedonibus
1379 880 1680 929 narrationis
1704 879 1903 946 Dexip-

69 964 193 1014 pum
219 947 476 997 authorem
505 949 721 1013 primum
745 949 867 997 haec
887 948 1037 998 verba
1064 959 1295 1014 arguunt.
1371 951 1492 1011 Quis
1518 952 1670 1000 fuerit
1694 951 1902 999 Trebel·-

69 1019 166 1067 lius
187 1019 348 1067 Pollio
377 1019 432 1066 in
463 1020 704 1067 Gallienis
736 1019 930 1068 duobus
965 1020 1218 1069 edisserit:
1255 1024 1381 1069 Dux
1406 1031 1452 1068 et
1476 1025 1690 1086 scriptor
1717 1031 1902 1086 tempo-

70 1107 211 1151 rum,
251 1088 456 1138 Athenis
492 1091 653 1155 patria
697 1090 897 1154 dignus:
934 1091 1005 1138 De
1047 1091 1314 1141 Alexandri
1346 1092 1518 1156 gestis,
1572 1093 1632 1140 de
1667 1092 1903 1156 Scythica

74 1159 292 1208 Gallieni
316 1161 661 1226 expeditione,
699 1161 755 1207 in
792 1162 1089 1224 categorias,
1129 1171 1176 1210 et
1199 1164 1296 1210 alia
1322 1163 1595 1228 scripsisse,
1630 1162 1900 1228 Eunapius‚

69 1231 298 1289 Photius,
337 1231 540 1294 Suidas,
579 1238 627 1279 et
647 1232 848 1279 Tzetzes
870 1239 1130 1283 testantur.
1204 1233 1315 1281 Alia
1340 1234 1400 1281 de
1434 1235 1546 1283 viro
1575 1234 1814 1298 Scaliger,
1854 1241 1904 1281 et

69 1301 276 1350 Vossius
316 1302 403 1351 lib.
438 1308 486 1356 2.
547 1302 800 1366 Excerpta
831 1302 893 1349 de
927 1302 1259 1365 legationibus
1303 1304 1479 1367 Regiae
1519 1304 1903 1369 Typographiae

70 1372 312 1420 nonnulla
339 1373 443 1420 eius
468 1373 741 1435 fragmenta
769 1381 1158 1437 repraesentant.
1231 1375 1415 1422 Utrum
1448 1392 1601 1439 porro
1624 1373 1749 1425 κατοέ
1771 1374 1905 1435 λέξιν

69 1443 406 1492 narrationem
436 1443 568 1490 hanc
591 1443 873 1508 Dexippus,
909 1445 991 1491 vel
1019 1461 1082 1491 ex
1103 1443 1207 1491 eius
1232 1445 1434 1510 scriptis
1457 1445 1697 1508 Georgius
1723 1446 1903 1494 condi-

71 1514 226 1562 derit:
263 1513 510 1562 incertum
538 1522 626 1563 est.
695 1515 886 1562 Laudat
919 1513 1049 1561 enim
1080 1515 1363 1580 Dexippum
1392 1515 1657 1579 Georgius:
1694 1517 1796 1565 eius
1823 1525 1902 1564 ta-

68 1601 181 1634 men
213 1583 343 1632 hanc
365 1602 467 1632 esse
498 1584 768 1632 dictionem
796 1583 934 1632 haud
952 1585 1152 1633 asserit:
1191 1603 1339 1650 quare
1363 1603 1468 1634 non
1495 1587 1711 1653 Dexippi
1738 1585 1905 1636 histo-

69 1655 222 1718 riam,
258 1655 346 1704 sed
375 1673 402 1703 a
436 1655 647 1718 Georgio
675 1655 942 1720 Synopsim
974 1655 1208 1719 digestam
1236 1656 1482 1707 existimo,

208 1726 320 1790 Pag.
359 1725 478 1780 264.
500 1721 639 1791 ’Ἅμα
662 1730 726 1795 τῇ
756 1721 996 1794 βαρβάρῳ
1024 1727 1188 1795 διαίτῃ
1223 1727 1304 1791 ἔτη
1338 1726 1420 1791 ἕξ]
1471 1726 1514 1775 Α
1547 1727 1744 1776 devicta
1771 1728 1903 1776 Per-

69 1796 166 1844 sia:
201 1804 353 1862 prout
377 1797 548 1844 Canon
572 1804 778 1860 uterque
798 1795 1175 1845 Mathematicus
1198 1805 1247 1844 et
1265 1798 1645 1845 Ecclesiasticus
1670 1798 1903 1847 determi-

68 1875 206 1915 nant.
278 1868 590 1916 Praesentem
618 1867 881 1916 lectionem
910 1867 1138 1915 emendat
1163 1869 1381 1932 Scaliger
1404 1886 1516 1933 pag.
1543 1868 1628 1922 48.

207 1935 411 1989 Λσιπόν
435 1937 520 1988 καὶ
546 1934 664 1997 τούς
687 1935 793 2003 μετ’
819 1933 1008 2004 αὐτόν]
1046 1938 1146 2001 Ista
1178 1939 1505 2003 paucioribus
1535 1945 1791 1988 contracta
1820 1939 1903 1989 le-

67 2025 150 2073 ges
173 2008 306 2074 apud
335 2008 603 2057 Eusebium
629 2008 865 2072 Scaligeri
888 2025 998 2074 pag.
1024 2007 1109 2062 48.
1292 2065 1294 2068 ¹

210 2078 312 2129 Καὶ
333 2073 578 2144 Ῥωξάνης
603 2082 696 2143 τῆς
720 2079 976 2148 Δαρείου]
1014 2080 1084 2126 'Ut
1109 2078 1358 2128 Authores
1385 2080 1628 2145 plerique,
1656 2080 1726 2127 ita
1746 2080 1900 2128 Geor.

68 2148 176 2212 gius
208 2166 359 2213 unus,
395 2150 546 2198 modo
579 2149 812 2214 Darium,
849 2151 1001 2198 modo
1030 2150 1305 2215 Oxyartem
1335 2152 1567 2200 Roxanes
1592 2159 1786 2217 patrem
1819 2151 1900 2198 af-

64 2219 249 2268 firmat.

211 2290 324 2354 Pag.
360 2289 478 2344 265.
518 2285 662 2340 Κατοέ
687 2286 782 2355 τὴν
808 2285 917 2357 ριδ’.
952 2285 1307 2357 Ὀλυμπιάδα]
1361 2290 1630 2340 Character
1671 2291 1775 2342 MS.
1814 2290 1902 2339 in·-

68 2367 147 2408 ter
173 2357 286 2428 ρια’.
309 2368 358 2408 et
382 2356 491 2424 ριδ’.
526 2361 589 2409 ob
615 2359 957 2409 characterum
982 2362 1270 2409 affinitatem
1294 2369 1343 2409 et
1364 2361 1770 2411 incertitudinem
1803 2362 1900 2409 ob-

68 2447 249 2479 scurus
283 2432 531 2496 Scaligero
567 2448 679 2497 pag.
713 2431 795 2484 48.
832 2432 1016 2496 legitur
1045 2427 1145 2498 ριε’.
1174 2433 1434 2497 Olympias
1462 2433 1578 2486 114.
1607 2449 1670 2480 ex
1696 2430 1900 2480 Antho-

67 2502 139 2551 ris
170 2509 407 2567 computo
438 2502 491 2549 in
525 2519 709 2550 annum
736 2504 889 2555 5178.
918 2502 1126 2565 incidit,
1164 2503 1254 2567 qui
1282 2503 1546 2551 Cassandri
1568 2502 1899 2552 Macedonum

67 2572 196 2636 regis
222 2572 427 2621 secundi
449 2573 657 2637 imperio
677 2572 815 2620 dedit
838 2573 1053 2635 initium,
1087 2573 1300 2621 Aridaeo
1330 2581 1446 2639 post
1467 2573 1608 2637 regni
1630 2573 1898 2640 septimum

68 2642 246 2691 mundi
267 2644 419 2697 5177.
460 2643 775 2708 Olympiadis
805 2646 921 2697 113.
945 2661 1076 2692 anno
1102 2645 1151 2697 4.
1187 2644 1318 2692 vivis
1344 2651 1542 2709 erepto:
1579 2661 1606 2691 a
1637 2662 1737 2710 quo
1767 2646 1898 2712 βρα-

68 2710 163 2779 χΰν
188 2708 370 2779 χρόνον
395 2710 604 2777 ὕστερον
626 2713 883 2778 Olympias
908 2714 1179 2763 Alexandri
1205 2722 1362 2763 mater
1379 2714 1694 2765 interficitur.
1861 2779 1863 2781 Ι

210 2784 323 2847 Pag.
362 2789 484 2839 266.
513 2783 633 2850 ’Έτη
660 2780 721 2850 β’.
748 2783 834 2835 καὶ
863 2789 1027 2850 μῆνας
1057 2781 1142 2850 ς’.]
1195 2784 1365 2833 Annos
1405 2784 1636 2850 equidem
1674 2786 1896 2851 quinque

67 2852 367 2918 Lysimacho
406 2855 620 2919 assignat
653 2855 869 2920 Dexippi
903 2856 1197 2904 laterculum
1230 2855 1295 2904 ad
1330 2856 1601 2920 marginem
1634 2874 1745 2922 pag.
1774 2860 1894 2910 262.

68 2923 207 2972 Duos
241 2942 306 2973 ex
335 2925 624 2975 authoribus
663 2926 772 2974 aliis
801 2925 1018 2974 detrahit
1040 2925 1278 2990 Georgius
1306 2943 1415 2991 pag.
1445 2931 1563 2982 270.
1586 2927 1642 2977 Β.
1670 2943 1795 2992 quae
1822 2932 1897 2974 est

68 2996 346 3059 praesentis
372 2996 730 3046 emendationis
752 2997 899 3047 ratio.
974 2997 1231 3046 Caeterum
1263 3014 1455 3046 menses
1488 2997 1677 3063 aliquot
1711 2998 1767 3045 in
1801 3014 1896 3045 an·-

68 3080 192 3112 num
222 3083 250 3112 a
275 3066 486 3130 Georgio
509 3068 677 3133 putari
705 3068 824 3115 alibi
854 3068 1245 3119 observavimus.

209 3133 470 3188 Βασιλεύει
498 3138 579 3204 ἔτη
604 3134 716 3204 λβ’.]
757 3138 857 3186 Cur
882 3155 1038 3188 annus
1068 3140 1192 3188 alter
1225 3138 1283 3187 in
1315 3137 1659 3187 emendatione
1694 3135 1898 3185 additus

67 3220 178 3271 pag.
210 3206 331 3260 274.
362 3207 455 3254 sub
477 3208 679 3257 initium
706 3209 896 3261 edocet.

211 3278 327 3340 Pag.
365 3282 485 3331 267.
521 3275 782 3330 Βασιλεύει
808 3274 1129 3330 Μακεδόνων
1153 3278 1236 3346 ἔτη
1262 3275 1386 3345 μδ’.]
1421 3278 1495 3327 Ita
1524 3275 1761 3341 Georgius
1787 3291 1892 3324 non

69 3362 168 3396 uno
193 3346 325 3396 loco.
375 3348 611 3412 Scaligeri
633 3349 994 3414 Typographus
1020 3349 1102 3416 ἔτη
1123 3346 1217 3401 κδ’.
1252 3352 1482 3400 Erronee.

220 3413 291 3467 To?
312 3414 470 3483 ἡμίση
494 3422 596 3469 τῶν
620 3425 772 3471 τελῶν
801 3421 959 3470 δίδειν
981 3418 1317 3488 προσέταξεν]
1358 3421 1516 3466 Locus
1544 3415 1606 3465 ob
1633 3431 1892 3480 apparen-

67 3493 141 3537 tes
165 3487 390 3538 soloecos
429 3488 652 3541 vitiatus.
724 3491 768 3539 A
795 3491 981 3539 Senatu
1017 3491 1203 3559 quippe
1235 3491 1300 3541 ad
1330 3491 1601 3552 Romanos,
1638 3493 1687 3535 et
1719 3485 1780 3534 ab
1811 3484 1892 3535 his
