2222 3938
631 181 732 236 ET
770 177 1358 237 ANNOTATIONES.
1487 250 1490 253 Ι
1787 171 1911 232 495

227 307 371 363 Kato?
418 308 474 363 δὲ
510 308 602 364 τόν
637 307 867 381 παρόντα
900 305 1344 378 ἕκκλησιαστικόν.]
1404 308 1448 360 A
1485 308 1802 359 Nabonasaro
1850 312 1914 360 ad

0 399 9 445 ;
85 382 349 449 Astyagem
383 399 539 430 annos
576 386 693 438 175.
738 391 968 432 numerat
999 382 1378 432 Astronomicus
1411 383 1609 430 Canon:
1650 382 1710 429 ab
1738 382 1912 430 eodem

82 470 257 504 rursus
275 451 595 501 Nabonasaro
623 472 714 520 per
741 455 1015 503 Chaldaeos
1036 471 1173 518 reges
1201 453 1418 501 deducto
1452 453 1748 501 :numerandi
1774 453 1914 500 ordi-

82 541 147 574 ne
172 534 368 573 centum
405 532 452 572 et
486 524 611 573 duos
635 542 789 591 supra
825 525 1093 589 nonaginta
1128 525 1378 590 putandos
1406 523 1711 572 demonstrat
1735 524 1917 572 Eccle-

83 595 311 644 siasticus
354 595 523 642 Canon
564 613 674 660 pag.
713 600 834 650 208.
870 596 969 644 hoc
1007 603 1170 661 pacto.
1228 594 1532 643 Nabonasari
1557 597 1639 648 25.
1689 594 1832 643 Nabii
1865 598 1915 647 8.

85 664 316 714 Chinzeri
354 673 404 713 et
429 665 542 714 Pori
579 666 628 719 5.
657 666 831 715 Ilulaei
869 668 916 720 5.
953 666 1351 731 Mardocempadi
1381 671 1464 720 12.
1501 664 1714 713 Arceani
1735 666 1782 719 5.
1821 665 1911 713 In-
1943 673 1995 717 P.
2019 673 2078 719 63

83 735 300 800 terregni
322 741 372 790 2.
400 735 583 784 Belithi
616 740 665 790 3.
704 737 1031 803 Aporanadisi
1066 742 1117 790 6.
1158 736 1388 799 Iregibali
1424 740 1470 789 1.
1500 736 1917 785 Messisimordaci

82 808 148 861 4³
169 807 443 869 interregni
467 807 684 857 alterius.
723 811 771 861 8.
809 807 1086 856 Isarindeni
1114 810 1197 860 13.
1236 805 1530 855 Saosduchii
1557 811 1606 861 9.
1647 807 1918 856 Cinelada-

82 878 139 926 ni
166 878 248 931 14.
282 877 633 943 Nabopalasari
672 882 756 932 21.
791 878 1257 927 Nabuchodonosor
1290 878 1375 931 43.
1424 877 1606 926 Evilad
1648 877 1918 927 Merodach

83 949 136 1002 5.
175 948 399 997 Baltasar
427 951 479 1002 3.
518 948 749 1014 Astyagis
785 953 832 1002 1.
879 951 1083 997 Summa
1121 953 1237 1003 192.
1309 948 1492 998 Verum
1528 948 1589 996 de
1627 947 1917 998 huiusmodi

81 1018 382 1067 numerandi
403 1019 485 1068 via
506 1037 611 1067 non
633 1028 707 1068 est
731 1019 946 1068 Authori
974 1019 1329 1068 consideratio:
1369 1019 1457 1068 sed
1491 1018 1552 1066 de
1586 1035 1640 1066 ea
1656 1057 1669 1082 ‚
1708 1037 1833 1084 quae
1859 1027 1919 1068 ut

82 1106 112 1137 a
138 1089 303 1155 primo
331 1089 491 1138 limite
515 1090 575 1138 ab
612 1108 726 1140 aera
750 1091 1056 1139 Nabonasari
1095 1108 1224 1138 anno
1248 1091 1405 1143 4747.
1433 1106 1523 1155 per
1546 1089 1807 1139 Medorum
1833 1107 1920 1138 re·-

81 1177 164 1224 ges
190 1160 423 1225 procedit
446 1160 509 1208 ad
530 1160 795 1227 Astyagem
822 1179 952 1209 anno
978 1162 1134 1215 4921.
1159 1162 1223 1209 ad
1249 1161 1434 1224 regiam
1454 1160 1743 1224 dignitatem
1763 1178 1922 1210 voca—

81 1238 216 1292 tum,
255 1238 304 1279 et
340 1249 366 1279 a
391 1233 615 1297 praefato
642 1232 946 1281 Nabonasari
971 1232 1179 1281 exordio
1205 1231 1308 1280 sive
1342 1249 1472 1279 anno
1496 1231 1652 1284 4747.
1690 1231 1755 1280 ad
1782 1231 1921 1280 hunc

82 1317 242 1366 usque
273 1303 544 1350 terminum
581 1304 736 1357 4921.
772 1303 961 1369 reperit
987 1302 1184 1352 Author
1216 1302 1336 1356 175.
1369 1319 1500 1350 anno
1530 1301 1721 1351 scilicet
1755 1303 1922 1351 minus

83 1388 235 1436 quam
263 1371 319 1419 in
343 1372 692 1421 Astronomico
724 1375 937 1422 Canone.
1008 1374 1216 1438 Hocque
1244 1381 1318 1422 est
1343 1374 1477 1439 apud
1516 1373 1784 1437 Georgium
1812 1374 1922 1421 Ma-

79 1441 410 1491 thematicum
434 1445 682 1492 Canonem
709 1444 1058 1493 Astronomico
1089 1444 1350 1510 componi:
1387 1461 1558 1493 verum
1579 1443 1922 1493 Ecclesiastici

83 1513 298 1561 Canonis
333 1514 451 1581 (qui
484 1514 757 1564 Chaldaeos
792 1524 840 1563 et
867 1532 1041 1564 eorum
1069 1531 1206 1580 reges
1238 1514 1481 1583 respicit)
1518 1514 1720 1563 nomine
1749 1514 1920 1563 abuti·-

81 1590 193 1632 tur:
233 1601 387 1649 quare
413 1602 518 1635 non
544 1604 707 1652 anno,
743 1587 829 1636 sed
855 1591 936 1641 17.
962 1589 1129 1635 minus
1157 1586 1549 1634 consentientem
1566 1585 1922 1635 Astronomico

81 1655 373 1704 declaravit.

223 1741 338 1805 Pag.
373 1743 494 1796 232.
527 1739 584 1792 Ὃ
607 1736 762 1802 αὐτός
787 1739 875 1793 καὶ
898 1736 1247 1809 Ἀρταξέρξης]
1285 1739 1526 1789 Affinium
1551 1739 1840 1789 nominibus
1866 1739 1924 1789 in

82 1827 138 1860 se
170 1811 425 1860 translatis
460 1819 566 1861 tam
601 1811 739 1861 varie
785 1820 995 1862 vocatus
1045 1814 1295 1893 Astyages,
1382 1811 1666 1861 Tol-niellus
1709 1811 1774 1860 ad
1808 1827 1924 1860 ann.

82 1881 239 1937 3456.
299 1882 426 1930 Eum
466 1882 647 1932 Esther
678 1900 890 1932 uxorem
925 1883 1130 1932 duxisse
1165 1884 1255 1931 vix
1290 1882 1538 1931 Meicator
1574 1890 1622 1931 et
1657 1882 1744 1930 alii
1772 1883 1925 1948 pauci

84 1969 196 2000 cum
216 1952 443 2002 Authore
469 1953 695 2003 credunt.
771 1954 1072 2003 Chronicon.
1103 1954 1239 2005 Alex.
1277 1951 1407 2013 τινές
1435 1967 1560 2018 φασι
1588 1950 1673 2005 τόν
1704 1958 1925 2020 Δαρεῖον

81 2022 170 2074 καὶ
199 2016 473 2092 Ἀστυάγην
505 2023 883 2093 ἐπικεκλῆσθαι.
946 2027 1096 2074 Sunt
1127 2027 1217 2092 qui
1254 2033 1485 2073 censeant
1523 2024 1664 2072 lzzmc
1690 2026 1926 2072 Darium

82 2094 362 2160 Astyagem
385 2104 638 2145 vocatum.

222 2185 345 2243 ’Ano
385 2189 809 2260 Ναβονασοῖρου’
792 2191 876 2259 ε’τη
916 2192 1143 2260 γινονται
1179 2187 1287 2261 σιγ’.
1275 2190 1309 2256 .]
1358 2190 1434 2240 Ab
1468 2209 1581 2240 aera
1613 2191 1923 2241 Nabonasari

85 2262 150 2312 ad
172 2260 405 2327 Astyagis
424 2266 564 2327 regni
591 2265 779 2312 exitum
813 2265 982 2311 Canon
1011 2264 1388 2312 Astronomicus
1420 2280 1576 2311 annos
1601 2267 1925 2316 20911111ῃο-

83 2340 189 2396 rat,
227 2332 633 2398 Ecclesiasticus,
666 2351 836 2400 pares:
875 2334 1160 2400 discrepent
1184 2334 1303 2381 licet
1330 2332 1462 2381 inter
1489 2350 1564 2396 se,
1603 2333 1740 2397 quod
1767 2350 1922 2398 supe·
1959 2390 1973 2404 .

81 2403 301 2453 rioribus
339 2405 536 2469 regibus
576 2405 737 2471 spatio
768 2405 998 2453 breviore
1037 2421 1302 2466 concesso,
1341 2404 1512 2451 Canon
1545 2404 1921 2452 Astronomicus

82 2473 290 2539 Astyagi
323 2475 511 2524 solidos
548 2476 633 2530 34.
675 2492 859 2538 annos,
897 2475 1272 2523 Ecclesiasticus
1305 2473 1562 2538 prioribus
1588 2474 1770 2522 eisdem
1802 2475 1921 2524 dato

81 2544 314 2594 uberiore
337 2553 588 2612 tempore,
624 2545 852 2611 Astyagis
878 2545 1228 2611 septemdecim
1262 2562 1290 2592 a
1323 2544 1518 2593 devicta
1541 2545 1795 2611 Babylone
1819 2563 1921 2612 po-

3 2664 5 2667 .
81 2615 276 2665 nendos
304 2617 519 2666 sanciat:
554 2616 685 2666 idem
707 2625 873 2664 tamen
890 2616 1265 2665 Ecclesiasticus
1291 2615 1463 2663 Canon
1492 2614 1693 2680 Astyagi
1713 2616 1921 2681 triginta

83 2694 135 2735 et
157 2693 272 2735 octo
304 2687 622 2737 ascribendos
648 2687 922 2750 existimat,
957 2687 1048 2734 ubi
1070 2687 1229 2735 Medis
1257 2703 1359 2735 uno
1386 2703 1536 2752 supra
1561 2686 1772 2751 viginti,
1808 2695 1921 2736 tum

83 2755 242 2808 Medis
268 2757 417 2807 simul
438 2776 496 2807 ac
518 2758 807 2824 Babyloniis
831 2757 1183 2824 septemdecim
1204 2757 1531 2823 imperantem
1556 2757 1786 2810 inducit:
1820 2775 1921 2806 un-

86 2827 149 2876 de
172 2827 257 2890 fit,
293 2837 350 2878 ut
374 2829 496 2878 licet
531 2829 883 2878 Astronomico
921 2830 1120 2878 Canone
1150 2845 1300 2891 usus,
1341 2844 1454 2875 cum
1489 2827 1632 2876 iuxta
1658 2829 1920 2878 Ecclesia-

85 2898 268 2947 sticum
298 2907 431 2948 totos
453 2900 509 2949 in
534 2901 747 2950 Mediam
777 2907 826 2947 et
854 2899 1172 2965 Babyloniam
1206 2898 1470 2965 Astyagaei
1503 2898 1644 2963 regni
1677 2899 1923 2966 quispiam

85 2978 315 3018 numerat
349 2988 533 3035 annos,
575 2972 629 3020 id
654 2979 727 3020 est
748 2977 861 3019 octo
888 2988 1036 3037 supra
1062 2971 1293 3035 triginta,
1330 2969 1541 3018 ultimus
1570 2987 1739 3020 eorum
1765 2987 1792 3017 a
1813 2970 1923 3018 Na-

84 3038 317 3088 bonasari
337 3058 479 3104 aera,
517 3045 637 3097 213.
668 3059 762 3090 ceu
788 3049 968 3090 metam
993 3042 1220 3106 attingit,
1260 3056 1382 3105 quae
1413 3040 1468 3088 in
1488 3040 1650 3107 priori
1673 3041 1922 3090 Astrono-

84 3109 218 3158 mico
255 3111 318 3159 ad
354 3116 475 3166 209.
510 3113 612 3162 fixa
649 3113 929 3165 videbatur.
1012 3113 1148 3161 Haec
1181 3111 1382 3161 Author
1411 3111 1465 3159 in
1497 3111 1743 3178 margine,
1780 3109 1921 3159 cuius

86 3180 454 3230 emendationes
481 3182 690 3248 virgulis
719 3183 939 3233 inclusae
967 3200 1030 3232 ex
1057 3182 1339 3250 praemissis
1366 3189 1556 3249 patent.

228 3280 342 3344 Pag·
380 3283 500 3335 233.
541 3280 653 3333 Τοῦ
674 3278 729 3333 δὲ
751 3277 939 3349 κόσμου
964 3275 1034 3348 ἦν
1058 3282 1163 3343 ἔτος
1185 3276 1379 3352 6222243'
1381 3281 1401 3347 ]
1440 3281 1542 3341 Qui
1566 3279 1687 3328 felix
1706 3278 1923 3326 faustus-

88 3365 185 3414 que
220 3349 582 3415 Chronologico
618 3352 817 3417 Georgii
856 3354 1077 3418 Syncelli
1112 3353 1279 3401 textui
1314 3353 1502 3401 eluceat
1524 3349 1674 3413 Regio
1699 3349 1921 3412 signatus

87 3420 283 3482 colore,
334 3437 433 3485 quo
475 3431 791 3472 occurrentes
820 3423 1080 3488 hucusque
1113 3423 1452 3473 Librariorum
1486 3428 1535 3468 et
1568 3423 1731 3484 operis
1766 3419 1922 3483 ipsius

87 3505 279 3540 errores
304 3491 629 3543 emendentur
657 3494 741 3544 vel
766 3502 1116 3554 amoveantur,
1154 3502 1205 3544 et
1231 3502 1516 3559 temporum
1547 3490 1678 3539 ratio
1712 3489 1917 3556 placido
