2222 3938
631 201 731 255 ET
765 200 1354 258 ANNOTATIONES.
1776 193 1904 260 515

73 327 200 377 Iuda
221 327 479 381 historiam
504 335 554 378 et
582 333 700 384 281.
730 330 787 381 D.
835 331 907 379 De
939 332 1112 382 Iasone
1141 350 1169 383 a
1207 334 1318 391 Iesu
1351 332 1459 393 filio
1501 331 1677 382 Sirach
1707 333 1902 386 diverso

74 399 259 448 iterum
293 400 532 463 Georgius
561 415 668 465 pag.
690 404 812 455 286.
847 402 905 451 D.

213 471 326 534 Pag·
363 475 484 524 277.
506 466 621 520 ’Ὅτι
653 476 721 538 τῷ
754 467 870 539 ρλζ.
903 472 1156 538 βασιλείας
1175 469 1460 540 Ἑλλήνων]
1494 475 1714 538 Regnum
1742 474 1903 523 Grae-

75 556 276 602 corum,
314 540 375 588 de
415 557 514 605 quo
540 541 758 592 Maccab.
790 547 834 596 1.
864 560 973 608 cap.
1002 551 1047 598 1.
1079 548 1238 598 v.11.
1272 544 1408 595 idem
1451 546 1586 610 quod
1613 545 1903 594 Seleucida-

70 626 213 672 rum,
251 618 367 675 post
390 612 657 659 Alexandri
684 612 747 660 M.
773 613 963 661 obitum
994 621 1042 662 et
1069 631 1226 663 annos
1251 614 1512 664 duodecim
1543 617 1796 681 piopriam
1828 616 1901 664 si—

70 681 125 730 bi
148 697 310 729 aeram
338 682 624 744 constituit,
662 700 688 730 a
717 683 853 731 cuius
877 684 1035 733 limite
1064 685 1299 751 proximo
1329 686 1392 733 ad
1417 685 1654 733 Antiochi
1675 685 1901 752 Epipha-

67 750 150 800 nis
182 759 380 816 tempus
418 753 659 800 Eusebius
696 761 745 800 et
778 754 861 817 qui
899 772 1065 804 sacros
1094 757 1310 804 Annales
1343 764 1620 804 tractaveie
1655 756 1896 811 Salianus

70 822 353 870 'formellus
365 859 378 883 ,
419 823 660 887 Scaliger,
696 824 954 888 Petavius,
993 833 1041 873 et
1074 826 1160 873 alii
1186 844 1284 874 una
1313 843 1427 874 cum
1454 843 1596 875 sacro
1631 834 1774 875 textu
1799 845 1901 876 an-

69 909 163 940 nos
190 895 309 946 137.
345 902 627 943 numerant.
703 894 941 958 Georgius
983 904 1152 944 noster
1182 897 1284 945 fixa
1325 897 1388 944 ad
1418 914 1602 945 annum
1626 898 1901 947 Alexandri

69 970 278 1011 mortem
314 972 579 1027 sequutum
619 965 992 1014 Seleucidarum
1028 983 1166 1030 aera,
1204 975 1252 1015 et
1294 983 1424 1015 anno
1465 984 1561 1015 uno
1593 968 1813 1031 Seleuci,
1851 976 1902 1017 et

69 1034 226 1082 altero
253 1033 488 1082 Antiochi
515 1035 746 1083 Callinici
766 1053 917 1099 regno
949 1045 1147 1101 piaeter
1175 1036 1372 1086 Eusebii
1399 1037 1617 1086 calculos
1651 1039 1897 1087 concessis

70 1121 227 1152 annos
253 1107 369 1158 139.
397 1105 456 1152 ab
485 1106 757 1154 Alexandri
786 1107 924 1156 obitu
949 1108 1012 1155 ad
1039 1116 1366 1158 memoratum
1394 1108 1702 1188 Epiphanem
1726 1109 1897 1157 Antio-

69 1173 220 1222 chum
246 1175 416 1240 ponit:
455 1193 512 1224 ac
546 1176 753 1242 insuper
781 1185 890 1226 toto
926 1178 1166 1226 decennio
1190 1196 1217 1226 a
1245 1179 1498 1228 communi
1526 1178 1810 1227 Seleucida1
1816 1197 1897 1226 um

67 1261 180 1293 aera
202 1245 477 1310 divagatur,
511 1247 647 1312 quod
676 1247 817 1295 annis
842 1249 1120 1312 duodecim,
1152 1250 1292 1314 prius
1324 1266 1472 1312 quam
1500 1266 1592 1313 par
1617 1249 1762 1314 foret,
1791 1267 1896 1298 eam

66 1316 291 1364 stabilire
324 1333 562 1382 praeceps
603 1319 940 1369 anteverterit.
1025 1319 1224 1383 Georgii
1263 1319 1644 1367 hallucinationi
1679 1320 1897 1368 demon-

67 1387 299 1435 strandae
329 1388 565 1453 proprius
591 1396 823 1437 occurret
844 1390 983 1437 locus
1008 1389 1071 1437 ad
1095 1406 1207 1454 pag.
1237 1393 1356 1444 286.
1401 1391 1774 1454 Quemcumque
1792 1390 1897 1439 eius

66 1473 286 1506 errorem
324 1465 373 1505 et
409 1475 654 1507 annorum
684 1459 933 1507 defectum
964 1460 1322 1508 emendatiores
1361 1468 1562 1510 nostrae
1589 1460 1786 1508 tabulae
1812 1477 1896 1509 re-

58 1528 276 1576 stituent
307 1529 369 1575 ad
408 1529 565 1594 ipsius
603 1529 804 1594 Georgii
841 1538 1082 1592 mentem,
1118 1530 1206 1596 qui
1234 1531 1352 1578 licet
1391 1531 1896 1611 Syromacedonicum

60 1598 331 1679 imperium
366 1599 427 1646 ab
461 1600 734 1648 Alexandri
769 1600 908 1648 obitu
934 1617 1298 1666 nonnunquam
1320 1601 1604 1664 emetiatur,
1638 1601 1702 1648 ad
1733 1602 1897 1649 casti-

63 1670 275 1733 gatiores
298 1671 518 1718 calculos
545 1671 844 1735 quandoque
870 1687 1126 1733 reversus,
1164 1671 1225 1718 ab
1254 1671 1398 1719 annis
1423 1671 1782 1746 posterioribus
1806 1672 1896 1720 de-

64 1740 354 1789 ducendum
371 1741 646 1807 permittit,
684 1741 745 1789 de
775 1758 873 1806 quo
900 1750 1020 1790 nota
1047 1742 1285 1791 inferiore
1309 1750 1448 1789 sexta
1476 1749 1706 1790 occurret
1729 1758 1897 1794 exem-

99 1811 220 1860 lum.

57 1828 94 1877 P
202 1882 317 1945 Pag.
354 1886 472 1937 282.
515 1880 697 1948 Τῖτος.]
734 1881 876 1931 Titus
909 1881 1146 1944 Quintius
1188 1881 1373 1931 Consul
1410 1881 1474 1931 ad
1520 1898 1706 1930 annum
1749 1882 1806 1935 V.
1841 1884 1895 1933 C.

61 1951 182 2007 555.
211 1968 325 2000 cum
345 1960 487 2001 sexto
517 1953 678 2002 Aelio.

206 2034 432 2121 Περσευς
469 2036 552 2102 ε’τη
586 2031 653 2102 η’.
687 2035 774 2088 καὶ
805 2041 971 2105 μῆνας
1008 2033 1062 2088 θ’
1065 2036 1098 2103 .]
1145 2036 1341 2086 Lubens
1378 2054 1670 2102 reponerem
1715 2036 1798 2102 ἔτη
1825 2034 1894 2088 θ’.

59 2106 147 2160 καὶ
174 2110 339 2173 μῆνας
367 2103 439 2158 θ’.
478 2107 679 2156 Author
706 2108 834 2156 enim
861 2125 971 2174 pag.
997 2113 1115 2162 267.
1140 2109 1196 2156 Β.
1231 2125 1329 2172 qua
1359 2108 1421 2155 de
1446 2107 1774 2155 Macedonum
1806 2124 1893 2155 re-

59 2179 202 2243 gibus
226 2177 462 2225 historice
485 2185 692 2240 tractat,
732 2179 1003 2245 completos
1039 2179 1207 2226 decem
1240 2194 1426 2240 annos,
1461 2184 1613 2242 prout
1650 2175 1891 2226 Eusebius

61 2256 112 2298 et
139 2264 401 2313 sequaces,
438 2247 737 2313 impertitur.

210 2331 672 2394 Wovdoqottmnog'
656 2330 761 2392 ε’τος
787 2329 881 2396 ἕν.]
916 2330 1169 2379 Eusebius.
1213 2327 1684 2394 Pseudophilippus
1708 2339 1891 2394 regnat

61 2406 119 2453 in
145 2401 449 2450 Macedonia
490 2420 621 2449 anno
665 2419 782 2450 αηο.
854 2401 1069 2466 Scaliger
1107 2401 1159 2450 in
1194 2400 1889 2452 Pseudoeusebio.²152v60-

60 2475 307 2539 ‹plumos-
326 2472 681 2538 ἔβασίλευσεν’
664 2472 745 2538 ε’τη
775 2465 887 2522 δύο.

200 2551 435 2616 Ἐναλλοῖξ
468 2554 823 2621 ἐβασίλευσεν]
861 2554 1051 2603 Primae
1076 2554 1217 2603 vocis
1253 2554 1474 2603 defectus
1501 2556 1700 2603 sensum
1733 2554 1887 2602 muti-

59 2628 168 2676 lum
211 2627 367 2674 efficit
401 2626 720 2690 Scaligeriani
757 2625 955 2675 Eusebii
988 2642 1097 2690 pag.
1141 2625 1226 2678 54.
1277 2625 1612 2674 obscuriorem
1656 2624 1885 2687 inferius,

59 2696 367 2765 particulis’
343 2693 664 2762 εχρημάτισεν
690 2716 809 2759 ουν,
848 2697 902 2744 in
927 2690 1248 2761 ἐχρημάτισεν
1274 2692 1431 2758 εἶναι,
1467 2694 1689 2745 mutatis.

201 2783 314 2845 Pag·
349 2781 468 2836 284.
499 2780 553 2831 Ο
579 2776 840 2848 Κεραυνὸς
861 2775 1052 2845 ἐκληθη
1090 2778 1172 2846 ἔτη
1196 2799 1252 2846 y.
1226 2775 1274 2847 '.]
1325 2779 1401 2846 'ry
1401 2777 1689 2846 pographus
1726 2777 1886 2828 Scali-

58 2852 168 2917 geri
193 2868 362 2902 errans
395 2851 477 2918 ἔτη
501 2847 562 2917 μ’.

203 2932 345 2987 Κατα
367 2954 463 3019 την
493 2930 604 3022 ρλξ.
628 2927 979 2997 Ὀλυμπιαὸα.]
1018 2932 1235 2996 Scaliger
1269 2932 1333 2980 ad
1361 2932 1558 2980 Eusebii
1589 2940 1880 2999 computum

59 3002 187 3058 κατοέ
219 3003 337 3071 τήν
352 3000 478 3072 ρλθ’.
515 3000 840 3084 Ὀλυμπιαὸα.
887 3002 1113 3065 Author,
1151 3002 1411 3051 duodecim
1446 3003 1618 3066 annis,
1664 3013 1723 3051 ut
1761 3011 1879 3051 nota

61 3084 201 3125 sexta
226 3077 480 3141 superiore
514 3074 883 3141 praemisimus,
922 3073 1294 3122 Seleucidalum
1319 3089 1474 3138 regno
1498 3074 1799 3139 anteposito,
1838 3072 1882 3119 si

57 3146 187 3195 bene
208 3153 435 3194 numeret
464 3145 526 3193 ad
562 3144 906 3210 Olympiadem
938 3144 1056 3198 134.
1093 3143 1382 3206 obeuntem,
1417 3143 1500 3192 vel
1536 3143 1599 3190 ad
1638 3143 1755 3195 135.
1792 3140 1882 3188 in·-

61 3225 260 3265 euntem
291 3214 527 3263 Antiochi
550 3215 714 3279 Magni
739 3221 944 3263 revocat
971 3213 1195 3262 initium:
1233 3231 1288 3263 eo
1328 3230 1445 3261 vero
1485 3211 1745 3260 duodecim
1784 3227 1879 3258 an-

59 3286 164 3348 nis,
200 3293 259 3334 ut
285 3285 412 3334 ratio
441 3292 719 3350 temporum
750 3284 935 3348 exigit,
973 3283 1229 3347 submoto,
1266 3283 1456 3349 primus
1494 3282 1598 3330 eius
1627 3296 1786 3327 annus
1821 3280 1877 3327 in

63 3355 372 3421 Olympiadis
399 3357 516 3408 137.
541 3371 725 3403 annum
758 3355 807 3408 4.
841 3355 1147 3418 comperitur
1168 3354 1414 3402 incidere·
1429 3367 1574 3415 quae
1603 3349 1730 3399 ratio
1763 3366 1877 3397 mo-

59 3433 147 3474 vet
174 3424 537 3473 Seleucidarum
574 3442 735 3473 aelam
760 3425 911 3487 longo
938 3426 1098 3488 spatio
1134 3423 1406 3472 Alexandri
1439 3427 1597 3468 morte
1629 3419 1879 3484 posterio-

59 3511 167 3545 rem
195 3511 553 3560 nonnunquam
580 3494 851 3544 Authorem
875 3494 1155 3558 agnovisse,
1194 3510 1256 3544 ex
1280 3500 1399 3542 nota
1426 3489 1681 3558 superiore
1708 3489 1876 3542 citata.
