2222 3938
301 203 427 263 4920
854 226 866 231 ·
907 207 1484 265 EMENDATIONES

433 341 652 410 Ἑβραῖοι
677 339 770 409 γάρ
793 339 847 392 οἱ
871 335 1094 407 Περᾶται
1114 336 1513 408 ἓρμηνεῦονται]
1543 340 1789 390 Mercerus
1824 337 1880 386 in
1914 337 2119 402 Pagnini

296 412 542 462 thesauro.
629 411 855 476 Quidam
907 423 1031 462 νῦν
1068 413 1384 475 Hebraeum,
1442 410 1697 459 deducunt
1734 429 1767 457 a
1809 407 1982 456 radice
2016 419 2119 458 Ὃν

297 485 552 544 traiicere,
591 485 837 542 transire5
877 479 1020 546 qaod
1041 499 1093 527 eo
1121 484 1318 529 nomine
1343 481 1608 529 Abraham
1638 484 1806 546 primo
1827 480 2001 542 fuerit
2032 477 2118 524 di-

297 563 406 600 ctas
432 572 466 600 a
496 554 818 601 Cleananaeis·
844 562 891 599 et
913 552 1255 600 Phoenicibus
1279 569 1392 598 cum
1418 553 1682 616 Euphrate
1706 552 1911 598 traiecto
1936 547 2010 595 ad
2040 566 2119 595 eos·

294 627 668 687 commigrasset
702 624 872 670 Genes.
899 623 980 675 14.
1001 633 1120 687 post
1141 622 1312 671 Rabbi
1337 622 1565 669 Selomolz
1589 641 1640 669 eo
1667 623 1802 668 loco:
1840 618 1979 685 quod
1995 628 2039 666 et
2064 635 2118 665 ex

293 695 449 744 Ieles‘.
476 694 556 745 24.
581 694 848 756 confirmat
876 695 1027 757 quasi.
1062 693 1580 757 Transeaplzralaeam
1612 691 1778 739 dicas:
1817 708 1915 756 quo
1953 688 2120 737 eodem

293 766 584 828 cognomine
617 766 769 809 etiam
804 762 868 809 ab
910 762 1179 826 Aegyptiis
1213 772 1258 810 et
1293 764 1415 809 aliis
1446 763 1680 828 gentibus
1712 761 1940 826 deinceps
1972 760 2037 807 ab
2065 777 2118 807 eo

293 832 633 880 descendentes
656 842 778 879 sant
803 835 1087 896 nuncupati
1108 834 1346 882 Hebraei.
1400 833 1454 881 id
1491 841 1565 882 est
1583 873 1597 897 ‚
1634 844 1809 883 :manv
1845 842 2118 879 transeun-

292 913 376 951 tes,
447 904 558 968 Ipse
591 903 990 968 Patronymioam
1023 906 1213 951 mavult
1249 920 1423 952 vocem
1444 914 1568 955 ³5:37
1591 904 1651 950 ab
1674 913 1774 952 Ἴον
1811 902 2119 951 descenden-

290 982 414 1034 tem,
467 991 530 1021 ex
572 973 744 1021 Genes.
784 977 866 1027 10.
946 975 1019 1021 Et
1051 975 1301 1037 Hebraei,
1346 974 1543 1038 inquit,
1590 984 1691 1022 Ὃν
1735 967 1848 1037 3⁴⁸th
1885 974 2121 1038 linguam

289 1044 484 1104 Heber,
542 1043 822 1090 Hebraeam
862 1045 1133 1108 appellant.
1206 1043 1321 1110 Non
1366 1045 1520 1109 magis
1552 1052 1717 1092 tamen
1755 1044 1918 1092 Heber
1949 1044 2120 1107 lingua

291 1114 560 1175 censenda,
603 1131 751 1179 quam
776 1114 1024 1161 Abraham
1048 1122 1131 1162 aut
1153 1114 1441 1180 Arpliaxad,
1479 1132 1592 1162 cum
1617 1114 1787 1162 eadem
1811 1131 1979 1162 omnes
2005 1115 2121 1161 fue-

290 1185 394 1232 rint
417 1185 598 1244 locuti,
636 1185 741 1232 loci
765 1184 1001 1232 nimirum
1033 1185 1252 1233 eiusdem
1273 1186 1493 1247 incolae,
1528 1192 1576 1233 et
1606 1202 1670 1232 ex
1693 1201 1791 1232 una
1826 1184 1980 1250 stirpe
2001 1184 2120 1231 nati.

291 1255 543 1314 Quocirca
579 1254 749 1318 lingua
787 1254 950 1303 Heber
982 1255 1139 1320 ipsius
1174 1255 1421 1304 Abraham
1451 1266 1572 1304 ’Ὃν
1596 1263 1694 1316 est,
1733 1272 1759 1301 a
1796 1272 1895 1318 quo
1929 1254 2122 1318 posteri

290 1325 600 1386 didicerunt,
636 1332 685 1372 et
712 1342 894 1373 nomen
917 1336 1091 1375 mmm?
1122 1325 1342 1375 Avarim
1377 1326 1481 1370 sive
1515 1335 1688 1372 zvini>
1723 1323 1888 1369 Iarim
1912 1339 2122 1387 accepe-

289 1403 437 1444 runt:
485 1395 618 1443 unde
665 1394 863 1442 Author
898 1395 1105 1441 inferius
1147 1410 1257 1458 pag.
1293 1398 1409 1446 102.
1456 1394 1510 1442 C.
1559 1389 1690 1442 οὕτω
1725 1391 1982 1459 κέκληται,
2035 1393 2119 1454 ait,

288 1463 413 1517 κατοὲ
444 1461 715 1531 περατικήν
740 1460 994 1514 διάλεκτον
1017 1463 1159 1511 iuxta
1187 1464 1478 1511 Hebraicam
1507 1463 1756 1511 videlicet.

418 1533 544 1600 ’Έτη
571 1529 771 1603 Ιγσοζᾌ]
819 1535 1111 1583 Mendosum
1150 1551 1415 1583 numerum
1453 1528 1583 1602 ‘7632
1616 1534 1668 1580 in
1700 1529 1857 1600 3160&st
1890 1550 2119 1581 commu-

290 1607 499 1654 tandum
540 1605 673 1669 cogit
702 1604 823 1653 haec
861 1607 1007 1653 ratio.
1082 1604 1124 1653 A
1155 1605 1331 1653 mundi
1367 1611 1481 1652 ortu
1520 1603 1582 1651 ad
1620 1604 1867 1652 diluvium
1893 1612 2121 1652 numerat

289 1677 555 1725 Africanus
610 1693 766 1722 annos
799 1680 955 1729 2262.
996 1676 1172 1739 quibus
1208 1676 1272 1723 ad
1305 1674 1531 1722 Abrahae
1563 1675 1778 1722 natalem
1820 1675 1949 1722 diem
1980 1675 2120 1723 addit

293 1748 415 1794 alios
447 1746 597 1799 1015.
631 1763 692 1792 ex
716 1753 928 1809 utraque
950 1746 1099 1809 igitur
1124 1763 1314 1793 summa
1340 1746 1538 1808 collegit
1562 1740 1718 1812 Ιγσοξ.
1743 1748 1898 1799 3277.

433 1817 676 1866 Λείπεται
697 1813 815 1883 πρὸς
837 1813 928 1880 τήν
962 1815 1325 1883 προκειμένην.]
1363 1815 1655 1864 Revocanda
1679 1814 1779 1862 huc
1810 1816 1869 1863 ab
1900 1815 2121 1865 Authore

291 1885 480 1952 scripta
504 1902 613 1950 pag.
637 1886 719 1939 54.
745 1888 803 1934 A.
831 1886 885 1934 B.
912 1894 960 1934 et
990 1903 1112 1951 quae
1136 1887 1190 1934 in
1219 1887 1384 1935 eadem
1409 1887 1522 1934 loca
1544 1886 1815 1934 observata.

446 1967 516 2021 Τοῖ
537 1965 626 2020 υλ’.
655 1969 771 2036 ἔτη]
816 1970 1053 2019 Eusebius
1075 1971 1276 2018 Latinus
1306 1971 1368 2018 ad
1390 1970 1614 2019 Abrahae
1642 1988 1826 2018 annum
1850 1970 1934 2024 75.

436 2056 545 2117 Pag.
585 2057 702 2108 100.
741 2052 864 2105 Λώτ
905 2052 999 2106 σὺν
1039 2059 1103 2125 τῇ
1138 2054 1362 2125 γαμετῇ]
1411 2055 1586 2103 Paucis
1622 2054 1744 2102 haec
1780 2054 1977 2120 privato
2012 2055 2119 2104 iure

294 2125 549 2173 contraxit
585 2125 804 2189 Scaliger
836 2143 947 2191 pag.
985 2131 1065 2179 19.
1129 2127 1267 2185 Quae
1303 2127 1363 2172 de
1389 2124 1635 2174 Abraham
1669 2142 1731 2174 ex
1763 2125 1976 2174 Chetura
2001 2126 2119 2174 filiis

290 2195 353 2242 ab
383 2196 618 2243 Africano
647 2203 830 2244 asserta
852 2204 1215 2258 memorantur,
1255 2197 1494 2261 explodit.

414 2282 546 2344 fag.
587 2285 704 2335 101.
757 2282 857 2331 Τοῦ
881 2278 936 2331 δὲ
961 2276 1148 2346 κόσμου
1167 2276 1336 2349 ,γτιε’.]
1383 2282 1461 2328 Ex
1488 2280 1812 2347 praecessoris
1847 2279 2122 2345 Aegyptio-

291 2367 406 2400 rum
446 2351 573 2414 regis
620 2357 777 2398 aetate
817 2367 925 2416 pag.
965 2356 1049 2404 96.
1086 2353 1139 2402 B.
1179 2359 1227 2399 et
1262 2369 1323 2400 ex
1357 2352 1653 2400 successoris
1691 2351 1880 2416 pariter
1917 2350 2120 2417 epocha,

290 2421 685 2469 Ramessomenis
706 2421 895 2485 epocha
925 2422 986 2469 ad
1009 2439 1192 2470 annum
1217 2423 1395 2470 mundi
1421 2423 1572 2476 3315.
1601 2421 1878 2470 statuenda.

443 2497 601 2563 Οὗτος
636 2507 833 2572 πρῶτος
871 2501 1098 2570 Φαραώ]
1143 2506 1201 2551 In
1238 2523 1343 2554 eam
1377 2506 1674 2571 pericopen,
1715 2523 1837 2570 quae
1873 2506 1933 2554 de
1957 2505 2120 2570 Aegy-

294 2573 518 2639 ptiorum
571 2574 936 2635 Pharaonibus,
987 2582 1035 2622 et
1072 2573 1169 2621 hoc
1213 2592 1382 2623 eorum
1420 2578 1619 2623 nomine
1664 2576 1868 2623 honoris
1902 2575 2121 2640 supremi

293 2645 429 2708 apud
457 2661 537 2691 eos
566 2644 749 2708 insigni
772 2645 980 2708 legitur,
1019 2645 1083 2692 ad
1116 2646 1314 2694 Eusebii
1345 2646 1507 2693 Latini
1533 2663 1717 2693 annum
1751 2644 1972 2692 Abrahae
1998 2648 2118 2698 340.

294 2714 540 2776 Scaligero
571 2715 829 2762 Animadv.
867 2731 972 2779 pag.
1002 2715 1086 2769 25.
1126 2716 1318 2780 placuit
1352 2717 1580 2764 scrihere.
1650 2717 1851 2763 Planus
1877 2715 1991 2777 ille,
2029 2717 2121 2779 qui

293 2784 418 2830 haec
453 2794 760 2832 commentas
788 2794 861 2831 est
896 2794 981 2836 etc.
1053 2787 1125 2832 Et
1151 2789 1324 2833 merito
1351 2788 1521 2833 nullus
1558 2789 1778 2849 scriptus·
1811 2783 1962 2831 codex
1996 2786 2120 2832 llaec

295 2854 462 2902 habet.
513 2854 671 2902 Habet
697 2863 828 2903 certe
857 2855 1118 2917 Georgius:
1155 2857 1261 2921 ipse
1285 2857 1451 2920 itaque
1476 2858 1650 2920 planus
1667 2892 1680 2917 ,
1720 2856 1802 2903 vel
1828 2855 1982 2918 magis
2006 2857 2119 2919 pla-

293 2941 389 2973 nus
415 2924 647 2972 Eusebius
672 2941 697 2972 e
726 2942 825 2989 quo
851 2933 1102 2973 mutua-tus
1125 2935 1224 2988 est,
1268 2934 1317 2974 et
1341 2929 1481 2973 cuius
1508 2924 1745 2974 versionis
1774 2925 1971 2972 Latinae
1997 2925 2118 2974 haec

293 2994 444 3043 verba
469 3001 599 3040 sunt.
669 2994 1038 3059 Aegyptiorum
1069 3014 1208 3059 reges·
1233 3014 1397 3043 omnes·
1423 3005 1545 3042 tunc
1565 2995 1860 3042 Pharaones
1887 2994 2118 3043 diceban-

295 3074 411 3111 tur.-
453 3062 715 3127 quaelicet
747 3065 1001 3112 codicibus
1035 3066 1288 3112 nonnullis
1323 3066 1511 3126 deesse,
1549 3065 1602 3111 in
1625 3064 1733 3112 aliis
1753 3102 1769 3126 ,
1804 3083 1908 3114 non
1940 3067 2117 3132 utique

295 3132 484 3199 planis,
519 3133 616 3196 legi
639 3141 850 3182 testatur
873 3136 1116 3182 Pontacus
1139 3135 1194 3181 in
1214 3135 1258 3182 N
1262 3143 1451 3182 otarum
1475 3151 1584 3199 pag.
1608 3140 1726 3189 260.

422 3214 546 3282 ’Έτη
567 3212 682 3283 κβ’.]
709 3218 790 3264 Sic
813 3226 884 3265 est
912 3218 1139 3264 indubie:
1170 3234 1284 3264 nam
1308 3219 1447 3281 regni
1469 3219 1568 3265 fine
1594 3226 1642 3265 et
1671 3218 1885 3266 eiusdem
1911 3218 2115 3268 exordio

301 3287 626 3336 confirmatur
649 3287 732 3335 hic
760 3304 1011 3336 numerus.
1083 3288 1237 3335 Prava
1266 3288 1417 3350 igitur
1450 3289 1681 3351 Scaligeri
1706 3288 1854 3336 lectio
1887 3285 1970 3349 κζ.
2008 3297 2115 3337 tum

297 3358 474 3407 Euseb.
507 3365 671 3406 textus
707 3375 815 3423 pag.
856 3363 939 3411 20.
976 3364 1083 3404 tum
1114 3357 1167 3403 in
1201 3359 1474 3406 Canonibus
1499 3359 1774 3422 isagogicis.
1820 3354 2116 3422 Ἀνωῦφεως

297 3429 426 3491 regis
452 3436 563 3476 ante
586 3428 723 3476 hunc
749 3426 1009 3493 penultimi
1034 3443 1215 3474 annum
1248 3445 1400 3477 unum
1424 3429 1639 3478 detraxit
1665 3437 1756 3478 etc.
1792 3424 1877 3479 ιθ’.
1915 3429 2024 3478 vice
2049 3424 2110 3479 κ’.

300 3499 462 3562 nullo,
497 3507 693 3564 praeter
711 3515 787 3563 se,
825 3497 1059 3562 authore,
1095 3498 1327 3547 reddidit.
