2222 3938
299 203 426 264 486
919 206 1496 267 EMENDATIONES

294 341 471 408 utique
504 343 559 392 in
585 341 755 392 mundi
783 339 936 394 4880.
959 334 1093 401 fixo,
1131 347 1309 405 quarto
1335 339 1390 388 in
1413 339 1637 390 eiusdem
1654 339 1829 390 mundi
1853 338 2010 394 4883.
2051 340 2125 389 sic

295 414 503 478 colligit.
573 413 619 461 A
647 411 827 461 mundi·
855 412 1011 465 4883.
1029 428 1145 492 ‘quo
1171 411 1354 458 Ioacim
1377 428 1535 459 annus
1559 420 1764 476 quartus
1785 409 1907 472 init,
1945 410 2126 475 reliqui

294 451 445 533 sunt&
454 484 669 532 eiusdem
711 482 896 529 Ioacim
925 481 1043 529 anni
1079 488 1217 529 octo:
1266 482 1374 547 ipse
1404 483 1643 547 siquidem
1672 489 1877 548 quartus
1907 481 1991 528 dat
2030 481 2126 529 toti

294 571 501 603 numero
533 552 861 619 principium:
908 551 1167 601 lechoniae
1194 560 1295 601 tres
1328 552 1422 600 soli
1457 569 1646 601 menses
1687 549 1878 622 (habita
1910 551 2126 599 maxime

292 625 496 674 alterius
534 623 821 684 Iechoniae,
870 622 960 687 qui
995 622 1231 685 Ioachaz,
1281 624 1433 672 trium
1473 624 1717 671 mensium
1761 621 2024 684 memoria,
2075 629 2126 670 et

293 711 400 744 eam
428 695 489 742 ob
519 710 625 742 rem
652 694 881 759 scripsit,
915 713 1018 743 των
1042 689 1135 744 δύο
1154 691 1396 758 Ἰεχονίων
1427 692 1532 754 ἔτος
1550 692 1627 760 ἓν)
1665 694 1719 741 111
1746 695 1969 741 confesso
1993 700 2125 755 sunt,

291 773 343 813 et
363 781 548 812 annum
581 780 877 830 componere
907 765 1257 813 aestimanturz
1296 765 1523 822 Sedeciae
1548 771 1824 829 sequuntur
1859 763 2122 812 undecim:

289 834 753 900 Nabuchodonosor
781 834 866 891 24.
905 834 1176 884 Merodach
1200 835 1442 900 quinque,
1484 836 1703 883 Baltasar
1729 843 1856 896 tres,
1894 833 2124 898 Astyagis

290 903 664 985 septemdecim:
705 907 825 972 Cyri
845 923 1000 954 unus:
1038 923 1230 954 summa
1254 911 1336 959 70.
1364 924 1391 953 3
1419 906 1593 953 mundi
1621 906 1774 959 4883.
1803 872 2047 969 incipiens
2074 911 2125 952 et

230 1024 232 1026 ,
289 976 346 1024 111
388 976 565 1025 mundi
600 977 756 1032 4925.
794 977 1036 1025 desinens.
1098 971 1280 1027 ἀτοπία
1317 994 1380 1025 ex
1415 977 1593 1026 vitioso
1634 976 1828 1023 calculo
1872 991 2124 1039 emergens

289 1046 611 1096 declaratur
595 1066 650 1095 1n
674 1047 805 1096 notis
830 1048 892 1095 ad
914 1065 1023 1114 pag.
1047 1051 1168 1104 220
1200 1054 1250 1094 et
1273 1052 1392 1102 221.
1424 1046 1715 1095 scribendis,

438 1115 505 1170 To*
539 1113 590 1169 δ’
618 1114 738 1169 αυτὸ
759 1113 846 1188 κγ’.
874 1117 1018 1182 ἔτος]
1059 1118 1473 1182 Septuagenaiius
1508 1118 1777 1166 Hebiaicae
1817 1115 2122 1181 captivitatis

288 1203 527 1236 numerus
558 1205 663 1236 non
689 1206 787 1236 uno
814 1189 962 1236 modo
989 1188 1273 1236 intellectus
1303 1188 1564 1236 distractas
1590 1205 1617 1234 a
1639 1204 1691 1235 se
1718 1186 1935 1235 invicem
1959 1186 2124 1234 Chro-

287 1259 580 1323 nologorum
610 1258 868 1323 opiniones
908 1258 1143 1307 conciliat
1169 1259 1301 1324 apud
1332 1259 1545 1307 recentis
1579 1257 1815 1306 editionis
1845 1256 2122 1320 authorem,

288 1328 431 1376 cuius
456 1346 578 1394 opus
600 1329 793 1378 Pharus
822 1337 895 1378 est
917 1329 1158 1378 historiae
1184 1346 1369 1381 sacrae.
1423 1328 1646 1391 Videsis,
1685 1327 1754 1375 ait
1777 1327 1886 1389 ille,
1926 1327 2122 1391 dialogo

290 1399 374 1446 cui
416 1416 599 1447 nomen
622 1400 999 1463 Babylonica-9,
1037 1418 1183 1464 quam
1222 1400 1466 1448 concinne
1490 1407 1599 1447 tota
1631 1398 1934 1463 captivitatis
1959 1398 2124 1446 Chro-

287 1469 486 1534 nologia
513 1488 605 1536 per
622 1471 881 1519 sabbatum
909 1471 1070 1521 decies
1089 1471 1413 1537 replicatum,
1451 1470 1505 1519 id
1529 1477 1605 1518 est
1628 1487 1718 1535 per
1742 1486 1898 1516 annos
1925 1476 2125 1534 septua-

286 1539 447 1605 ginta,
484 1542 799 1606 processerit.
867 1541 1144 1590 Hieremias
1166 1541 1300 1589 inter
1323 1548 1542 1590 caeteros
1579 1539 1854 1606 Prophetas
1883 1547 2123 1604 tanquam

284 1611 551 1676 peculiaris
593 1613 679 1660 Dei
709 1612 960 1674 minister,
1011 1612 1470 1678 praenunciandam
1516 1611 1704 1677 populo
1748 1610 1938 1658 cladem
1977 1611 2124 1659 enixe

283 1681 583 1746 proprieque
605 1683 836 1748 suscepit.
907 1683 1068 1746 Elegit
1091 1683 1334 1731 Dominus
1359 1682 1613 1731 Christum
1645 1698 1792 1730 suum
1819 1682 2004 1761 Cyrum
2018 1719 2032 1744 ‚
2072 1688 2122 1729 et

285 1750 388 1798 eius
423 1752 754 1816 app1ehendit
786 1753 1067 1816 dexteram,
1114 1762 1164 1802 et
1201 1770 1312 1802 eum
1348 1771 1441 1820 per
1481 1753 1662 1801 multas
1706 1751 1943 1801 victorias
1979 1752 2125 1818 quasi>

284 1838 436 1869 manu
463 1823 678 1871 deduce1
682 1830 729 1870 et
763 1823 827 1870 ad
853 1823 1196 1889 depellendam
1225 1841 1253 1871 a
1285 1825 1472 1890 populo
1495 1823 1804 1873 servitutem.
1875 1824 1950 1871 Ab
1988 1841 2118 1872 anno

282 1890 440 1939 Iosiae
483 1893 673 1940 decimo
702 1894 877 1956 tertiO,
917 1910 1015 1957 quo
1055 1894 1328 1944 Hieremias
1369 1894 1558 1958 virgam
1578 1893 1872 1956 vigilantem
1899 1901 1948 1940 et
1968 1895 2120 1942 ollam

284 1978 572 2010 succensam
595 1964 742 2023 vidit,
777 1964 1242 2029 impendentemque
1262 1965 1450 2029 populo
1478 1965 1805 2011 calamitatem
1832 1964 2120 2028 praedicare

284 2033 472 2097 coepit,
511 2034 574 2081 ad
600 2034 813 2098 Cyrum,
855 2034 973 2082 anni
997 2034 1301 2099 septuaginta
1326 2043 1668 2084 numerantur.
1740 2033 1786 2083 A
1813 2035 1961 2083 tertio
1986 2052 2118 2083 anno

282 2101 514 2165 Ioacimi‚
562 2121 658 2167 quo
697 2103 929 2169 captivus
959 2106 1264 2169 Babylonem
1304 2105 1552 2153 abductus
1592 2113 1694 2167 est,
1741 2105 1806 2152 ad
1839 2105 2052 2154 solutam
2089 2124 2118 2154 a

283 2173 412 2236 Cyro
443 2173 812 2238 captivitatem,
849 2174 964 2222 anni
984 2175 1311 2240 septuaginta.
1383 2175 1425 2223 A
1467 2175 1901 2238 transmigratione
1943 2175 2119 2225 Iecho-

281 2244 416 2305 niae,
453 2252 510 2292 ut
537 2243 659 2291 mihi
684 2244 1136 2309 probabilissimum
1164 2246 1397 2309 videtur,
1436 2245 1499 2293 ad
1523 2245 1746 2295 Estheris
1772 2246 2004 2311 nuptias,
2042 2248 2122 2295 al-v

281 2321 444 2362 terum
473 2314 717 2362 libertatis
747 2315 972 2363 Iudaicae
998 2323 1150 2381 caput
1176 2316 1294 2364 anni
1320 2317 1645 2382 septuaginta.
1718 2316 1760 2364 A
1795 2317 1970 2382 templi
1998 2335 2118 2366 con-

280 2384 597 2448 flagratione,
635 2385 700 2433 ad
734 2403 916 2435 annum
951 2387 1087 2434 Darii
1115 2387 1416 2448 secundum,
1453 2405 1550 2451 quo
1584 2388 1829 2452 templum
1866 2389 2118 2436 aedificari

285 2455 448 2502 denuo
476 2457 669 2520 coepit,
709 2455 827 2503 anni
866 2456 1192 2521 septuaginta.
1265 2458 1309 2505 A
1344 2459 1579 2505 vicesimo
1604 2457 1752 2506 tertio
1779 2458 2118 2507 Nabuchodo-

281 2525 477 2572 nosoris
503 2543 650 2588 anno,
679 2543 777 2590 quo
804 2527 1014 2590 contigit
1038 2528 1259 2576 omnium
1282 2535 1529 2593 postrema
1548 2528 1824 2593 captivitas,
1854 2529 1917 2576 ad
1942 2529 2117 2595 templi

283 2596 698 2644 substructionem
725 2614 855 2645 anno
886 2598 1019 2645 Darii
1049 2606 1189 2647 sexto
1217 2601 1513 2665 perfectam,
1551 2599 1670 2647 anni
1694 2599 1917 2648 totidem.
1967 2600 2116 2648 Toti-

285 2666 493 2728 demque
520 2684 546 2713 a
583 2668 775 2732 nuptiis
805 2668 1022 2716 Estheris
1047 2669 1109 2716 ad
1134 2686 1320 2717 annum
1355 2669 1617 2734 septimum
1647 2669 1939 2717 Artaxerxis
1976 2671 2114 2717 Lon·-

283 2735 467 2798 gimani
483 2772 498 2795 ,
539 2755 637 2801 quo
664 2756 794 2787 anno
829 2739 1007 2787 missus
1033 2747 1107 2787 est
1129 2740 1182 2787 in
1209 2740 1439 2788 Iudaeam
1463 2740 1647 2788 Esdras
1671 2756 1784 2789 cum
1808 2740 2114 2804 amplissima.

281 2813 525 2870 potestate
549 2815 596 2854 et
618 2809 907 2857 numeribus
921 2849 936 2872 ‚
975 2828 1106 2874 quae
1134 2829 1218 2857 rex
1242 2820 1287 2857 et
1314 2812 1659 2858 consiliatores
1686 2812 1796 2856 eins
1820 2808 2112 2859 obtulerunt

281 2875 387 2924 Deo
416 2875 578 2925 Israel
586 2899 600 2936 ‚·
637 2888 724 2926 ete.
765 2883 811 2935 1.
848 2880 989 2927 Esdr.
1027 2885 1077 2934 7.
1115 2888 1164 2928 et
1195 2881 1438 2929 universis
1473 2880 1820 2928 Sacerdotibus
1847 2887 1896 2928 et
1922 2881 2110 2930 Levitis

282 2954 331 2992 et
353 2947 646 2995 Cantoribus
672 2957 719 2996 et
742 2949 1040 2998 Ianitoribus
1063 2958 1111 2998 et
1131 2951 1336 3016 reliquis
1358 2951 1532 3015 templi
1554 2950 1792 2997 ministris
1814 2950 2012 2999 indulta
2037 2961 2112 3012 esst,

282 3016 535 3079 vectigalis
575 3018 749 3066 tributi
783 3028 831 3066 et
867 3037 1091 3068 annonae
1123 3021 1426 3071 immunitas.
1496 3020 1572 3067 Ab
1607 3037 1738 3067 anno
1776 3021 1910 3068 Darii
1948 3031 2108 3086 sexto,

282 3103 377 3150 quo
416 3087 656 3151 templum
693 3090 1016 3138 instauratum
1055 3098 1148 3153 est,
1203 3091 1267 3139 ad
1299 3089 1592 3139 vicesimum
1631 3089 1953 3154 Artaxerxis,
2008 3111 2109 3157 quo

281 3157 413 3205 muri
440 3158 746 3205 Hierusalem
774 3159 982 3207 cicatrix
1007 3160 1222 3208 obducta
1247 3168 1346 3221 est,
1385 3166 1435 3213 2.
1473 3161 1586 3207 Esd.
1624 3177 1732 3225 cap.
1768 3161 1817 3214 4.
1855 3163 1972 3210 anni
2010 3165 2108 3210 Da-

278 3227 341 3276 rii
367 3227 568 3292 triginta
593 3236 882 3293 supersunt,
920 3231 1102 3277 Xerxis
1125 3230 1315 3292 viginti,
1353 3229 1870 3279 Artaxerxis‘totidem
1886 3268 1900 3294 ,
1939 3250 1964 3281 e
1989 3234 2107 3297 qui-

281 3298 374 3346 bus
404 3299 444 3346 si
469 3298 726 3348 homadem
751 3315 900 3346 unam
922 3301 1245 3360 conflaveris,
1285 3299 1488 3348 omnino
1527 3301 1837 3366 septuaginta
1863 3303 2107 3367 colligen-

282 3376 380 3417 tur.
452 3368 600 3417 Vides
633 3370 814 3432 igitur,
852 3376 961 3418 tum
997 3370 1313 3432 servitutem,
1351 3378 1457 3418 tum
1484 3371 1789 3435 libertatem,
1826 3389 1917 3438 per
1950 3390 2104 3422 annos

283 3439 592 3503 septuaginta
617 3440 898 3488 decurrere:
937 3447 992 3486 ut
1015 3441 1348 3505 compleretur
1371 3458 1529 3489 sermo
1562 3441 1760 3490 Domini
1786 3459 1847 3490 ex
1870 3459 1955 3491 ore
1981 3444 2103 3491 Hie..

281 3510 490 3559 remiae:
537 3520 583 3558 et
622 3510 887 3560 celebraret
923 3517 1058 3561 terra
1092 3510 1309 3562 sabbata
1347 3529 1473 3562 saa:
1524 3512 1720 3563 cunctis
1758 3511 1890 3563 enim
1928 3513 2101 3564 diebus
