2222 3938
296 238 422 299 388
887 235 1482 302 'EMENDATIONES
1560 194 1566 200 ·

297 376 646 424 obtinuerunt:
697 391 871 424 verum
907 375 1061 421 etiam
1095 375 1227 422 alios
1267 375 1533 438 populea,
1558 379 1647 442 qui
1667 374 1910 442 'pecuaria‘
1957 385 2173 425 erant..

297 446 474 495 Suidas
502 462 716 495 rursum.
754 441 909 509 νομὸς
929 443 1014 494 καὶ
1016 441 1171 531 χώρα
1193 441 1277 494 διοὲ
1301 442 1355 495 τὰ
1376 444 1577 496 ἕκαστον
1597 446 1750 506 ἔθνος
1773 447 1920 507 ἰδίοις
1941 443 2117 513 νόμοις

295 520 531 583 χρῆσθαι.
595 516 685 562 Est
721 515 868 562 etiam
907 511 1062 580 νομὸς
1108 517 1270 595 regio,
1314 518 1608 579 provincia,
1641 519 1997 581 praefectura:
2063 535 2115 564 eo

299 585 441 652 quod
469 585 706 650 singulae
739 587 971 631 nationes
997 602 1059 631 ac·
1078 587 1376 649 pretim-iae
1395 589 1623 651 propriis
1655 587 1852 651 legibus·
1887 595 2114 634 utantur.
2189 603 2193 614 ‘

296 657 375 705 Ex
393 656 586 720 gemina
606 655 932 717 significantia
954 654 997 702 si
1023 655 1222 719 colligas
1245 655 1468 704 unicam:
1503 675 1655 722 νομος
1668 658 1760 706 erit
1772 656 1905 721 regio
1920 656 2115 722 pascuis

301 727 561 774 abundans
585 742 613 771 a
634 725 935 773 Nomadibus
957 724 1179 773 habitata
1206 733 1254 772 et
1277 725 1483 789 privatis
1506 727 1692 790 legibus
1715 728 1803 775 sub
1829 744 1931 775 uno
1962 728 2118 793 prin-

297 797 408 861 cipe
439 795 731 860 gubernata,
770 795 927 860 qualis
963 804 1036 843 est
1069 795 1291 844 Sethrois
1324 812 1349 842 e
1381 813 1476 860 qua
1507 798 1731 845 Pastores
1760 814 1898 862 reges
1923 797 1979 844 in
1999 797 2119 846 reli-

272 874 444 930 'quam
470 865 752 930 Aegyptum
780 869 1089 931 irruperunt.
1128 866 1294 914 Solam
1319 873 1484 915 tamen
1504 869 1863 931 praefecturam
1883 868 2119 932 frequen-

294 937 397 984 tius
438 936 701 999 significat.
775 937 965 984 Plinius
1002 936 1087 984 lib.
1128 935 1176 988 5.
1217 953 1320 1000 cap.
1359 940 1407 989 9.
1452 936 1728 986 Dividitur
1772 938 2031 1003 Aegyptus·
2063 939 2117 985 in

285 1008 642 1070 praefecturas
676 1005 1006 1073 oppidorum,
1058 1023 1186 1071 quas
1216 1022 1391 1054 nomos
1419 1016 1617 1057 vocant.
1665 1009 1729 1057 Et
1758 1007 1907 1058 infra.
1974 1009 2118 1072 Quae

294 1079 444 1123 iuxta
466 1077 734 1124 Pelusium
763 1086 834 1124 est
872 1079 1007 1142 regio
1042 1093 1216 1123 nomos·
1252 1076 1402 1123 habet
1432 1077 1838 1141 Pharbaetitem,
1872 1079 2118 1126 Bubasti-

295 1156 402 1208 ten,
440 1148 707 1207 Setroiten,
746 1157 833 1195 etc.
872 1147 1048 1194 Strabo
1075 1146 1252 1210 Geogr.
1281 1146 1367 1194 lib.
1399 1151 1479 1199 17.
1516 1147 1616 1197 ἐστὶ
1642 1145 1697 1197 δὲ
1716 1148 1801 1197 καὶ
1832 1145 1988 1214 νομὸς
2008 1153 2116 1214 Ση-

293 1218 501 1283 θρεΐτης
528 1217 626 1284 (ita
641 1218 763 1281 legit
787 1215 898 1282 ille)
924 1236 1062 1282 παρα
1081 1212 1174 1280 τὴν
1199 1214 1368 1282 ἑτέραν
1390 1217 1584 1280 λίμνην.
1614 1219 1710 1266 Est
1726 1234 1919 1282 qaoque
1941 1235 2119 1266 nomas·

295 1287 559 1335 Setlzreites
581 1285 656 1334 ad
673 1288 837 1334 alium
861 1288 1048 1334 laeam.
1083 1286 1153 1333 De
1180 1286 1344 1333 nomis
1365 1285 1615 1373 Aegyptiis
1637 1287 1818 1352 passim
1838 1288 2118 1337 Herodotus

292 1357 385 1406 lib.
418 1362 469 1410 2.
505 1374 611 1422 cap·
657 1357 777 1410 164.
817 1364 867 1405 et
901 1373 1035 1420 seqq.
1073 1352 1199 1406 και-οὶ
1231 1375 1324 1422 γαρ
1358 1352 1422 1420 δη
1459 1353 1650 1421 νομοὺς
1669 1357 1923 1423 Αἴγυπτος
1948 1354 2119 1409 ἅπασα

295 1428 625 1493 διαραίρηται.
664 1427 725 1475 In
749 1444 921 1474 nomos
946 1427 1206 1491 Aegyptus·
1233 1435 1340 1473 tota
1366 1424 1636 1478 dividitur.
1684 1428 1981 1478 Heliodorus
2006 1436 2120 1477 sta-

293 1497 385 1545 tim
409 1498 500 1545 sub
523 1497 798 1562 Aethiopic.
825 1497 1085 1545 exordium
1109 1496 1364 1560 legendus.

135 1570 186 1613 P.
214 1571 274 1616 22
431 1567 486 1618 Ο
505 1564 660 1632 νομός
681 1568 900 1633 Σαΐτης]
949 1567 1110 1615 Habet
1134 1567 1286 1616 verba
1309 1567 1370 1613 de
1395 1566 1485 1614 illo
1511 1567 1696 1615 relatus
1721 1566 2031 1631 Herodotus,
2069 1576 2119 1617 et

293 1635 354 1684 ab
377 1639 501 1686 ulbe
524 1639 608 1685 Sa'l‘
632 1638 727 1685 toti
749 1637 935 1685 tractui
959 1654 1141 1686 nomen
1164 1637 1450 1702 imponente
1463 1646 1796 1705 nuncupatur.
1834 1639 2119 1703 Principem

294 1706 446 1755 huius
467 1709 603 1755 nomi
627 1708 843 1772 primam
865 1715 1013 1758 vocat
1042 1707 1277 1774 Iosephus
1301 1706 1503 1755 Salatim
1526 1708 1612 1758 lib.
1645 1713 1691 1760 1.
1720 1716 1848 1758 cont.
1876 1709 2118 1775 Apionem

292 1793 404 1843 pag.
432 1777 557 1825 mihi
584 1782 733 1831 1039.

440 1850 654 1912 Θηβαῖοι
683 1847 1041 1914 Διοσπολῖται.]
1078 1849 1255 1898 Vetera
1273 1848 1488 1903 ‚Homeri
1516 1848 1732 1900 Scholia.
1785 1848 1950 1914 Θῆβαι
1971 1843 2118 1908 πόλις

292 1914 585 1985 Αἰγύπτου,
618 1915 657 1983 ἦ
680 1923 777 1969 νῦν
798 1918 1078 1986 καλουμένη
1106 1917 1392 1979 Διόσπολις.
1432 1919 1555 1968 Vide
1580 1920 1871 1969 Diodorum.

436 1986 664 2052 Ξοϊτῶν.]
705 1989 939 2039 Ortelius.
993 1986 1124 2054 Ξόης
1153 1990 1315 2037 insula
1351 1997 1398 2036 et
1431 1991 1550 2038 urbs
1587 1989 1799 2054 Aegypti
1830 1987 1963 2053 apud
2000 1989 2116 2035 Ste-

292 2055 540 2123 phanum,
577 2058 631 2105 in
661 2059 788 2107 mari
816 2059 1176 2107 mediterraneo
1209 2060 1271 2107 ad
1303 2059 1672 2107 Sebenniticum
1703 2068 1752 2107 et
1780 2058 2118 2107 Phatniticum

294 2128 502 2175 ostium:
540 2127 657 2176 inde
683 2128 860 2177 Xoites
890 2146 1082 2177 nomus.
1131 2129 1319 2176 Plinius
1346 2129 1433 2178 lib.
1463 2130 1511 2182 5.
1540 2147 1646 2195 cap.
1675 2133 1724 2183 9.
1787 2130 1932 2192 Quae
1967 2130 2115 2176 iuxta

291 2199 557 2245 Pelusium
584 2207 658 2245 est
677 2200 813 2262 regio
833 2216 1007 2245 nomos
1025 2198 1173 2245 habet
1198 2199 1585 2261 Plzarbaetiten‚
1623 2202 1812 2247 Xoiten
1840 2208 1927 2247 etc.

435 2268 546 2331 Pag.
585 2273 670 2321 62.
704 2271 886 2326 Βνῶν.]
924 2267 1161 2332 Iosephus
1186 2276 1360 2316 contra
1382 2269 1622 2333 Apionem
1647 2272 1827 2319 Βνωνα
1845 2268 2014 2334 posuit
2033 2284 2115 2318 se-

293 2345 528 2402 quentem
559 2333 832 2403 Ἀπαχνᾶν,
870 2338 917 2390 4.
940 2334 1196 2401 ”Λφωφιν.
1233 2339 1281 2392 5.
1313 2333 1507 2389 Ἱανίαν.
1543 2344 1591 2392 6.
1614 2337 1807 2390 ’Ἁσσιν.

435 2408 751 2472 Σημειωτέον
784 2427 894 2469 πως
930 2427 956 2458 ο
993 2403 1278 2474 Εὐσέβιος]
1327 2410 1541 2472 Scaliger
1568 2410 1631 2457 ad
1670 2409 1868 2473 Gemgii
1900 2417 2114 2458 mentem

291 2477 406 2525 Not.
432 2494 539 2542 pag.
564 2479 683 2531 251.
716 2478 863 2526 relati
894 2479 1196 2542 pronunciat
1221 2480 1276 2526 in
1301 2445 1584 2530 Eusebium.
1659 2481 1813 2528 Nemo
1840 2480 1937 2527 lzoc
1956 2483 2114 2527 Euse-

293 2547 587 2609 biifactam
603 2584 616 2609 ,
657 2550 761 2595 nisi
787 2549 876 2613 qai
897 2550 1001 2596 veri
1021 2567 1135 2595 osor
1158 2558 1256 2611 est,
1296 2548 1514 2597 laudare
1531 2553 1712 2614 possit.
1757 2551 1802 2598 N
1805 2567 1860 2597 ec
1886 2550 1963 2598 his
1987 2567 2113 2597 con-

292 2624 486 2679 tentus,
523 2618 790 2666 Eusebium
813 2620 970 2666 laesae
995 2619 1263 2668 maiestatis
1286 2636 1427 2667 reum
1452 2621 1564 2684 agit.
1639 2621 1698 2669 In
1724 2638 1889 2684 reges,
1933 2620 2110 2683 inquit,

294 2689 431 2750 ipsos
456 2704 641 2734 manus
666 2691 837 2736 iniecit
863 2689 1142 2752 Eusebius,
1180 2699 1226 2736 et
1242 2708 1338 2754 pro
1367 2708 1450 2737 sex
1482 2698 1705 2754 quatuor
1723 2692 1930 2754 posuit:
1969 2689 2109 2738 cuins

290 2756 397 2820 ipse
422 2758 664 2805 rationem
691 2759 955 2823 investigat
979 2767 1028 2806 et
1052 2760 1259 2808 adducit
1282 2777 1390 2825 pag.
1415 2761 1672 2809 Animadv.
1703 2761 1783 2813 15.
1843 2759 1908 2805 Uc
1927 2762 2112 2806 Pasto-

292 2843 407 2873 rum
429 2828 741 2889 Dynastiam
780 2830 1084 2892 temporibus
1109 2830 1285 2894 Ios-epla
1311 2831 1649 2877 Patriarclzae
1679 2829 2108 2877 accommodaret:

284 2905 490 2959 propter
537 2898 786 2961 Apionem
818 2907 863 2945 et
898 2900 1188 2963 Ioseplzzcm,
1238 2903 1326 2964 qui
1366 2903 1631 2962 Pastores,
1688 2904 1769 2954 16.
1823 2901 2109 2963 Dyrta-stiae

291 2968 686 3029 interpretantur
726 2970 1005 3019 Israelitas.
1094 2972 1161 3018 De
1206 2987 1377 3033 regum
1413 2971 1621 3019 istorum
1663 2969 1840 3018 ordine
1888 2970 2107 3019 videnda

291 3043 424 3084 retro
453 3034 583 3083 hanc
609 3045 728 3085 nota
750 3039 811 3086 ad
806 3040 1015 3127 pagina
1033 3045 1114 3093 70
1139 3041 1368 3087 secunda.

428 3102 733 3171 Κολοβτόσας
759 3127 818 3158 τα
841 3108 922 3173 ἐτη
951 3103 1106 3158 αὐτοῦ
1130 3104 1202 3169 §ol
1207 3114 1239 3167 .]
1277 3110 1347 3157 De
1371 3108 1549 3172 quibus
1575 3117 1767 3158 constat
1791 3127 1902 3176 pag.
1932 3115 2017 3165 61.
2047 3111 2104 3159 B.

429 3176 526 3236 Εἰς
551 3172 613 3226 ιδ’
615 3174 655 3241 .]
694 3179 762 3224 Ut
784 3179 934 3240 paulo
957 3178 1183 3243 superius
1207 3180 1264 3225 A.

438 3243 508 3296 To}
544 3244 598 3297 δὲ
630 3250 721 3311 τῆς
759 3242 875 3312 ’ὅλης
901 3248 1188 3307 δυναστείας
1213 3267 1306 3313 ρνα
1306 3243 1356 3313 ’.]
1404 3248 1539 3308 Quae
1561 3266 1752 3297 summa
1778 3258 1853 3299 est
1886 3251 2102 3300 decimae

288 3316 525 3383 septimae
550 3316 814 3380 Dynastiae
835 3318 1108 3365 secundum
1134 3318 1434 3368 Afiicanum.

430 3382 563 3437 Κατ’
596 3382 932 3473 Ἀφρικανόν.]
984 3387 1180 3436 Maioris
1217 3388 1342 3437 lucis
1379 3406 1492 3454 ergo
1530 3389 1703 3439 titulos
1744 3389 1940 3439 addidi.
1987 3385 2100 3440 κατ’

287 3452 616 3526 Ἀφρικανόν,
652 3451 765 3507 κατ’
792 3451 1058 3522 Εὕσέβιον.

429 3530 638 3594 Πρῶτος
663 3522 861 3594 ’Annos-0]
898 3527 1049 3577 Addit
1082 3526 1296 3594 Scaliger
1323 3527 1453 3579 lucis
1494 3530 1682 3595 gratia·
1697 3526 1969 3599 (’Ἁμωσις)
2003 3543 2097 3578 nec
