2222 3938
550 225 555 229 ·
592 207 644 262 A
679 207 1082 266 SCALIGERO
1118 170 1912 267 V1T1ATL⁵323

99 351 182 384 sus
207 351 234 382 a
265 333 429 383 verbis
458 333 541 400 ἔτη
577 331 677 387 σιε’.
716 337 778 385 ad
803 336 924 386 haec
961 337 1125 407 παρον
1147 336 1293 409 γσιέ.
1328 347 1376 389 01
1405 357 1433 389 3
1458 341 1619 391 verbis
1647 341 1701 394 οἷ
1719 341 1804 395 καὶ
1827 339 1912 411 ἆρ-

95 402 327 471 ξᾶμενοι,
364 406 426 453 ad
448 405 570 454 haec
596 403 686 458 ολα
707 405 840 476 avg'.
867 411 1120 473 expungit.

236 489 349 552 Pag.
389 493 473 543 96.
509 489 564 541 A.
601 493 797 556 Χαμοῖς
830 491 911 577 ἔτη
949 490 1026 558 ιβ’.
1059 495 1235 557 803118.
1273 502 1445 544 textus
1481 495 1654 544 Euseb.
1691 513 1802 561 pag.
1829 499 1912 550 18.

95 556 179 623 ἔτη
200 553 289 616 xes-'-
332 559 388 609 D.
430 555 621 650 Μᾶρης
650 558 764 621 υἷος
797 557 953 613 αὐτοῦ
978 560 1005 614 6
1039 563 1169 614 ἔστιν
1199 561 1523 648 Ἡλιόδωρος,
1557 574 1672 632 post
1705 566 1827 614 11300
1853 567 1914 614 de

99 644 190 676 suo
231 628 422 691 subdit,
472 627 597 697 παρ’
635 632 951 721 Αἰγυπτίοις
974 629 1248 722 ἐτύγχανεν
1276 631 1348 693 ις’.
1386 638 1648 687 δυναστεία
1678 631 1806 686 καθ’
1846 633 1916 701 ’ἣν

96 697 419 763 ἐβασίλευσαν
450 702 706 766 Θηβαῖοι’
690 702 770 766 ε’τη
800 698 893 768 ρξε
935 722 988 753 εν
1015 721 1113 753 τισι
1138 702 1191 754 δὲ
1217 699 1540 772 οἷντιγραφοις
1578 702 1667 773 9¹72
1703 707 1918 754 Fallitur

27 805 29 809 .
95 769 328 832 Scaliger,
367 770 517 818 Mosis
540 771 670 818 enim
692 773 993 836 temporibus
1017 774 1252 837 Dynastia
1276 780 1356 828 16.
1377 778 1606 855 proxima
1627 776 1740 838 fuit,
1775 776 1919 825 haec-

97 855 193 902 que
223 855 249 884 a
276 839 428 903 Mari,
469 841 552 905 qui
586 859 713 890 anno
745 844 898 896 3205-
926 859 1129 905 regnare
1157 844 1323 908 coepit
1356 846 1497 893 annis
1528 848 1628 895 fere
1658 852 1775 900 600.
1805 864 1919 895 cer·—
1946 863 1948 865 ’

94 908 240 956 nitur
273 918 476 961 remota.
548 911 637 959 His
677 912 843 974 addit,
891 930 1014 976 (11130
1047 912 1130 961 1110
1167 915 1448 962 nullatenus
1483 925 1667 964 extant.
1701 914 1795 981 τήν
1818 920 1921 967 τῶν

93 973 320 1045 ’Λραβων
348 981 605 1044 βασιλείαν
630 1002 723 1048 την
759 1001 878 1047 μετα
917 979 1011 1046 τὴν
1039 985 1306 1034 Χαλδαίων
1334 984 1609 1046 διεδέξαντο
1647 982 1922 1070 Ἀσσυρίων

95 1050 321 1114 βασιλεῖς
344 1049 744 1114 διαρκέσαντες’
712 1073 808 1103 απο
835 1056 928 1102 τοῦ
956 1071 1158 1137 πρωτου
1183 1049 1350 1105 αὐτων
1374 1051 1544 1121 Βήλου
1576 1055 1667 1115 ἕως
1691 1059 1783 1107 τοῦ
1809 1051 1922 1107 Θω-

94 1134 189 1169 νου
221 1119 560 1186 Κονκολέρου,
598 1126 690 1173 τοῦ
719 1122 804 1173 καὶ
839 1119 1256 1189 Σαρδαναπαλου.
1326 1124 1488 1188 Η300,
1525 1133 1585 1174 111
1612 1125 1747 1190 dixi,
1785 1126 1920 1174 adin·

96 1188 267 1249 venit,
306 1197 355 1237 et
381 1197 517 1238 extra
541 1192 706 1240 locum
729 1193 987 1257 proprium
1010 1192 1109 1242 huc
1132 1193 1343 1245 invexit.

235 1273 350 1336 Pag
390 1279 474 1328 97.
509 1275 563 1322 Β.
602 1274 655 1325 έν
689 1270 763 1334 οἷς
789 1276 874 1326 καὶ
893 1273 1143 1343 Εὐσέβιος
1167 1279 1338 1327 erasit:
1379 1278 1490 1343 quia
1515 1278 1779 1326 Eusebium
1803 1278 1924 1325 scri-

97 1339 217 1390 bere
244 1343 402 1406 fingit.
439 1345 498 1394 B.
539 1342 668 1394 ἔστιν
703 1347 799 1396 οὖν
827 1346 1192 1412 010.1·011(11111111
1218 1349 1475 1433 pericopes
1506 1365 1703 1412 expung
1707 1349 1760 1399 it.
1798 1347 1924 1396 ibid.

97 1415 453 1479 παρατίθεμεν.
490 1414 576 1461 1110
608 1417 960 1502 παρατίθεμαι.
992 1418 1116 1466 ibid.
1157 1423 1248 1469 τοῦ
1280 1420 1506 1486 Καρνίου
1543 1418 1608 1479 ε’ξ.
1642 1439 1727 1479 το,
1760 1419 1814 1478 εξ
1840 1435 1923 1466 ex-

96 1483 286 1546 pungit.
325 1485 378 1531 C.
419 1492 535 1548 post
565 1486 715 1532 verba
747 1482 840 1550 τήν
878 1483 1110 1569 δαπανην
1147 1488 1359 1555 ε’φυγεν,
1415 1488 1669 1551 subiungit
1706 1489 1923 1550 Scaliger

95 1553 159 1600 ad
182 1570 290 1618 pag.
313 1553 463 1601 huius
490 1555 672 1602 calcem
698 1555 903 1617 legenda
937 1550 1207 1607 Σικυώνιοι
1246 1557 1467 1624 ἐλέγοντο
1505 1552 1608 1609 eino
1638 1560 1918 1617 Σικυωνος.

93 1621 153 1670 D.
184 1625 517 1692 συγχρονίζειν
541 1622 596 1674 δὲ
617 1645 684 1690 τῳ
713 1622 898 1727 Ναχώρ
924 1633 1018 1674 010.
1046 1626 1108 1674 ad
1129 1643 1240 1691 pag.
1264 1627 1412 1675 finem
1436 1627 1693 1692 expungit.

235 1709 347 1771 Pag.
385 1712 471 1762 98.
510 1707 568 1758 A.
586 1703 826 1795 Ἀβρααμ
868 1707 949 1774 ε’τη
987 1703 1043 1773 ρ’.
1092 1709 1170 1758 Ex
1208 1710 1404 1758 Eusebii
1443 1718 1607 1758 mente
1644 1704 1741 1760 απὸ
1772 1705 1925 1774 Ἀδαμ

97 1797 189 1837 εως
205 1779 296 1842 τῆς
319 1773 567 1845 γενήσεως
586 1773 851 1866 Ἀβρααμ’
834 1777 916 1844 ε’τη
934 1776 1115 1866 γρπό.
1141 1780 1367 1845 priorum
1391 1781 1503 1827 loco
1527 1779 1777 1844 supponit
1800 1777 1923 1831 ibid.

95 1851 167 1917 τῷ
198 1847 343 1913 γένει.
380 1849 514 1896 idem
552 1868 608 1899 το
637 1849 793 1915 γένος.
829 1849 883 1899 Β.
922 1848 990 1909 ὥς
1018 1865 1175 1916 φησιν
1215 1850 1270 1902 ἐν
1299 1855 1407 1912 ταῖς
1439 1846 1676 1919 πραξεσιν
1712 1857 1806 1899 010.
1843 1866 1926 1898 ex-

97 1918 307 1983 pungit,
343 1919 481 1968 velut
502 1918 653 1967 huius
680 1935 790 1984 pag.
813 1919 1021 1984 reliqua,

242 2003 357 2065 Pag-
393 2006 478 2056 99
519 2003 572 2055 C.
611 2003 664 2054 οἱ
690 1999 1044 2068 διεπερασαντο
1080 1997 1364 2090 Εὕφρατιζν
1401 2001 1512 2084 μετ’
1543 1997 1776 2088 Ἀβρααμ.
1803 2004 1925 2050 Sca—

98 2071 182 2136 lig.
217 2080 383 2120 textus
413 2072 590 2121 Euseb.
617 2090 730 2139 pag.
761 2078 809 2127 9.
834 2069 1227 2139 διαπερασαντος
1249 2070 1536 2141 Εὕφρατην
1563 2068 1802 2138 Ἀβρααμ.

244 2157 358 2219 Pag
397 2160 513 2209 100
550 2157 607 2204 Α.
647 2174 675 2202 3
697 2156 861 2205 verbis
875 2151 1094 2224 Ἀβρααμ
1117 2152 1185 2223 ἦν
1212 2157 1319 2217 ἕτος
1342 2154 1438 2215 πς’.
1463 2157 1704 2205 nonnulla
1728 2156 1924 2204 notabis

99 2226 360 2273 immutata
388 2233 437 2272 et
454 2233 694 2278 truncata
727 2227 790 2273 ad
824 2226 978 2274 110000
1005 2244 1440 2292 μετονομασαντες.
1480 2229 1533 2274 G.
1570 2235 1685 2291 post
1712 2227 1920 2273 titulum

96 2292 401 2361 Ἀφρικανοῦ
436 2284 575 2343 addit
615 2295 741 2344 Scal.
778 2295 894 2362 περὶ
927 2301 1018 2346 τοῦ
1054 2293 1224 2347 αυτοῦ.
1274 2297 1363 2344 His
1400 2314 1462 2344 ex
1500 2295 1709 2360 Iosepho
1747 2296 1808 2343 de
1837 2312 1921 2343 ur—

98 2365 236 2413 bium
275 2366 499 2430 quinque
543 2364 863 2414 subversione
899 2366 1078 2413 lemma
1101 2366 1381 2450 praevium
1414 2372 1769 2431 praeposuerat
1806 2381 1920 2412 cum

98 2436 249 2483 titulo
286 2434 401 2501 περὶ
434 2438 524 2500 τῆς
561 2438 906 2515 καταστροφῆς
941 2455 1044 2487 των
1080 2431 1132 2489 ε’.
1163 2431 1388 2499 πόλεων,
1427 2454 1553 2502 (11130
1579 2435 1879 2484 Eusebium
1865 2452 1920 2482 111

99 2506 298 2553 annales
323 2505 581 2553 intrusisse
604 2507 832 2554 somniat.

238 2575 350 2639 Peg
387 2580 502 2629 101.
540 2576 598 2624 Α.
637 2572 733 2641 εἶχε
753 2595 842 2627 τον
864 2571 1089 2640 ποταμὸν
1110 2595 1307 2643 τροφην
1330 2575 1573 2640 expungit
1590 2593 1800 2642 τροφην,
1833 2591 1924 2622 ne-

99 2645 360 2694 cessariam
381 2646 648 2694 dictionem
669 2663 776 2711 pag.
798 2653 967 2694 textus
990 2645 1778 2728 Ε11801).20.ίόἰό.διατρέφοντα
1801 2662 1924 2709 per-

99 2718 251 2766 vertit
277 2716 330 2763 in
357 2715 684 2784 διατρέχοντα.
709 2715 833 2764 ibid.
858 2716 998 2780 prius
1029 2717 1090 2763 ad
1120 2716 1270 2765 verba
1302 2711 1499 2766 κὰπνου
1530 2715 1680 2766 πλέον
1716 2715 1923 2763 addide—

99 2794 178 2835 rat
215 2782 380 2836 ουδέν.
419 2787 474 2836 C.
515 2783 803 2853 Θυσιμαρης
837 2786 1009 2835 scribit
1037 2782 1355 2852 Ουσυμαρης.
1392 2785 1515 2833 ibid.
1549 2784 1922 2850 Ῥαμεσσεμένω,

99 2864 250 2904 vocat
275 2855 678 2922 Ῥαμεσσεμενως.
713 2854 838 2904 ibid.
871 2855 1107 2944 Ῥαμεσσῇ
1138 2857 1230 2906 τοῦ
1253 2859 1449 2920 Βαητῆ,
1484 2855 1656 2903 scribit
1687 2854 1925 2919 Ῥαμεσσῆ

98 2921 368 2992 Ἷουβασσῆ.
406 2927 464 2975 D.
502 2923 768 2992 Ἀνωϋφης
804 2927 976 2974 scribit
1006 2922 1286 2989 Ἀνωϋφὶς,
1325 2933 1374 2973 01
1410 2925 1510 2973 eius
1540 2942 1693 2973 annos
1724 2920 1784 2974 κ’.
1821 2942 1920 2972 11110

102 2996 415 3058 1111111131,οῐ
447 2998 570 3044 falso
593 2997 758 3045 reddit
781 2993 867 3046 ιθ·’.
900 3005 957 3045 111
976 3013 1131 3043 annos
1157 2995 1331 3043 mundi
1354 2995 1613 3043 adiunctos
1639 2995 1920 3043 numeranti

104 3072 314 3113 constat.
335 3065 460 3115 ibid.
484 3069 717 3131 Χνοῦβος
745 3069 976 3134 Γνεῦρος,
1012 3067 1099 3114 ille
1125 3067 1357 3131 Χνοῦβος
1378 3068 1629 3134 Χνεῦροςε
1669 3065 1805 3113 cuius
1827 3080 1919 3111 an-

103 3151 194 3182 nos
217 3151 319 3183 non
343 3131 436 3201 κβ’.
461 3138 546 3184 sed
572 3133 656 3198 κζ.
679 3136 866 3184 scribit.

242 3205 355 3267 Pag·
393 3210 508 3259 102.
543 3206 600 3258 A.
638 3201 812 3293 Βιυρις
837 3213 984 3254 vocat
1004 3200 1218 3288 Ἀϊυρης.

252 3276 364 3337 Pag·
403 3278 516 3328 103.
552 3280 609 3326 A.
642 3271 804 3326 Ἰσαακ
828 3275 951 3327 ἐτῶν
979 3270 1041 3340 μ’.
1072 3274 1307 3359 expungit
1329 3290 1485 3321 annos
1515 3271 1637 3320 ibid.
1663 3262 1918 3334 Βαθουήλ.

108 3344 282 3393 scribit
321 3340 580 3410 Φαθουήλ.
615 3363 723 3430 pag.
747 3354 912 3393 textus
941 3350 1023 3398 20.
1058 3345 1108 3392 C.
1143 3340 1300 3413 τούτω
1331 3346 1399 3411 τῷ
1431 3338 1480 3393 ε’.
1510 3342 1602 3392 ἔτει
1629 3341 1820 3387 sublato
1858 3354 1920 3385 ex

108 3414 185 3461 his
212 3414 376 3463 verbis
402 3431 607 3463 numero
641 3412 691 3467 ε’.
728 3416 891 3464 nescit
925 3414 1046 3478 quid
1080 3415 1265 3463 scribat
1298 3414 1426 3460 Scal.
1458 3429 1563 3476 pag.
1588 3412 1802 3473 Excerp.
1833 3413 1917 3461 21

109 3482 231 3532 ibid.
266 3491 382 3551 post
405 3484 558 3534 verba
581 3484 824 3550 βασιλέων
847 3479 929 3535 κε’.
955 3485 1198 3533 nonnulla
1226 3482 1475 3548 expungit.
