2222 3938
322 182 448 248 352
945 194 1522 257 EMENDATIONES

471 326 614 391 Τινὲς
649 332 751 381 ταῖν
789 322 917 380 καθ’
953 326 1089 394 ἡμᾶς
1125 328 1422 396 ἱστορικῶν]
1471 332 1787 398 PanodoruS,
1836 341 1886 383 et
1910 333 2153 398 Anianus,

321 417 533 465 quorum
557 401 746 467 scripta
770 417 946 462 magno
967 400 1040 447 rei
1059 399 1331 448 litterariae
1346 402 1522 451 damno
1547 405 1835 469 perierunt.
1860 416 2000 455 erant
2023 409 2156 456 enim

282 510 286 513 .
319 479 368 519 et
396 471 642 520 Historiae
678 480 725 518 et
751 470 1113 535 Chronologiae
1137 478 1186 519 et
1209 471 1667 524 Mathematicarum
1703 471 2048 545 ἀκριβολογεῖν
2074 480 2155 530 δο-

319 545 525 602 κοῦντες
552 543 622 589 ait
653 543 787 589 Geni
790 541 912 605 gius.

462 615 569 676 Pag.
611 616 691 665 18.
731 613 828 672 Εἰς
857 608 950 678 τὴν
973 605 1273 675 ἕπιφανειαν
1301 616 1394 664 τοῦ
1428 616 1672 682 σωτηρίου
1700 612 1886 682 λόγου.]
1930 617 2153 668 Observa

322 682 504 745 Christi
532 685 746 730 natalem
783 683 912 730 diem
945 682 1168 730 Africani
1211 679 1320 748 (qui
1352 687 1604 734 Antonino
1633 687 1949 751 Heliogabalo
1991 689 2154 754 impe-

317 763 459 801 rante
485 752 632 819 vixit)
660 753 942 801 testimonio
970 749 1269 818 ἐπιφανειαν
1289 756 1475 804 vocari.

461 826 728 874 Χαλδαίων
763 845 959 891 πρῶτος
988 824 1345 891 ἐβασίλευσεν]
1385 827 1570 876 Eorum
1602 828 1832 891 nomina,
1869 837 2152 894 temporum

317 902 366 942 et
390 903 641 957 gestorum
673 896 936 978 Synopsim
966 913 1028 943 ex
1053 896 1295 960 Abydeno
1323 899 1508 961 promit
1533 898 1731 947 Author
1757 916 1865 964 pag.
1891 903 1976 953 39.

459 965 743 1031 Ξίσουθρος
769 984 954 1032 σαρους
981 987 1058 1031 ιη.
1031 961 1086 1030 '.]
1134 964 1221 1029 To,
1260 983 1446 1036 σαρους
1469 965 1551 1035 ιη’.
1576 988 1639 1018 ex
1662 970 1900 1018 Authoris
1920 988 2032 1036 pag.
2058 986 2151 1019 nu-

315 1051 406 1100 per
429 1036 630 1084 laudata
660 1038 722 1085 ad
750 1039 934 1085 calcem
962 1037 1202 1122 supplevi.

457 1101 612 1158 'Eat'
597 1108 677 1172 ε’τη
701 1110 832 1174 χίλια
856 1105 1121 1159 ἐννακόσια
1143 1107 1228 1157 καὶ
1251 1103 1326 1159 πε’
1330 1108 1365 1172 .]
1397 1104 1553 1159 Ἐπὶ’
1537 1109 1618 1175 ε’τη
1644 1116 1679 1160 ἇ
1701 1106 1897 1178 ostdag.
1929 1114 2152 1172 (contra-

317 1176 411 1224 ctis
447 1179 575 1225 enim
614 1179 786 1242 figuris
824 1195 1062 1226 numerus
1096 1178 1151 1225 in
1190 1179 1290 1226 MS.
1329 1178 1587 1245 scribitur)
1630 1161 1834 1228 indubie
1869 1182 2149 1245 legendum.

312 1248 387 1295 Ita
417 1250 570 1296 refert
601 1250 779 1297 iterum
803 1249 999 1296 Author
1029 1249 1190 1313 pagin.
1222 1252 1305 1302 41
1326 1250 1380 1296 Β.
1406 1253 1626 1315 συνῆξαν
1655 1247 1858 1336 σεληνια
1882 1259 1913 1302 ἄ
1942 1246 2149 1321 amans.

312 1319 396 1366 vel
440 1319 575 1382 quod
610 1337 873 1367 numerum
914 1321 1122 1367 eundem
1167 1319 1372 1367 iudicat.
1413 1317 1489 1370 Μ’.
1524 1318 1732 1389 αἳᾈπῆ.
1805 1323 1914 1370 Nisi
1948 1323 2150 1386 legeris,-

314 1391 490 1453 quavis
517 1391 752 1438 methodo
783 1407 955 1454 regum
982 1399 1172 1455 septem
1197 1391 1506 1455 primorum,
1528 1394 1623 1440 vel
1652 1394 1875 1441 omnium
1900 1361 2151 1441 sexdeciui

312 1461 625 1524 sequentium
651 1470 830 1509 aetates
856 1461 1109 1527 putaveris
1138 1479 1294 1509 annos
1329 1462 1525 1510 lunares
1558 1465 1708 1516 1985.
1733 1465 1815 1512 vel
1846 1468 1996 1518 1988.
2022 1480 2150 1511 nus-

314 1547 462 1594 quam
490 1533 718 1597 colliges‚
758 1533 845 1597 qui
875 1534 1017 1594 loco,
1055 1540 1114 1579 ut
1144 1550 1250 1580 sum
1275 1535 1561 1597 praefatus,
1602 1535 1858 1582 emendato
1888 1534 2150 1582 confestim

314 1611 594 1652 occurrent.
668 1605 793 1651 Eum
827 1621 978 1668 porro
1003 1569 1266 1651 humerum
1297 1622 1321 1650 a
1346 1604 1523 1668 primis
1550 1609 1600 1657 7.
1640 1605 1838 1668 regibus
1880 1605 2150 1669 petendum

313 1673 543 1722 adverte:
581 1674 636 1722 id
665 1682 716 1721 te
748 1675 930 1722 docent
966 1675 1220 1722 emendata
1249 1675 1448 1736 Georgii
1469 1676 1617 1722 veiba
1642 1674 1792 1723 haec:
1829 1680 1968 1725 θεῶν
1993 1675 2150 1740 μηδέ-

310 1762 430 1792 ποτε
473 1741 749 1827 γεγονότων
787 1740 839 1804 ζ.
885 1746 938 1795 οἷ
979 1739 1325 1811 διαγεγόνασιν
1364 1744 1444 1795 ἐπὶ
1483 1745 1564 1809 ἔτη
1601 1752 1633 1795 οἳ
1663 1741 1860 1814 amad.
1893 1747 2150 1795 emendate

312 1819 345 1862 ἆ
371 1810 580 1881 αῨιδτιηΊ
655 1816 838 1877 Reges,
876 1815 1106 1879 inquam,
1156 1824 1341 1879 septem
1377 1814 1453 1863 illi
1489 1823 1633 1878 sunt,
1685 1834 1901 1880 qu01um
1943 1817 2149 1865 nomina.

309 1901 422 1948 pag.
468 1901 674 1949 sequens
712 1885 935 1947 exhibet,
986 1894 1035 1933 et
1066 1893 1264 1950 tempus
1300 1886 1362 1933 ad
1403 1889 1588 1939 11985.
1635 1888 1713 1935 vel
1749 1889 1921 1952 potius
1959 1890 2146 1941 11988.

311 1971 466 2002 annos
497 1956 764 2021 Aegyptios
797 1950 1049 2022 (periodos
1087 1957 1287 2005 lunares
1317 1956 1526 2004 totidem
1549 1957 1791 2026 intellige)
1819 1966 2147 2024 prorogatum

311 2026 642 2074 arithmetices
673 2028 829 2075 ductu
858 2028 1190 2091 consequeris.

454 2099 692 2161 Συνῆξαν
728 2097 809 2163 ’ἔτη
850 2095 1117 2148 ἑπτακόσια
1153 2097 1311 2148 εἴκοσι
1341 2093 1498 2161 {nvnc-J
1547 2097 1727 2148 Fateor
1757 2098 1828 2148 ita
1863 2098 2144 2163 legendum,

310 2174 360 2215 et
396 2169 697 2216 vocabulum
738 2164 889 2231 ἔπι-οἳ,
932 2169 1067 2232 quod
1095 2170 1312 2231 excidit,
1349 2169 1591 2217 intactum
1626 2169 1710 2217 hic
1745 2170 1947 2217 omnino
1983 2170 2145 2218 relin-

314 2239 584 2302 quendum.
655 2240 853 2300 Lectio,
890 2239 1122 2303 inquam,
1161 2239 1282 2287 haec
1305 2239 1387 2304 ἔτη
1412 2236 1543 2303 ψκζ’.
1573 2240 1720 2289 aliam
1757 2237 1893 2306 ψκδ’.
1927 2256 2145 2306 sequen-

311 2311 378 2356 tis
402 2309 607 2373 paginae
630 2310 762 2357 linea
793 2316 839 2362 1.
869 2318 1243 2372 occurrentem,
1282 2310 1531 2374 corrigere
1560 2311 1735 2374 debet,
1771 2329 1876 2359 non
1899 2310 2030 2358 hanc
2053 2311 2145 2359 illa
2173 2309 2175 2311 ’

311 2389 521 2428 mutare.
592 2382 718 2429 Tota
753 2383 920 2445 itaque
949 2382 1191 2428 sententia
1222 2382 1276 2429 in
1312 2381 1451 2429 1111110
1486 2382 1688 2430 modum
1717 2351 2024 2434 iestituatur.
2063 2399 2145 2447 με·

313 2452 538 2535 ρίσαντες
568 2449 625 2502 τό
660 2472 762 2502 των
792 2473 863 2518 ημ
870 2471 994 2517 ερων
1040 2456 1240 2517 πλῆθος
1278 2473 1380 2503 των
1424 2448 1591 2502 αυτῶν
1628 2447 1697 2502 θ’.
1727 2454 1968 2518 σεληνίων
2004 2448 2141 2519 παροέ

310 2541 399 2580 τας
423 2517 531 2582 τξέ.
553 2525 645 2573 τοῦ
668 2523 901 2573 ἐνιαυτοῦ
925 2522 1188 2588 συνῆξαν’
1172 2523 1254 2588 ε’τη
1277 2516 1404 2585 ψκζῖ
1428 2519 1599 2588 ἥμισυ,
1639 2519 1694 2574 δ’.
1714 2524 1767 2571 id
1795 2531 1867 2573 est
1889 2522 2021 2587 k'mq‘
1997 2542 2142 2572 επτα-

309 2587 460 2641 κόσια
495 2592 650 2643 εἴκοσι
693 2591 841 2655 ἑπτα,
893 2592 978 2643 καὶ
1015 2608 1085 2646 ω
1126 2593 1211 2644 καὶ
1237 2593 1475 2660 τέσσαοας
1510 2592 1724 2660 ἦμέραςε
1767 2602 1985 2642 coriecte
2019 2589 2138 2658 ρμέ.

307 2660 513 2727 ἡμέρας.
587 2665 805 2727 Scaliger
831 2664 1096 2714 Animadv.
1123 2682 1232 2730 pag.
1268 2665 1385 2718 248.
1424 2682 1519 2730 qua
1545 2664 1667 2712 haec
1690 2666 1842 2712 refert
1879 2680 1941 2711 ex
1965 2663 2139 2710 eodem

307 2732 457 2795 Regio
495 2742 664 2781 nostro
699 2735 773 2784 ita
807 2735 1084 2798 exscripsit.
1149 2736 1433 2800 μερίσαντες
1473 2755 1528 2785 το
1566 2739 1667 2785 τῶν
1700 2733 1904 2800 ήμερων
1938 2737 2139 2798 πλῆθος

306 2821 407 2852 των
433 2798 600 2853 αὐτων
624 2805 905 2866 (numerum
927 2803 993 2856 θ’.
1013 2806 1096 2853 1110
1120 2806 1330 2869 omittit)
1358 2806 1598 2870 σεληνίων
1621 2822 1757 2870 παρα
1778 2825 1866 2863 τας
1885 2799 1993 2864 τξέ.
2017 2802 2138 2868 ’ἡμέ-

308 2892 399 2938 ρας
423 2877 513 2923 τοῦ
538 2874 771 2926 ἐνιαυτου
796 2871 925 2939 ψκζῖ
953 2873 1036 2926 66'.
1065 2875 1210 2936 ξένον
1232 2894 1279 2926 τι
1308 2884 1402 2924 etc.
1477 2875 1649 2923 Paucis
1674 2875 1781 2922 istis
1807 2874 1969 2923 verbis
2000 2874 2138 2921 falsi-

305 2950 431 2991 tates
474 2943 594 2991 duas
629 2945 845 3009 insignes
882 2947 1127 3008 admittit,
1177 2964 1329 2994 unam
1368 2947 1466 2993 iam
1506 2953 1852 3007 memoratam3
1913 2945 2133 3007 alteram,

307 3014 445 3078 quod
468 3014 742 3062 medietatis
770 3018 1014 3064 Graecum
1040 3016 1371 3063 characterem
1398 3015 1686 3063 huiusmodi
1725 3024 1792 3069 Q>
1821 3033 1915 3081 pro
1941 3015 2135 3062 ducen-

304 3092 411 3132 tum
447 3101 656 3132 numero
697 3087 1071 3151 interpretetur.
1144 3086 1360 3133 Eandem
1395 3102 1546 3150 porro
1579 3084 2023 3134 hallucinationem
2048 3084 2133 3133 hic

305 3172 410 3202 non
437 3155 638 3202 omnino
673 3155 886 3204 haesisse
914 3157 1234 3205 declarabunt
1270 3156 1541 3220 sequentia.
1613 3158 1693 3204 Ad
1726 3165 1897 3205 textus
1927 3156 2133 3204 adducti

304 3226 469 3273 lucem
496 3225 678 3275 subdit.
748 3227 844 3274 Ait
870 3227 1052 3274 horum
1079 3229 1303 3273 Deorum
1334 3229 1624 3296 Dynastt'ae
1650 3229 1827 3292 colligi
1851 3244 2014 3274 anno-5*
2043 3243 2133 3273 no·-

305 3298 409 3344 w‘es‘
429 3297 595 3344 mille.-
632 3314 756 3361 quos·
784 3297 985 3361 quidem
1006 3315 1191 3343 mense-5²
1215 3300 1449 3344 Lunares
1475 3300 1885 3362 interpretantur.
1959 3296 2131 3345 Veris-

307 3368 448 3414 sime:
492 3366 592 3414 nisi
628 3368 762 3431 quod
796 3383 896 3414 una
926 3385 1029 3415 non
1064 3375 1136 3414 est
1171 3369 1382 3416 Deorum
1415 3369 1674 3432 Dynastia,
1713 3370 1800 3416 sed
1832 3386 1925 3434 pro
1960 3383 2130 3415 eorum

309 3437 594 3485 diversitate
635 3438 902 3503 multiplex
939 3455 1000 3485 ex
1042 3437 1291 3486 Authore:
1341 3437 1454 3502 περὶ
1497 3440 1804 3489 δυναστειῶν
1843 3434 1916 3496 ις’.
1949 3437 2126 3501 inquit,

305 3503 419 3572 ἤτοι
442 3511 583 3560 θεῶν
605 3512 707 3560 τῶν
737 3508 980 3576 μηδέποτε
1000 3504 1294 3576 γεγονότων.
1356 3508 1630 3573 Subiungit.
1694 3511 1801 3558 Nos
1823 3511 2014 3556 scimus
2038 3523 2126 3554 no-
