2222 3938
313 166 438 227 534
938 171 1520 230 EMENDATIONES

150 301 200 345 P·
229 302 286 345 78
314 304 538 368 Augusto
559 304 684 354 bene
708 303 884 368 digesti
918 310 1199 352 structurae
1236 302 1312 350 nil
1343 301 1724 352 desiderandum
1753 303 2147 370 relinqueretur,

315 392 561 441 suumque
589 393 773 424 annum
809 383 1054 424 errantem
1094 381 1144 422 et
1173 390 1352 437 vagum
1382 373 1484 422 imo
1517 381 1568 422 et
1603 375 1850 423 Iulianum
1887 376 2022 423 omni
2047 376 2140 423 in·-

315 447 592 495 constantia
622 446 802 512 procul
825 446 1040 510 ablegata
1054 482 1068 506 ,
1107 442 1336 494 viderent
1357 443 1459 492 suis
1484 445 1707 494 terminis
1731 445 1998 494 consistere
2014 484 2029 510 ‚
2066 441 2141 497 δι’

311 511 377 583 ἧς
406 516 487 569 ἐπὶ
530 521 629 567 τῶν
668 517 813 567 ἰδίων
849 515 1001 584 ὁρίων
1038 514 1153 580 ἔστη
1185 513 1216 566 ὁ
1249 510 1501 576 ἔνιαυτόςτ
1549 515 1652 564 eius
1682 516 1869 581 pariter
1899 516 2039 579 usui,
2077 523 2138 565 ut

311 587 524 652 Augusti
550 586 796 649 consiliis,
835 604 886 636 se
909 586 1260 647 submiserunt,
1299 593 1348 633 et
1373 602 1436 633 ex
1459 585 1561 633 eius
1580 587 1759 650 regulis
1775 594 1970 653 tempus
1994 604 2140 635 omne

315 659 546 723 deinceps
569 658 730 705 metiti
756 655 901 706 sunt:
935 656 1158 723 quamvis
1184 673 1294 717 non,
1310 663 1436 703 tunc
1462 656 1683 722 primum
1715 665 1882 721 gratus
1910 666 1959 706 et
1984 675 2139 706 usur-

312 736 488 795 patus3
525 745 640 775 nam
666 736 716 776 et
741 745 827 776 sex
851 729 993 776 annis
1018 727 1160 793 prius
1184 725 1457 792 προετέθη,
1497 726 1583 791 qui
1615 727 1919 791 reciperetur
1949 745 2012 776 ex
2047 730 2141 776 Se-

312 807 460 846 natus
488 798 720 847 consulto
753 799 1044 866 propositus
1070 805 1119 846 et
1143 797 1418 859 institutuS,
1457 805 1507 845 et
1530 805 1589 844 ut
1615 798 1796 846 certius
1821 799 1993 847 scribit
2014 799 2140 847 Bar-

312 868 540 918 berinum
566 869 862 937 προσετέθη,
890 889 917 918 a
942 877 1114 937 captae
1132 868 1461 917 Alexandriae
1484 867 1646 935 spatio
1672 885 1864 917 annuae
1883 886 2142 918 mensurae

313 939 577 989 adiunctus
603 948 695 988 est.
1578 953 1581 956 ’

437 1007 638 1061 ’Έτεσιν
664 1006 786 1061 ἓπτοέ
814 1003 1128 1075 divinantem]
1166 1007 1414 1057 Panodori
1450 1024 1667 1057 errorem
1694 1008 1791 1057 alio
1819 1025 1987 1058 errore
2022 1027 2142 1059 cor·-

311 1079 553 1143 rigentem
575 1081 843 1144 Georgium
874 1080 1091 1143 Scaliger
1120 1079 1285 1142 arguit
1315 1079 1580 1128 Animadv.
1605 1096 1715 1144 pag.
1738 1083 1858 1133 260.
1905 1081 2141 1129 Panodo-

313 1168 400 1199 rus
419 1187 435 1211 ‚
466 1151 569 1213 -ait,
605 1152 669 1201 ad
691 1151 1006 1199 Constantini
1026 1149 1306 1198 vicennalia
1338 1151 1494 1202 5816.
1527 1166 1683 1198 annos
1705 1150 2011 1198 numeravit:
2049 1151 2142 1199 de-

312 1220 488 1268 tractis
521 1229 685 1270 autem
726 1222 787 1270 de
819 1222 974 1274 5816.
1011 1237 1202 1267 summa
1234 1222 1376 1273 326.'
1398 1219 1541 1267 annis
1569 1220 1663 1268 soli
1695 1228 1957 1285 supersunt
1985 1221 2141 1276 5490.

315 1291 403 1355 qui
437 1308 540 1339 non
569 1293 719 1340 modo
763 1300 974 1355 septem,
1020 1290 1108 1339 sed
1138 1290 1286 1337 etiam
1317 1290 1485 1337 decem
1507 1289 1710 1354 integris
1744 1291 1885 1339 annis
1910 1292 2142 1340 Panodo-

313 1378 428 1410 rum
466 1379 653 1410 errasse
690 1362 1014 1414 convincunt.
1098 1361 1284 1409 Verum
1314 1377 1427 1408 cum
1466 1359 1526 1407 ab
1564 1361 1752 1409 Adamo
1790 1361 1853 1409 ad
1885 1361 2142 1411 Christum

314 1449 472 1479 annos
509 1434 661 1486 5493.
696 1440 926 1480 accurate
958 1430 1218 1480 distinctos
1257 1432 1544 1479 Panodorus
1579 1439 1788 1495 asserat,
1834 1450 1988 1481 annos
2024 1440 2143 1498 post

313 1519 475 1550 aeram
503 1503 831 1551 Christianam
861 1502 1024 1550 minus
1050 1501 1313 1565 diligenter
1343 1502 1604 1565 colligens,
1642 1502 1766 1550 alios
1802 1519 1910 1551 eam
1943 1520 2144 1570 praece-

313 1572 485 1622 dentes
505 1573 683 1622 vitiose
710 1573 1033 1635 subduxisse,
1070 1572 1273 1621 nonnisi
1301 1589 1413 1620 cum
1440 1573 1563 1621 vitio
1587 1573 1868 1626 damnatur.

451 1643 617 1709 Ἡμεῖς
642 1642 696 1694 δὲ
721 1648 791 1713 τῷ
812 1647 999 1713 ποιητῇ
1029 1647 1131 1694 τῶν
1154 1637 1392 1710 χρόνων.]
1433 1643 1572 1703 Quae
1596 1661 1739 1692 causa
1762 1645 1816 1692 in
1840 1643 2008 1692 eadem
2030 1643 2143 1693 Ma-

313 1713 439 1762 ximi
468 1715 685 1762 defensio
712 1715 858 1762 unica
881 1723 953 1762 est
980 1715 1212 1780 Computi
1239 1715 1431 1765 Eccles.
1459 1721 1590 1779 part.
1621 1719 1667 1768 1.
1693 1733 1801 1780 cap.
1825 1719 1911 1770 32.

449 1778 806 1849 Ἠφᾶντωσεν.]
843 1785 1083 1834 Eusebius
1119 1785 1325 1833 Latinus
1366 1785 1431 1834 ad
1472 1785 1673 1852 Olymp.
1715 1790 1830 1841 193.
1867 1786 2014 1834 exilio
2049 1783 2143 1834 da·-

312 1857 524 1903 mnavit.
979 1894 982 1897 .
1502 1891 1506 1894 .

451 1926 562 1988 Pag.
597 1923 720 1977 314.
762 1918 1100 1987 Οὕινδικούς.]
1135 1924 1271 1972 Idem
1300 1922 1592 1974 Vindelicos
1612 1925 1846 1978 reddidit.

453 1993 507 2044 ‘O
534 1989 682 2054 αὐτός
703 1991 759 2045 τό
775 1989 1035 2060 Πάνειον]
1057 1993 1329 2043 Periochen
1351 1995 1519 2058 istam,
1544 2013 1642 2060 qua
1658 1997 1815 2045 fertur
1826 1996 1880 2044 in
1892 1996 2142 2047 Herodem

312 2065 592 2113 reverentia
629 2081 692 2112 ex
727 2065 942 2112 Eusebio
974 2082 1065 2112 suo
1101 2065 1316 2129 Scaliger
1349 2067 1597 2131 expunxit
1626 2083 1736 2131 pag.
1761 2075 1932 2119 textus
1969 2074 2054 2123 62.
2094 2077 2144 2117 et

312 2135 542 2185 Animad.
579 2151 689 2199 pag.
718 2136 834 2188 157.
868 2135 1002 2183 inter
1028 2135 1226 2198 Georgii
1253 2152 1406 2199 nugas
1429 2145 1667 2189 recenset.
1714 2139 1970 2203 Templum
1993 2141 2141 2201 enim,

313 2205 505 2269 inquit,
542 2207 598 2252 in.
630 2206 867 2253 Caesaris
884 2206 1123 2253 honorem
1141 2202 1470 2273 Καισάρειον,
1507 2225 1609 2255 non
1640 2203 1864 2260 Πάνειον
1893 2212 1949 2257 in
1966 2213 2143 2258 Panos·

314 2277 511 2323 cultum
546 2278 778 2325 extruxit.
820 2275 1062 2341 Iosephus
1089 2275 1177 2326 lib.
1209 2277 1291 2330 15.
1322 2279 1445 2339 Ant„
1465 2294 1574 2343 cap.
1611 2281 1694 2332 13.
1741 2274 1966 2346 Ἡρώδης
1998 2299 2141 2346 περι-

313 2346 639 2397 καλλέστατον
672 2343 811 2415 αὐτῷ
845 2343 1104 2414 (Καίσαρι)
1142 2342 1266 2397 ναὸν
1299 2346 1472 2415 ἐγείρει
1512 2349 1567 2399 ἐκ
1598 2347 1781 2416 πέτρας
1805 2353 1985 2414 λευκῆς
2008 2355 2142 2416 πλη-

315 2417 427 2466 σίον
456 2420 548 2468 τοῦ
588 2418 788 2466 Πανίου
834 2415 1118 2486 λεγομένου.
1189 2417 1416 2466 Ilerodes
1461 2419 1893 2484 elegantissimum
1931 2421 2143 2470 Caesari

313 2488 553 2550 templum
582 2488 821 2536 excitavit
843 2507 866 2535 e
890 2505 1139 2536 marmore
1164 2486 1427 2552 candido,¹
1438 2506 1596 2554 prope
1626 2493 1856 2540 Panium
1890 2491 2028 2557 quod
2055 2509 2143 2542 vo-

315 2566 453 2610 cant.
522 2557 602 2606 Ad
625 2558 830 2636 Paniuug
852 2558 1017 2623 itaque
1049 2557 1147 2606 fuit
1169 2559 1414 2623 templum
1441 2560 1633 2609 Caesari
1669 2561 1730 2610 ab
1768 2561 1965 2610 Herode
1999 2562 2142 2611 dica-

314 2634 421 2674 tum
457 2645 514 2674 ac
539 2628 763 2676 vicinum
793 2629 943 2688 adeo,
977 2636 1038 2677 ut
1069 2646 1182 2676 cum
1210 2646 1365 2678 unum
1392 2638 1670 2695 extrueret,
1708 2632 1847 2680 aliud
1870 2640 2138 2698 repararet.

315 2697 522 2745 Latinus
556 2699 813 2748 EusebiUS.
882 2697 1141 2760 Herode-5¹,
1188 2698 1249 2746 id
1284 2699 1424 2768 quod
1457 2711 1672 2750 vocatur
1711 2701 1941 2766 Panion,
1977 2712 2139 2751 extru-

313 2770 420 2815 xit.-
462 2768 594 2831 quod
623 2770 882 2833 Syncellus
907 2770 1142 2835 exposuit
1165 2769 1432 2823 εἶδωλεῖον.

450 2836 513 2887 Ὅ
542 2833 684 2899 αὐτὸς
707 2833 1031 2905 Ἀνθηδόνα]
1072 2841 1286 2904 Denegat
1309 2841 1432 2890 haec
1454 2841 1669 2890 Eusebio
1692 2843 1879 2891 Graeco
1900 2842 2136 2908 Scaliger,

316 2924 439 2973 quae
460 2908 662 2955 Latinus
687 2909 936 2975 Inter-pres
963 2912 1027 2958 ad
1050 2911 1250 2977 Olymp.
1277 2916 1395 2966 192.
1424 2912 1652 2960 adstruit.

454 2975 515 3027 Ὅ
537 2973 688 3037 αὐτός
709 2982 810 3030 τῶν
833 2976 1085 3032 Ἰουδαίων
1112 2977 1451 3048 ὀνομαστούς]
1486 2983 1559 3030 Ita
1595 2982 1741 3032 Barb.
1776 2983 1994 3046 Scaliger
2020 3001 2136 3033 cum

313 3049 479 3099 Perez.
501 3047 651 3096 habet
674 3057 983 3115 νομομαθεῖς
999 3089 1012 3113 ,
1049 3051 1198 3100 iidem
1223 3069 1341 3100 vero
1369 3059 1492 3099 tunc
1519 3047 1811 3118 ὀνομαστοὶ,
1858 3055 1946 3118 qui
1969 3065 2134 3121 ’νομο-

316 3123 522 3186 μαθεῖς,
560 3135 685 3184 quos
708 3119 771 3166 ad
792 3129 1002 3170 mortem
1026 3121 1247 3170 Herodes
1272 3121 1623 3176 insectabatur.
1691 3123 1932 3174 Eusebius
1959 3125 2024 3174 ad
2048 3143 2136 3173 an-

315 3206 438 3238 num
458 3189 669 3237 Herodis
694 3191 778 3242 30.

456 3261 571 3324 Pag.
607 3259 729 3313 315.
749 3256 898 3320 ”Erec
932 3255 1230 3327 Αὐγούστου
1268 3260 1524 3327 Καίσαρος
1557 3258 1758 3331 Ιευνηῖ]
1813 3263 1920 3311 Nisi
1962 3260 2129 3333 ,svvm'rst

315 3330 488 3394 legeris
505 3367 518 3392 ‚
558 3338 606 3377 et
628 3329 688 3376 ab
713 3346 770 3378 eo
794 3329 1000 3394 Augusti
1025 3331 1142 3379 anni
1167 3331 1523 3396 processerint,
1561 3342 1816 3398 sequentes
1843 3329 1940 3401 μα’.
1962 3342 2011 3383 et
2035 3332 2131 3401 μβ’.

316 3401 369 3449 in
395 3400 569 3449 mundi
593 3393 762 3469 ,sv’fflss
797 3409 844 3449 et
864 3396 967 3471 ,stpfl
995 3417 1250 3465 nunquam
1271 3401 1508 3450 incident.

455 3468 599 3523 Κατὰ
620 3467 676 3522 τό
697 3466 789 3539 μγ’.
811 3470 920 3534 ἔτος
940 3466 1278 3541 Αὐγούστου.)
1310 3472 1387 3524 Ad
1406 3490 1591 3524 annum
1630 3474 1779 3524 creati
1814 3473 1947 3524 orbis
1972 3474 2126 3529 5459.
