2222 3938
241 249 247 255 1
307 161 432 222 402
921 168 1180 226 ΙΙΞΜΕΝῙ)
1188 168 1500 230 ATIONES

305 301 519 352 exhibet.
590 302 807 367 Septima
829 306 878 348 et
894 298 1126 348 vicesima
1152 297 1325 345 Latina
1347 298 1488 348 annis
1514 303 1562 354 8.
1589 298 1686 348 hac
1711 300 2126 352 Graeca‘brevior

305 382 412 424 est:
450 373 585 438 quod
606 389 734 420 anno
761 370 995 419 nimirum
1021 368 1159 417 Darii
1183 370 1365 417 Xerxis
1391 370 1485 418 filii
1511 375 1591 429 11.
1619 371 1829 419 obeunte
1851 372 2127 438 Aegyptio-‘-

303 461 417 492 rum
442 460 649 507 regnum
673 440 980 506 reparaverit
1011 438 1323 504 Nepherites=
1361 457 1455 503 qua
1482 442 1669 506 pariter
1694 442 1887 490 ratione
1912 443 2128 508 Camby-

304 515 370 563 sis
402 530 559 562 annus
592 512 783 577 primus
810 511 1005 558 Amosis
1043 510 1277 575 Aegyptii
1312 511 1576 575 Dynastiae
1607 512 1874 578 superioris
1911 514 2038 576 regis
2074 519 2123 569 8.

303 602 491 632 annum
514 591 819 648 postremum
846 588 1059 646 occupet
1084 581 1417 645 contemplare
1442 583 1571 647 apud
1591 582 1860 630 Eusebium
1874 583 2124 631 Latinum.

303 654 542 720 Dynastia
568 657 653 706 29.
683 652 737 699 in
762 651 991 700 versione
1015 651 1310 716 Hieronymi
1334 653 1488 699 solius
1507 661 1579 700 est
1597 652 1875 718 Nepheritis
1903 654 2045 702 annis
2074 654 2123 707 5.

305 723 415 791 (qui
451 729 502 776 6.
539 723 642 786 hic)
683 723 926 770 duntaxat
957 721 1224 786 regnantis.
1299 722 1533 786 Dynastia
1560 727 1644 777 30.
1675 741 1810 787 reges
1835 732 1935 771 tres
1962 725 2125 772 solum.

304 794 557 849 continet,
597 791 833 841 Achorim
874 793 1017 840 annis
1053 797 1134 846 12.
1173 791 1291 858 (qui
1323 796 1404 846 13.
1441 789 1559 862 hie)
1599 793 1951 843 Psammuthim
1985 799 2034 847 1.
2076 802 2127 842 et

303 863 657 930 Anapheritem
680 863 932 912 mensibus
959 864 1007 917 4.
1033 863 1351 927 imperantes,
1424 863 1642 912 Additur
1667 865 2005 927 NectanebuS,
2043 881 2127 913 ex..

303 942 495 1001 puncto
528 933 718 997 Muthi,
757 934 899 982 annis
946 938 1027 986 18.
1082 935 1204 981 Teos
1244 940 1292 987 2.
1341 941 1389 981 et
1421 935 1728 983 Nectanebus
1769 936 1895 984 alter
1929 936 2126 984 duobus

300 1006 487 1054 iterum
520 1022 752 1068 regnans:
798 1005 882 1069 qui
910 1021 1079 1067 regum
1118 1005 1272 1052 trium
1305 1006 1638 1069 posteriorum
1669 1005 1863 1053 numeri
1889 1014 2006 1054 sunt
2031 1006 2129 1073 ipsi

305 1077 394 1142 qui
418 1075 614 1138 regibus
639 1076 813 1123 iisdem
840 1075 894 1130 in
920 1075 1144 1123 Africani
1172 1075 1409 1139 Dynastia
1441 1079 1525 1128 30.
1564 1076 2032 1143 accommodantur:
2066 1094 2128 1124 ex

303 1163 405 1211 quo
443 1146 666 1194 Africani
694 1146 982 1211 Dynastiam
1007 1145 1308 1192 tricesimam
1341 1162 1456 1192 cum
1492 1145 1767 1194 Eusebiana
1807 1155 2130 1196 commutan-

302 1217 417 1264 dam
444 1216 692 1264 existimo.
768 1217 1027 1263 Caeterum
1052 1216 1238 1263 Graeca
1262 1216 1531 1280 Lalinaque
1568 1233 1739 1279 regum
1774 1218 1976 1265 nomina
2003 1236 2128 1284 pro-

301 1287 488 1335 latione
507 1303 866 1351 nonnunquam
892 1286 1226 1335 diversissima
1249 1285 1382 1334 inter
1405 1287 1568 1335 varias
1593 1286 1833 1335 lectiones
1857 1288 2015 1338 literis
2034 1305 2131 1356 pe-

299 1357 432 1405 nitus
457 1357 632 1405 iisdem
656 1357 834 1405 referri
856 1358 1156 1421 quandoque
1186 1356 1584 1422 conspiciuntur.

443 1442 557 1504 Pag,
594 1445 677 1495 78.
705 1438 832 1507 ’Έτη
871 1437 970 1507 φ’.]
1018 1443 1132 1490 Uno
1178 1442 1406 1508 demptoz
1449 1443 1532 1492 vel
1567 1449 1701 1491 certe
1736 1441 1891 1496 2243.
1926 1443 2132 1493 ineunte

306 1514 418 1560 Sem
448 1512 619 1574 genuit
643 1512 931 1578 Arphaxad.

445 1592 610 1666 ,βτοηῖ
653 1596 748 1647 ἔτει
773 1598 865 1647 τοῦ
892 1592 1119 1662 κόσμου]
1160 1597 1392 1647 Nascitur
1406 1596 1679 1663 Arphaxad
1705 1615 1835 1646 anno
1861 1605 1977 1663 post
2000 1615 2132 1648 crea-

301 1674 411 1715 tum
437 1667 611 1715 orbem
641 1667 796 1720 2243.
834 1667 1086 1731 trigesimo
1125 1668 1302 1716 deinde
1339 1677 1388 1716 et
1421 1669 1592 1734 quinto
1623 1686 1772 1733 supra
1810 1668 2130 1717 centesimum

302 1738 494 1802 prolem
533 1737 769 1800 suscipit:
807 1755 911 1784 non
948 1738 1100 1800 igitur
1139 1739 1234 1786 alio
1275 1756 1421 1802 quam
1450 1756 1590 1787 aerae
1617 1739 1797 1787 mundi
1830 1742 1987 1793 2308.
2039 1740 2136 1788 Hic

304 1815 469 1855 autem
495 1824 600 1854 non
621 1807 860 1868 Librarii,
898 1808 983 1856 sed
1019 1807 1176 1873 ipsius
1207 1808 1445 1857 Authoris
1477 1826 1616 1857 error
1652 1826 1867 1874 parvus,
1902 1817 1958 1857 ut
1993 1810 2135 1858 aiunt

301 1877 359 1926 in
390 1877 644 1943 principio
680 1884 730 1924 et
764 1877 818 1923 in
855 1877 1152 1925 immensum
1194 1896 1441 1942 crescens3
1483 1880 1690 1927 diversis
1723 1879 1855 1927 enim
1877 1879 2134 1929 variorum

303 1948 607 2013 scriptorum
644 1946 896 1995 codicibus
931 1965 1082 2011 usus,
1121 1949 1255 1997 inter
1302 1967 1424 2014 quos
1457 1949 1682 1997 Africani
1719 1949 2003 1999 Chronicon
2033 1951 2132 1999 Ar·-

302 2017 504 2085 phaxad
528 2017 769 2083 epocham
795 2034 897 2065 uno
922 2035 1052 2070 anno
1084 2036 1230 2082 quam
1257 2021 1422 2081 exigat
1448 2019 1577 2066 ratio
1602 2020 1934 2084 superiorem,
1973 2021 2028 2069 id
2055 2030 2133 2070 est

301 2088 412 2154 ipso
451 2088 627 2137 diluvii
667 2105 796 2135 anno
827 2095 1078 2148 statuens,
1118 2089 1178 2134 ab
1218 2105 1305 2149 eo,
1340 2088 1429 2135 ubi
1470 2106 1583 2136 eum
1619 2090 1867 2153 sequitur,
1901 2091 2044 2152 falsi,
2081 2100 2132 2140 et

303 2176 436 2207 anno
476 2175 579 2206 uno
613 2157 822 2214 minoris
853 2158 1080 2222 computi
1113 2158 1325 2205 desumit
1367 2159 1679 2225 frequentius
1720 2176 1931 2208 causam.
2016 2162 2130 2222 Quo

300 2228 361 2277 fit
399 2237 459 2277 ut
494 2227 684 2276 duobus
713 2228 858 2275 etiam
881 2228 1302 2275 coniunctissimis
1334 2228 1457 2277 locis
1493 2229 1554 2276 de
1589 2230 1759 2278 eadem
1793 2247 1847 2278 re
1875 2231 2132 2297 loquutus,

302 2299 451 2347 modo
487 2299 542 2346 in
570 2315 754 2360 unum,
794 2297 944 2345 modo
973 2297 1027 2344 in
1059 2307 1371 2361 sequentem,
1415 2316 1520 2346 eam
1550 2300 1785 2347 coniiciat
1817 2319 2031 2352 annum:
2070 2304 2133 2352 de

299 2377 403 2416 tam
426 2369 569 2433 gravi
595 2368 988 2417 hallucinatione
1012 2369 1196 2432 passim
1227 2373 1520 2418 occurrente
1546 2369 1601 2418 in
1621 2378 1780 2433 textu,
1817 2373 2003 2437 passim
2033 2391 2132 2422 no-

299 2447 466 2489 tarum
494 2439 663 2487 eadem
684 2437 876 2485 monita
903 2447 1043 2501 coget
1067 2440 1351 2505 repetenda.

424 2519 560 2583 ‘'Ewg·
585 2525 676 2573 τοῦ
702 2518 876 2590 flans]
914 2523 1183 2571 Confirmat
1205 2523 1289 2571 hic
1310 2541 1548 2572 numerus
1566 2527 1945 2589 praecedentem
1967 2545 2132 2577 emen-

299 2591 575 2655 dationem,
614 2600 662 2640 et
694 2593 874 2641 exinde
899 2600 1000 2642 tres
1022 2594 1381 2659 subsequentes
1408 2596 1612 2661 expetit.

440 2670 526 2725 'Ev
550 2677 861 2743 τρισμυρίοις
886 2676 1044 2734 ἔτεσιν
1073 2676 1159 2730 καὶ
1188 2675 1320 2748 pass]
1342 2679 1530 2728 Novem
1557 2671 1650 2744 per
1672 2680 1825 2733 3600.
1862 2679 2012 2728 ducta
2034 2698 2129 2731 no-

300 2761 413 2796 vem
459 2762 595 2794 saros
634 2755 965 2812 componunt,
1007 2748 1107 2796 hoc
1139 2757 1213 2796 est
1252 2750 1445 2803 dierum
1471 2751 1660 2804 32400.
1690 2766 1947 2805 summam.
2017 2753 2126 2800 Duo

300 2832 393 2881 per
417 2819 534 2868 600.
567 2817 718 2864 ducta
746 2818 965 2866 reddunt
1001 2824 1151 2873 1200.
1187 2819 1310 2868 duos
1336 2820 1570 2868 nimirum
1609 2835 1782 2867 nerost
1835 2820 1962 2870 Octo
1990 2822 2128 2871 deni-

303 2902 401 2950 que
427 2903 519 2950 per
548 2890 630 2939 60.
666 2887 816 2934 ducta
844 2888 966 2940 480.
1007 2889 1308 2951 conficiunt,
1348 2898 1462 2938 octo
1489 2889 1722 2939 videlieet
1754 2907 1934 2942 sossos.
2007 2893 2128 2941 Tri-

301 2955 396 3003 bus
421 2972 574 3019 porro
597 2957 800 3007 summis
826 2957 932 3005 istis
959 2959 1021 3006 ad
1041 2959 1257 3012 invicem
1278 2960 1461 3007 iunctis
1489 2967 1738 3022 exurgunt
1760 2961 1969 3025 dierum,
2003 2980 2127 3027 quos

303 3024 592 3090 Polyhistor
624 3043 779 3075 annos
804 3037 976 3086 vocat,
1011 3029 1258 3093 myriades
1289 3037 1420 3089 tres,
1457 3037 1632 3094 quater
1664 3031 1850 3095 millia,
1889 3041 1938 3083 et
1972 3040 2126 3082 octo·-

305 3095 454 3160 ginta.
529 3096 706 3144 Decem
728 3097 1062 3147 redundantes
1089 3099 1150 3147 de
1175 3116 1264 3147 suo
1291 3099 1547 3154 Librarius]
1570 3101 1818 3166 apposuit.
1914 3099 1918 3102 ⁶

428 3175 554 3243 ”Em
575 3176 757 3243 ἦλιακοέ
782 3173 879 3231 '⁷62
910 3181 996 3233 καὶ
1022 3185 1187 3247 μῆνας
1218 3178 1304 3249 η’.]
1347 3184 1452 3232 Nisi
1480 3185 1663 3232 solares
1693 3202 1847 3234 annos
1866 3223 1880 3248 ,
1917 3186 1980 3235 de
2008 3186 2123 3251 qui-

304 3246 399 3297 bus
428 3265 490 3297 ex
511 3248 797 3298 Alexandro
821 3251 1134 3316 Polyhistore
1158 3252 1395 3302 Authoris
1427 3271 1584 3302 sermo
1598 3294 1613 3318 ‚
1651 3272 1712 3302 ex
1739 3257 1988 3305 tricenum
2012 3257 2121 3305 die-

300 3334 421 3367 -rum
445 3318 692 3368 mensibus
717 3324 796 3374 12.
826 3322 952 3370 velis
985 3323 1312 3388 compositos,
1349 3323 1446 3373 hoc
1474 3332 1550 3373 est
1576 3325 1748 3374 diebus
1775 3328 1893 3375 solis
1915 3331 2036 3381 360.
2065 3327 2121 3373 in

306 3387 413 3439 dies
438 3392 625 3445 34080.
645 3406 889 3454 nusquam
915 3394 1164 3455 resolves,
1199 3393 1253 3441 id
1278 3402 1350 3443 est
1383 3394 1438 3443 in
1474 3411 1608 3443 saros
1635 3400 1682 3449 9.
1709 3413 1854 3446 neros
1879 3404 1928 3451 2.
1957 3413 2117 3445 sossos

305 3465 436 3510 octo.
493 3460 769 3525 Nonaginta
799 3461 1041 3526 siquidem
1066 3470 1281 3528 quatuor
1313 3482 1405 3532 per
1438 3469 1558 3520 360.
1592 3466 1763 3530 ducta,
1800 3470 1995 3522 33840.
2031 3482 2119 3515 ex·
