2222 3938
331 157 458 247 400
911 191 1521 250 “EMENDATIONES

329 324 625 390 significans
639 361 655 389 ,
690 333 735 373 et
762 326 889 390 quia
917 322 1176 371 rebellaret
1204 325 1376 386 frater
1401 319 1628 376 Armais.
1710 320 1820 391 Qui
1845 337 2035 392 repente
2070 327 2144 377 ad

326 396 592 445 Pelusium
628 393 923 455 destinavit,
971 403 1017 440 et
1052 396 1325 458 proprium
1374 399 1535 444 tenuit
1571 415 1798 462 regnum.
1867 401 2143 448 Provincia

325 484 442 514 vero
468 475 648 515 vocata
681 473 753 512 est
774 482 831 512 ex
862 466 974 511 eius
997 467 1193 512 nomine
1217 465 1494 530 Aegyptus.
1563 470 1714 517 Dicit
1736 471 1866 516 enim
1898 469 2036 533 quod
2059 472 2143 518 Se-

326 537 488 584 thosis
507 535 768 600 Aegyptus
792 535 1100 586 vocabatur:
1134 539 1349 584 Armais
1376 547 1545 586 autem
1569 541 1675 587 eius
1691 542 1868 603 frater
1893 542 2140 590 Danaus.

323 607 460 657 Haec
483 606 730 656 Manetho.

470 690 696 761 Θούωρις
733 692 764 746 ὅ
785 690 910 763 παρ’
932 690 1129 764 Ὁμήρῳ
1170 692 1472 762 Πολύβους.]
1509 699 1818 749 Praesentem
1846 699 2015 746 locum
2040 715 2141 747 una

323 765 601 830 corrumpit
643 773 692 812 et
726 765 1000 832 interpolat
1034 766 1249 830 Scaliger
1289 767 1523 832 Excerpt.
1562 786 1672 833 pag.
1708 770 1829 822 357.
1876 770 2142 834 interpolat

325 836 547 885 scribens
573 830 623 893 ς’.
659 831 888 905 Θούωρις
911 836 936 888 ὅ
962 832 1087 905 παρ’
1114 833 1311 906 Ὁμήρῳ
1338 834 1643 904 καλούμενος
1666 836 1918 906 Πολύβιος
1936 835 2143 890 Ἀλκάν-

326 907 447 974 δρας
471 901 599 972 nimio
624 901 712 970 ἐφ’
736 901 798 958 οὗ
824 904 1039 959 τὸἽλιον
1062 902 1213 958 ἑάλως
1254 925 1398 972 quem
1433 910 1640 957 eundem
1671 911 1837 957 locum
1872 910 1980 976 pari
2020 927 2142 958 cor-

322 976 559 1041 ruptione
583 976 833 1026 foedatum
871 995 980 1043 pag.
1017 995 1116 1042 seq.
1148 979 1203 1026 Β.
1239 979 1344 1043 ipse
1371 996 1566 1044 quoque
1589 980 1737 1028 simili
1766 988 1869 1028 arte
1902 988 2142 1044 expurgat

322 1046 562 1112 Excerpt.
587 1047 765 1099 Euseb.
798 1049 979 1114 pagina
1014 1053 1093 1102 16.
1125 1048 1254 1096 linea
1285 1053 1369 1103 37.
1397 1050 1636 1115 depravat
1657 1057 1815 1098 autem
1837 1051 2013 1116 Polybi
2035 1052 2141 1099 sive

322 1115 539 1166 Thuoris
567 1117 785 1168 eiusdem
810 1118 1049 1168 mutilatis
1086 1119 1226 1167 annis
1263 1127 1311 1167 et
1340 1128 1527 1184 septem
1558 1122 1667 1169 vice
1697 1125 1744 1173 6.
1782 1121 2024 1169 duntaxat
2055 1137 2142 1171 re-

321 1188 501 1254 positis
529 1188 662 1235 dicta
686 1206 794 1255 pag.
817 1191 942 1243 357.
984 1188 1066 1237 cui
1104 1206 1212 1253 pag.
1243 1193 1324 1242 16.
1348 1198 1533 1255 septem
1560 1190 1775 1254 integros
1801 1191 2041 1239 restituit:
2080 1192 2142 1240 de

321 1275 423 1322 quo
457 1259 661 1306 Latinus
698 1260 953 1308 Eusebius.
1034 1259 1251 1306 wzuoris
1286 1278 1370 1307 rex
1390 1260 1613 1326 Aegypti
1645 1262 1709 1308 ab
1738 1263 1958 1309 Homero
1982 1262 2141 1326 Poly-

320 1328 416 1375 bus
450 1338 683 1391 vocatur,
720 1332 941 1377 maritus
979 1328 1307 1391 Alcandrae‚
1346 1333 1496 1378 cuius
1530 1334 1754 1379 meminit
1802 1334 2047 1380 Homerus
2086 1335 2142 1381 in

325 1397 587 1463 Odyssaea
609 1398 806 1448 dicens.-
834 1409 954 1465 post
984 1400 1169 1448 Troiae
1193 1404 1539 1465 captivitatem
1573 1403 1860 1450 „Menelaum
1897 1412 1944 1450 et
1978 1404 2142 1450 Hele-
2170 1451 2173 1453 a

317 1487 437 1516 nam
464 1468 539 1517 ad
558 1488 672 1517 eum
703 1470 963 1520 divertisse
994 1479 1257 1535 repetentes
1287 1473 1556 1520 Graeciam
1582 1482 1704 1537 post
1732 1473 1915 1534 bellum
1950 1476 2138 1525 Troiae.

314 1539 395 1587 Ibi
431 1557 550 1589 vero
586 1557 742 1589 annos
777 1540 991 1590 Thuoris
1017 1549 1206 1608 septem
1233 1544 1531 1592 enumeratis
1567 1543 1802 1609 Scaligeri
1831 1544 2008 1594 vitium
2040 1561 2141 1593 no-

313 1610 508 1659 biscum
534 1619 790 1677 expurgat.
2061 1668 2064 1670 ,

444 1696 672 1767 ’Ἀθωρις
709 1699 790 1765 ἔτη
822 1695 949 1765 MJK]
999 1701 1216 1766 Scaliger
1255 1719 1365 1767 pag.
1403 1703 1638 1768 Excerpt.
1672 1703 1791 1756 357.
1840 1696 1954 1770 (θ’.)
2001 1702 2141 1768 quasi

312 1768 517 1818 Athoris
548 1770 687 1834 regni
710 1771 946 1819 alteruter
969 1787 1208 1820 numerus
1242 1773 1505 1821 offerretur
1526 1773 1829 1838 probandus,
1866 1774 2036 1839 priore
2062 1774 2141 1821 ni-

310 1840 498 1889 mirum
519 1840 745 1888 falsitatis
777 1848 1034 1906 suspecto,
1072 1843 1155 1891 vel
1189 1844 1407 1892 secundo
1432 1843 1530 1891 hoc
1563 1861 1591 1891 a
1617 1844 1874 1892 nonnullis
1912 1843 2139 1892 authori-³

311 1910 406 1959 bus
447 1918 648 1961 assertO.
719 1910 822 1959 Nec
850 1928 1110 1977 perperam
1150 1915 1367 1962 omnino.
1441 1915 1520 1962 Ex
1555 1914 1775 1977 margine
1806 1914 1991 1980 quippe
2018 1915 2139 1979 sola,

309 1981 365 2030 in
393 1998 492 2046 qua
522 1977 592 2032 θ’.
621 1981 819 2029 numeri
856 1982 977 2029 noni
1010 1982 1165 2031 index
1201 1992 1274 2031 est
1301 1993 1349 2031 et
1380 1983 1633 2034 character
1666 1983 2003 2033 *Achenchersi
2027 2002 2138 2033 nu·-

308 2052 484 2100 merali
507 2059 626 2099 nota
657 2052 847 2100 carenti
879 2051 975 2100 hoc
1002 2061 1152 2118 pacto
1187 2054 1500 2118 adiungitur:
1535 2050 1602 2105 θ’.
1634 2050 1944 2122 Ἀχενχέρσης
1974 2073 2058 2103 rex
2088 2060 2136 2110 9.

310 2131 383 2169 est
407 2121 799 2185 Achenclzerses‚
838 2122 1054 2186 Scaliger
1079 2124 1134 2172 in
1165 2125 1666 2186 textumitranstulit‚
1705 2133 1754 2174 et
1785 2142 1848 2173 ex
1872 2142 1938 2184 eo⁸
1956 2124 2136 2175 chara-

311 2200 445 2240 ctere
486 2200 626 2241 extra
668 2193 834 2241 sedem
874 2194 1067 2258 posito,
1104 2211 1209 2242 non
1246 2195 1468 2243 ordinem
1508 2195 1686 2252 mod0,
1726 2195 1815 2244 sed
1853 2203 1901 2243 et
1932 2195 2136 2246 Athoris

308 2279 467 2311 annos
494 2262 767 2327 significari
793 2264 1033 2324 coniecit,
1070 2264 1157 2329 qni
1179 2282 1234 2315 re
1257 2282 1376 2315 vera
1398 2283 1502 2314 non
1524 2269 1610 2321 39.
1639 2265 1727 2315 sed
1752 2270 1801 2320 9.
1828 2282 1891 2315 ex
1912 2266 2134 2317 dicendis

306 2341 426 2399 post
446 2341 589 2382 notas
612 2341 799 2400 septem
827 2334 1133 2399 colligentur.

454 2416 635 2481 Μόνος
661 2417 959 2487 Εὕσέβιος.]
1010 2423 1227 2487 Scaliger
1257 2423 1487 2475 Animad.
1525 2432 1632 2492 pag.
1668 2428 1752 2480 32.
1811 2427 2131 2488 Hoeunum,

308 2490 498 2556 inquit,
535 2492 711 2539 obiicit
741 2491 1023 2559 (Georgius)
1061 2494 1307 2556 Eusebio,
1350 2495 1493 2561 quod
1515 2497 1609 2544 sub
1631 2496 1724 2544 lzoc
1755 2513 1868 2560 rege
1895 2495 2132 2544 Exodum

310 2563 658 2610 Hebraeorum
670 2573 862 2628 ponat.-
901 2582 1061 2628 quum
1087 2565 1186 2611 alii
1214 2566 1307 2613 sub
1332 2566 1530 2616 Amosi.
1606 2568 1752 2631 Quae
1775 2568 1907 2614 ratio
1932 2585 2032 2615 non
2059 2575 2131 2614 est

310 2634 469 2679 unius
507 2635 655 2682 assis.
725 2635 830 2682 Imo
867 2651 1016 2698 quam
1048 2634 1261 2699 ingentis
1294 2638 1468 2702 pretii,
1509 2655 1622 2686 cum
1655 2638 1708 2685 in
1743 2636 1892 2684 dubia
1928 2654 1983 2685 re
2015 2637 2128 2701 plu-

304 2702 463 2766 rium,
502 2719 650 2767 quam
673 2704 820 2753 unius
846 2705 1128 2770 praevaleat
1152 2707 1501 2759 testimonium.
1562 2708 1713 2756 Nullo
1730 2707 1990 2754 interiecto
2012 2707 2129 2755 sub·

307 2771 399 2820 dit.
470 2771 572 2820 Sed
593 2773 676 2820 liis
702 2778 905 2822 omissis
935 2774 1051 2823 vide
1076 2777 1325 2841 quomodo
1355 2779 1609 2826 Eusebius
1643 2794 1803 2824 annos
1826 2777 1982 2824 liuius
2014 2780 2126 2840 Dy-

304 2844 506 2890 nastiae
538 2845 887 2909 interpolando
914 2845 975 2894 id
996 2847 1271 2912 affectavit,
1305 2858 1362 2895 ut
1378 2852 1694 2914 principium
1714 2846 1956 2894 Aclzerris
1973 2865 2126 2911 prae-

306 2915 406 2960 eise
432 2915 488 2960 in
514 2921 709 2978 tempus
730 2915 898 2964 Exodi
921 2916 1173 2980 incideret,
1211 2922 1365 2983 quasi
1387 2921 1481 2971 sub
1504 2938 1556 2967 eo
1581 2936 1693 2984 rege
1714 2917 1956 2965 voluisset
1981 2919 2125 2978 Exo-

305 2981 432 3034 dum
461 2987 760 3049 contigisse,
798 2986 934 3035 nillil
960 3005 1106 3052 agere
1128 2988 1402 3052 videretur,
1440 2993 1543 3037 nisi
1564 2992 1619 3036 in
1634 2989 1890 3053 principio
1919 2990 2025 3035 eius
2047 3005 2123 3036 re·-

300 3056 395 3119 gni
426 3053 664 3101 Exodum
707 3058 873 3119 ipsam
907 3066 1162 3108 statueret.
1246 3058 1370 3118 Quis
1411 3059 1467 3106 in
1513 3060 1779 3108 Eusebium
1814 3057 2120 3116 clementior,

304 3124 543 3188 Georgius
584 3142 648 3172 an
690 3124 939 3190 Scaliger?
1002 3128 1090 3175 Vel
1120 3127 1261 3176 cuius
1296 3129 1496 3193 Georgii
1531 3148 1596 3178 an
1632 3127 1868 3192 Scaligeri
1905 3128 2119 3179 validius

300 3193 564 3247 Eusebium
594 3195 799 3261 impetat
819 3197 974 3246 ratio:
1011 3197 1199 3245 iudicet
1226 3214 1408 3263 aequus
1438 3202 1633 3252 Lector.

441 3284 553 3348 Pag.
588 3287 671 3338 73.
711 3280 939 3351 Θούωρις
967 3283 998 3336 o‘
1017 3281 1140 3353 παρ’
1163 3282 1405 3355 Ὁμήρῳ]
1435 3287 1583 3347 Quae
1605 3288 1666 3336 de
1689 3287 1794 3336 loci
1819 3286 1961 3335 istius
1999 3293 2117 3334 cbr-

301 3355 498 3420 ruptela
526 3361 576 3402 et
595 3354 933 3405 emendatione
958 3363 1077 3403 nota
1102 3357 1355 3422 superiore
1389 3359 1536 3406 tertia
1572 3359 1861 3425 scripsimus
1894 3356 2114 3406 consule.

301 3422 411 3472 Hoc
440 3425 804 3476 animadverto:
842 3425 1145 3489 Scaligerum
1175 3428 1410 3493 Excerpt.
1435 3446 1549 3495 pag.
1579 3434 1660 3485 16.
1695 3445 1849 3479 annos
1874 3432 1923 3482 7.
1952 3426 2115 3476 Thuc-

280 3495 375 3559 τί,
411 3495 625 3563 cui-pag.
651 3497 772 3552 357.
799 3513 887 3546 sex
910 3496 1086 3548 tribuit
1113 3498 1394 3548 concedere.
1660 3518 1663 3521 ·
