2222 3938
310 214 311 217 ¹
341 182 466 255 51'4
977 198 1556 255 EMENDArioNEs
1617 208 1625 211 f·

342 334 625 399 Pontifieia
650 331 901 398 dignitate
930 338 1103 377 motus
1126 338 1199 376 est
1225 347 1321 395 per
1353 331 1489 394 regis·
1514 327 1915 395 indignationem
1923 348 1940 390 ,-
1979 328 2171 378 eadem-

346 425 439 472 que
473 409 528 453 in
570 406 755 454 Onc‘am
772 404 1015 465 fratrum
1059 403 1329 448 min-imum
1367 400 1640 449 translata.
1726 403 1922 449 Simoni
1957 403 2088 448 enim
2113 401 2172 448 1ιὶ

345 487 445 525 tres
473 478 691 540 fuerunt
707 474 848 538 filit,
885 470 960 519 ad
985 489 1113 536 quos
1145 488 1314 518 omnes·
1338 471 1680 535 Pontzficatus
1705 473 1960 536 pervenit,
1997 480 2056 519 ut
2090 473 2172 518 in-

346 547 648 595 dicavimus.
734 543 967 591 Concinit
988 541 1301 607 Nicephoius
1337 540 1666 590 Patiiarcha
1654 559 1707 589 111
1744 543 1991 590 Chronico
2030 558 2171 590 com-

343 618 528 684 pendio
551 615 673 662 huic
697 613 1209 686 opeli-adiunct0.01,
1227 613 1455 696 Σίμωνος
1474 611 1581 663 υἱοὶ
1596 616 1749 695 τρεῖς,
1784 607 1965 673 Ὀνίας,
1986 607 2171 676 Ἰασων,

343 687 429 739 καὶ
469 685 747 746 Μενέλαος.
805 686 946 735 οὑτοι
982 681 1037 733 δὲ
1076 678 1307 747 ἀλλήλοις
1348 677 1774 748 ἀντιτασσόμενοι,
1811 678 1906 734 ’ὑπ’
1943 677 2172 747 αλλήλων

184 762 238 806 V.
268 758 326 807 64
348 753 662 809 διολῶσασιν.
734 754 1081 818 Simoni-§silit
1104 755 1369 815 tres-fuere
1395 754 1584 816 Onias,
1608 753 1780 814 lason,
1819 762 1866 800 et
1883 754 2170 802 Menelaus:

345 830 437 875 isti
460 826 688 876 adversis
712 824 904 872 stadiis
933 826 1150 889 oppositi
1177 824 1241 870 ab
1267 826 1479 871 invicem
1504 826 1806 889 com-sumpti
1820 825 2026 888 periere.
2062 822 2172 872 Au.-

343 897 465 946 thor
488 898 679 963 pariter
705 897 800 945 sibi
826 895 925 960 ipsi
950 895 1092 943 testis
1122 911 1235 959 pag.
1261 897 1380 948 286.
1416 896 1471 942 D.
1504 893 1715 943 Authori
1741 894 2028 942 Chronicon
2052 894 2172 942 Ale-

351 969 506 1017 xand.
528 985 638 1033 pag.
652 967 774 1021 450.
809 966 1046 1029 Georgius
1070 982 1272 1014 rursum
1302 966 1366 1013 ad
1388 965 1593 1013 huiusce
1607 982 1713 1031 pag.
1733 965 1883 1013 verba
1903 973 2171 1031 postrema,

344 1039 525 1088 Oniam
565 1038 734 1104 (quem
757 1037 946 1103 pariter
971 1036 1248 1084 Menelaum
1282 1037 1588 1100 appellatum
1619 1033 1967 1100 suggessimus)
1996 1035 2173 1084 Ponti-

341 1110 488 1159 ficem
523 1110 605 1162 14.
646 1115 760 1173 post
786 1108 1035 1168 Iasonem,
1074 1105 1179 1154 sive
1200 1106 1362 1154 Iesum
1389 1109 1468 1158 13.
1502 1107 1724 1170 agnoscit
1756 1106 1835 1153 his
1858 1106 2051 1156 verbis:
2089 1104 2173 1156 ἐπὶ

343 1183 438 1232 τοῦ
464 1175 540 1230 ιδ’
578 1175 751 1229 Ὀνίου
787 1179 959 1228 τοῦδε·
997 1193 1056 1224 ac
1087 1193 1192 1224 non
1217 1183 1413 1223 tantum
1440 1176 1596 1223 Ouiae
1632 1194 1762 1224 anno
1801 1175 1882 1230 14.
1927 1177 2174 1224 Simonem

346 1248 595 1317 prodendi
627 1249 1088 1313 Hierosolymorum
1113 1246 1335 1294 thesauri
1360 1247 1513 1310 gratia
1540 1247 1828 1295 convenisse
1853 1246 2175 1312 Apollonium

346 1322 676 1385 interpretor,
709 1335 888 1382 verum
914 1318 1063 1365 etiam
1089 1317 1180 1365 sub
1209 1317 1365 1364 Oniae
1396 1317 1652 1365 Pontificis
1680 1316 2056 1381 quartidecimi,
2092 1317 2176 1365 vel

344 1392 515 1458 potius
539 1390 622 1443 15.
661 1397 858 1455 tempus
890 1388 1138 1436 Simonem
1168 1389 1446 1452 praefatum
1477 1388 1544 1435 ad
1579 1388 1915 1453 proditionem
1950 1387 2176 1436 molien—

345 1463 460 1510 dam
488 1460 709 1508 animum
735 1460 986 1508 adiecisse.
1061 1458 1243 1506 Subdit
1267 1457 1505 1523 Iosephus
1534 1476 1656 1522 quae
1686 1475 1787 1505 non
1815 1458 1994 1507 leviter
2025 1474 2176 1524 prae-

343 1531 604 1581 tereunda.
656 1529 686 1582 ὁ
723 1528 814 1596 μὲν
851 1524 945 1581 οὖν
980 1524 1168 1594 Ἰησους
1196 1524 1400 1580 'scisma
1436 1526 1612 1580 ἓαυτον
1644 1526 2014 1595 μετωνόμασενς
2059 1526 2087 1580 ὅ
2121 1526 2175 1579 δὲ

343 1598 513 1662 Ὀνίας
537 1595 729 1667 ἐκλήθη
757 1600 1034 1660 Μενέλαος.
1090 1596 1261 1648 Caetet
1250 1618 1350 1646 am
1377 1599 1518 1647 Iesus
1546 1601 1772 1648 Iasonem
1795 1618 1847 1646 se
1869 1600 2044 1648 vocari
2064 1616 2176 1646 ma-

346 1674 474 1734 luit,
517 1675 652 1718 sicut
673 1673 801 1718 alter
822 1689 917 1735 pto
952 1672 1089 1720 Onia
1111 1671 1412 1720 splenelaam.
1483 1671 1581 1718 Hic
1604 1671 1663 1717 ab
1686 1671 1784 1718 alio
1802 1670 2019 1718 nominis
2047 1669 2175 1717 eius-

350 1744 493 1804 dem,
532 1743 764 1805 Symonis
811 1750 860 1789 et
903 1740 1188 1807 Lysimachi
1227 1743 1409 1804 fratre,
1462 1741 1892 1806 Pseudopontifice
1935 1740 2176 1803 diversus,

351 1821 438 1860 aut
468 1812 512 1860 si
548 1829 678 1859 unus
716 1829 832 1859 cum
867 1829 922 1859 eo
962 1812 1220 1874 fatendus,
1257 1830 1359 1860 non
1397 1812 1564 1876 potius
1602 1828 1663 1858 ex
1700 1810 1982 1875 sanguinis,
2028 1826 2175 1874 quam

348 1899 546 1931 morum
581 1881 933 1930 coniunctione
951 1883 996 1929 fr
998 1889 1102 1929 ater
1126 1882 1341 1930 Simonis
1361 1889 1407 1930 et
1429 1881 1710 1946 Lysimachi
1730 1881 1975 1931 fatendus.
2030 1880 2176 1928 Huc-

348 1969 510 2017 usque
545 1952 692 1999 dictis
734 1952 939 1999 videtur
967 1951 1203 1999 Eusebius
1237 1969 1299 2000 ex
1338 1951 1548 2016 Iosepho
1576 1952 1833 2016 astipulari
1869 1950 2088 1999 scribens
2112 1949 2177 1997 ad

350 2022 698 2087 Olympiadem
728 2023 846 2076 152.
867 2022 1158 2069 Antiochus·
1181 2024 1236 2068 in
1262 2021 1509 2070 Iudaeam
1532 2025 1689 2084 venit,
1727 2023 1896 2087 ibique
1917 2022 2058 2084 Iesu,
2084 2022 2175 2085 qai

351 2102 398 2140 et
424 2093 592 2153 Iason,
618 2094 789 2156 fratri
820 2094 983 2140 Oniae
1006 2093 1374 2156 Pontificatum
1395 2091 1643 2140 tradidit.-
1683 2110 1781 2157 qao
1807 2090 1986 2138 deinde
2005 2092 2174 2155 expal-

349 2180 405 2210 so
419 2200 434 2225 ,
471 2164 659 2211 Oniam
685 2171 1010 2226 cognomento
1030 2163 1316 2209 Menelaum
1342 2179 1670 2209 successorem
1694 2165 1738 2209 ei
1769 2161 1922 2211 dedit.
1995 2162 2176 2222 Caete-

289 2287 294 2291 ,
349 2249 464 2283 rum
497 2231 798 2281 Pontificum
831 2234 1042 2280 istorum
1069 2241 1291 2297 tempora
1310 2269 1324 2294 ,
1358 2250 1422 2280 ne
1447 2241 1629 2281 temere
1655 2241 1704 2280 et
1731 2233 1915 2297 absque
1947 2231 2175 2280 authori-

347 2310 453 2351 tate
477 2303 652 2352 videar
675 2302 959 2365 assignasse,
986 2302 1162 2366 quibus
1186 2303 1487 2351 coniecturis
1510 2303 1690 2351 arioler
1713 2303 1980 2369 impensius
2007 2318 2175 2368 expo-

349 2373 592 2435 nendum,
660 2372 910 2420 Simonem
935 2389 1104 2420 eorum
1128 2380 1322 2437 patrem
1352 2373 1525 2421 scribit
1562 2373 1754 2423 Author
1785 2379 2072 2438 promotum
2110 2371 2175 2419 ad

351 2443 641 2507 dignitatem
665 2459 795 2491 anno
821 2450 939 2508 post
964 2443 1132 2490 orbem
1163 2451 1377 2491 creatum
1403 2446 1558 2498 5282.
1586 2451 1635 2491 et
1658 2444 1712 2491 in
1737 2461 1792 2492 ea
1817 2442 1994 2507 viginti
2019 2459 2175 2491 annos

351 2513 569 2578 exegisse
599 2513 775 2577 utique
801 2514 864 2561 ad
890 2513 1145 2560 ineuntem
1173 2514 1326 2567 5302.
1400 2514 1554 2561 Oniae
1577 2513 1727 2579 primi
1758 2514 1860 2563 eius
1894 2513 1988 2560 filii
2019 2529 2174 2560 annos

349 2600 456 2631 :non
480 2583 743 2649 exprimit,
781 2583 989 2631 secundi
1011 2600 1157 2645 vem,
1196 2584 1279 2631 cui
1304 2583 1450 2632 Iason
1474 2601 1677 2645 nomen,
1714 2584 2001 2632 manifestos
2026 2581 2176 2630 habet

349 2652 558 2702 inferius
599 2670 712 2719 pag·
738 2658 857 2707 277.
885 2655 936 2702 C.
972 2653 1062 2700 ubi
1092 2661 1194 2701 tres
1232 2662 1428 2702 tantum
1456 2661 1684 2702 numerat
1694 2694 1709 2717 ,
1753 2662 1802 2702 et
1824 2655 1878 2702 in
1904 2653 2174 2702 Pontifica-

349 2730 461 2770 tum
487 2740 616 2771 anno
643 2724 819 2771 mundi
847 2723 1002 2776 5315.
1029 2723 1276 2772 involasse
1300 2724 1502 2773 asserit:
1546 2726 1698 2773 frater
1719 2724 1872 2788 igitur
1907 2723 2058 2771 Onias
2087 2722 2174 2786 qui

351 2794 612 2841 antecessit
637 2794 875 2842 tredecim
907 2793 1051 2841 annis
1077 2795 1412 2843 Praesulatum
1448 2795 1619 2858 gessit,
1656 2811 1720 2842 ex
1750 2791 1990 2842 Authoris
2015 2792 2173 2857 ipsius

350 2863 548 2928 scriptis
576 2880 685 2927 pag.
710 2867 830 2917 218.
856 2864 913 2912 A.
938 2882 967 2911 a
1001 2864 1178 2912 mundi
1201 2865 1437 2913 nimirum
1463 2866 1615 2918 5302.
1646 2864 1709 2911 ad
1742 2863 1898 2919 5315.
1937 2863 2172 2928 Occupa-

351 2933 430 2980 vit
453 2933 632 2980 exinde
647 2970 662 2994 ,
693 2950 797 2986 non
820 2934 1020 2996 melior,
1057 2952 1152 2983 nec
1173 2936 1375 3000 aequior
1390 2935 1562 2983 Iasone
1581 2935 1735 2982 frater
1761 2933 2008 2981 Menelaus
2024 2972 2040 2996 ,
2076 2950 2172 2981 an-

350 3019 419 3050 no
443 3003 664 3067 praefato
691 3005 846 3057 5315.
871 3022 898 3051 a
925 3022 1024 3070 quo
1049 3006 1113 3053 ad
1136 3006 1340 3067 Iudam,
1370 3005 1619 3068 legitimus
1642 3019 1735 3050 nec
1760 3003 2020 3052 Pontificia
2048 3003 2171 3052 stir-

350 3088 416 3137 pe
447 3079 580 3120 satus
615 3082 915 3122 memoratur
946 3076 1190 3123 Antistes:
1226 3076 1373 3123 Iudas
1397 3081 1560 3121 autem
1588 3073 1880 3121 Pontificem
1902 3089 1956 3122 se
1976 3089 2170 3122 renun-

354 3142 508 3192 ciavit
531 3141 591 3189 ab
628 3141 761 3191 orbis
799 3144 1011 3191 conditu
1035 3146 1188 3199 5334.
1212 3144 1385 3192 mediis
1413 3144 1578 3207 itaque
1611 3143 1856 3193 sexdecim
1887 3143 2029 3191 annis
2055 3160 2170 3192 mo-

349 3212 490 3261 ribus
521 3211 744 3260 ornatior
783 3220 869 3261 aut
897 3214 1081 3277 pietate
1122 3214 1422 3279 conspicuus
1442 3214 1671 3262 Pontifex
1704 3214 1873 3262 nullus
1905 3229 2169 3262 consecra-

350 3291 455 3332 tur.
529 3282 689 3342 Quam
720 3282 1061 3347 aptedemum
1098 3291 1146 3332 et
1175 3283 1406 3346 castigate
1436 3300 1592 3332 annus
1619 3301 1648 3331 a
1669 3284 1843 3331 mundi
1875 3290 1989 3331 ortu
2012 3283 2168 3338 5315.

351 3353 513 3401 iniens
549 3352 706 3401 Oniae
742 3360 1006 3415 congruat,
1045 3360 1093 3401 et
1126 3354 1242 3401 anni
1279 3353 1488 3402 subinde
1511 3354 1852 3403 novemdecim
1875 3351 2166 3419 prophano-

351 3439 467 3471 rum
503 3423 798 3472 Pontificum
827 3422 1014 3470 Iasonis
1039 3423 1249 3471 Menelai
1287 3431 1335 3472 et
1367 3423 1647 3489 Lysimachi
1670 3425 2007 3489 praefecturae
2031 3422 2167 3471 assi-

351 3500 592 3558 gnentur,
630 3491 840 3560 exponit
869 3491 1065 3543 Author
1101 3494 1328 3560 superius
1363 3501 1472 3561 pag.
1499 3497 1617 3549 218.
1643 3495 1702 3544 A.
1738 3494 1803 3544 ad
1824 3493 2009 3543 Ioacim
2035 3492 2165 3559 regis
