2222 3938
700 176 799 230 ET
835 174 1421 231 ANNOTATIONES.
1797 163 1924 227 473

107 305 388 395 ἅρχομὲνῳ,
425 323 454 354 3
478 283 656 356 Martio
691 307 929 357 videlicet
962 306 1081 354 anni
1120 304 1426 372 Syncelliani
1462 303 1625 370 primo
1656 321 1852 369 mense,
1888 302 1952 373 ἦ

105 375 281 449 πρώτη
304 373 573 443 Ὀλυμπιὰς
596 375 763 443 ἤχθη,
800 377 1076 443 plenilunio
1104 376 1370 425 solstitium
1397 375 1639 424 aestivum
1676 383 1925 439 sequente.

248 445 392 499 Κατᾶ
421 444 477 498 τό
500 444 663 517 δψκς’
669 447 700 512 .]
740 448 902 528 Quam
925 448 1158 495 mendose
1185 441 1367 516 δψκοί.
1395 446 1650 511 scripserit
1674 446 1927 494 Librarius

99 519 321 587 ,primam
355 518 698 584 Olympiadem
739 518 957 584 coepisse
996 535 1058 566 ex
1100 517 1362 566 sinceriori
1395 517 1635 565 Authoris
1680 524 1844 565 mente
1880 523 1929 564 et

111 589 496 639 correctioribus
511 588 614 636 eius
639 588 837 653 30119113
865 583 1436 675 00]1κῠ10.οἷνεγραφησαν
1461 589 1780 650 σταδιονῖκαι,
1806 587 1931 635 scri-

108 660 187 709 bit
210 659 417 708 inferius
444 658 641 707 disertis
665 659 841 721 verbis,
866 676 977 724 pag.
983 625 1120 712 ῠ197.
1141 660 1196 706 Β.
1224 654 1326 709 ciazo*
1348 662 1439 709 τοῦ
1462 661 1742 709 καθολικοῦ
1761 673 1930 724 κοσμι-

109 733 207 782 κοῦ
243 726 417 801 δψκὲ.
457 729 625 791 ἔτους,
661 724 799 780 τοῦτ’
840 729 971 780 ἔστιν
1012 724 1112 780 ἀπὸ
1141 732 1232 779 τοῦ
1262 722 1352 792 με’.
1392 727 1530 790 ε’τους
1552 724 1730 788 Ὀζίου.
1801 729 1930 776 Coe-

107 801 242 882 pis-se
268 817 388 849 vero
418 799 570 853 4726
606 816 667 848 110
698 807 928 864 putemus
962 815 1164 848 erronee
1189 799 1560 863 3011910111,οΧ
1590 799 1731 847 annis
1767 799 1929 860 Oziae‚

112 871 198 936 qui
229 870 460 931 Azarias,
493 869 750 918 reddimur
792 870 1040 918 certiores.
1121 869 1267 930 Eius,
1317 868 1483 933 inquit
1525 867 1750 931 Author‚
1801 885 1931 916 anno

110 943 199 996 45.
238 940 591 1006 Olympiadum
628 940 858 1009 periodos
895 956 1156 988 numerare
1188 939 1514 1002 aggredimur.
1595 941 1735 988 Onus
1770 947 1932 986 autem

108 1012 250 1076 regni
286 1029 416 1059 311110
451 1012 605 1064 4682.
673 1011 903 1058 Azariam
945 1010 1151 1058 subiisse
1180 1017 1390 1057 testatur
1425 1010 1634 1074 ipsemet
1664 1010 1931 1072 Georgius:

113 1099 178 1131 ex
202 1099 302 1147 quo
327 1082 577 1146 sequitur,
615 1081 718 1128 eius
750 1099 777 1128 3
814 1090 1042 1146 suscepto
1068 1097 1220 1144 regno
1251 1080 1674 1144 quadragesimum
1704 1080 1934 1159 quintum

111 1156 169 1202 in
203 1152 379 1201 mundi
414 1152 570 1205 4726.
605 1151 852 1200 incidere:
889 1168 1000 1199 eum
1028 1167 1240 1215 namque
1281 1167 1494 1212 annum,
1531 1167 1630 1215 quo
1655 1149 1933 1216 principem

113 1224 382 1303 quemlibet
401 1222 708 1287 provinciam
744 1223 1006 1285 regendam
1033 1221 1302 1300 suscepisse
1330 1221 1532 1284 scribit,
1568 1220 1786 1286 primum
1826 1219 1932 1267 eius

111 1294 252 1357 regni
273 1299 502 1341 numerat
530 1292 797 1355 Georgius,
836 1292 976 1355 quasi
998 1292 1057 1338 ab
1085 1292 1187 1339 eius
1220 1291 1383 1356 primo
1422 1291 1502 1339 die
1527 1291 1744 1356 primum
1764 1307 1932 1353 regere

113 1365 179 1413 sit
203 1380 421 1412 exorsus.
480 1363 603 1409 Cum
632 1370 796 1410 autem
825 1363 1201 1442 Olympicorum
1228 1379 1472 1409 annorum
1497 1361 1691 1426 periodi
1714 1378 1768 1408 ea
1794 1377 1936 1426 prae-

114 1435 214 1482 cise
240 1433 358 1481 anni
391 1441 681 1498 tempestate
710 1433 947 1480 ducerent
974 1432 1202 1492 initium,
1240 1448 1335 1495 qua
1361 1432 1738 1479 celebrabantur
1757 1448 1935 1493 agones

115 1504 384 1570 Olympici,
408 1511 521 1568 post
547 1503 787 1551 aestivum
811 1502 1046 1550 videlicet
1069 1502 1362 1550 solstitium.
1398 1501 1516 1549 hinc
1538 1511 1595 1550 ut
1613 1502 1743 1550 idem
1762 1503 1860 1566 013
1863 1519 1934 1547 m

113 1575 257 1642 picus
277 1574 470 1624 duobus
500 1574 675 1621 mundi
704 1573 1116 1621 coextenderetur
1139 1589 1332 1637 semper
1359 1572 1595 1636 contigit,
1634 1572 1813 1636 prioris
1850 1571 1932 1618 ni-

114 1646 300 1695 mirum
329 1644 508 1693 Iuliani
534 1643 893 1709 903101101111113
932 1660 1020 1690 sex
1058 1642 1332 1706 mensibus,
1368 1660 1425 1690 ac
1450 1642 1739 1722 pcsterioris
1775 1639 1936 1706 priori

113 1725 220 1767 toto
256 1715 479 1764 semestri
510 1714 695 1778 spatio:
731 1714 814 1761 vel
840 1721 895 1761 ut
926 1730 1154 1777 germane
1183 1713 1383 1776 loquar,
1422 1713 1604 1776 prioris
1634 1711 1938 1776 Syncelliani

115 1786 167 1854 (a
193 1786 359 1835 Martii
385 1786 567 1850 quippe
586 1786 667 1838 25.
692 1783 896 1832 inchoat
921 1781 1137 1849 annum)
1174 1783 1530 1848 posterioribus
1556 1790 1771 1847 quatuor
1794 1798 1938 1829 men—

114 1857 276 1917 sibus,
326 1873 384 1904 ac
418 1854 706 1921 posterioris
743 1853 1013 1902 octimestri
1047 1861 1098 1901 et
1130 1853 1343 1918 amplius
1380 1853 1558 1918 spatio.
1638 1853 1717 1900 Ex
1746 1869 1845 1917 quo
1878 1852 1939 1900 fit

114 1935 172 1977 ut
197 1925 422 1992 quamvis
457 1925 606 1973 Oziae
642 1924 1063 1989 quadragesimum
1097 1924 1325 1988 quintum
1360 1941 1545 1971 annum
1579 1923 1754 1972 mundi
1782 1920 1937 1976 4726.

114 1996 379 2064 coaequari
402 1995 771 2061 scripserimus,
806 1994 1018 2060 primam
1041 2002 1207 2042 tamen
1236 1994 1609 2074 Olympiadem,
1645 2001 1705 2041 ut
1740 1991 1938 2041 Author

116 2085 247 2118 anno
273 2067 466 2116 Iuliano
490 2066 644 2119 4725.
672 2066 967 2130 quandoque
995 2065 1268 2128 consignat,
1306 2072 1357 2111 et
1383 2064 1591 2129 proprio
1614 2063 1802 2127 sibique
1825 2062 1934 2110 usi-
1970 2060 2023 2106 V.
2052 2062 2111 2106 50

115 2146 222 2188 tato
261 2139 412 2191 4726.
454 2138 526 2185 ita
559 2153 917 2199 nonnunquam
954 2135 1196 2215 possimus
1245 2134 1394 2183 etiam
1428 2135 1484 2181 in
1518 2133 1933 2195 4727.1·0110010,

118 2208 255 2288 quad
279 2208 381 2255 eius
407 2206 644 2255 nimirum
666 2205 784 2254 anni
805 2206 1109 2271 principium
1143 2204 1478 2268 Olympiadici
1510 2203 1626 2251 anni
1654 2203 1805 2251 finem
1842 2219 1935 2250 ex·-

116 2279 285 2344 cipiat.
356 2277 562 2341 Proprio
596 2283 727 2324 certe
752 2283 801 2323 et
830 2275 893 2322 ad
916 2275 1084 2323 Martii
1106 2274 1423 2322 Neomeniam
1448 2291 1576 2321 anno
1602 2273 1877 2335 devincto,
1887 2280 1938 2321 et

117 2348 295 2398 mundi
325 2347 478 2401 4725.
508 2353 765 2393 numerato
800 2345 1015 2411 primam
1047 2344 1393 2410 Olympiadem
1437 2343 1747 2405 institutam,
1794 2343 1940 2390 iuxta

119 2420 255 2484 ipsos
295 2416 532 2466 Authoris
575 2415 793 2464 calculos
840 2415 984 2463 nullo
1030 2415 1229 2478 negotio
1273 2414 1609 2462 demonstrare
1651 2429 1935 2494 possumus,

119 2490 246 2539 Nam
270 2504 384 2536 cum
409 2487 519 2534 Iaos
541 2502 983 2550 successorumque
1005 2501 1175 2548 regum
1202 2484 1323 2532 Iuda
1343 2485 1481 2548 regni
1504 2484 1835 2549 principium,
1871 2483 1937 2532 ad

121 2568 235 2608 octo
261 2572 504 2606 annorum
521 2557 734 2622 spatium
750 2555 1010 2604 Gotholiae
1031 2555 1295 2619 tyrannide
1313 2562 1594 2619 prorogata,
1609 2555 1816 2603 submov
1820 2554 1935 2603 erit:

121 2630 294 2679 eodem
322 2627 625 2694 superiorem
655 2627 710 2674 in
737 2643 920 2674 annum
940 2626 1184 2690 reposit03
1226 2632 1286 2673 ut
1310 2625 1549 2706 auspicati
1571 2624 1772 2672 Azariae
1796 2625 1936 2688 regni

120 2700 315 2767 primus
336 2715 493 2747 annus
509 2698 570 2745 ad
592 2696 766 2745 mundi
785 2696 937 2750 4681.
956 2695 1212 2759 devinciri,
1231 2695 1301 2743 sic
1321 2696 1522 2759 quintus
1546 2712 1694 2760 supra
1719 2695 1937 2774 quadra-

121 2770 359 2835 gesimum
383 2767 558 2816 mundi
587 2767 742 2821 4725.
771 2766 948 2815 sociari
972 2766 1177 2831 expetit.
1228 2767 1300 2814 De
1320 2764 1609 2814 huiusmodi
1630 2765 1937 2815 correctione

123 2857 296 2890 rursus
318 2856 370 2888 se
400 2838 575 2887 offeret
596 2855 775 2888 sermo.
845 2836 1046 2885 Interim
1074 2837 1273 2884 consule
1302 2853 1414 2902 pag.
1439 2840 1556 2890 197.
1583 2836 1641 2885 B.

263 2905 483 2975 Ἀζαρίαν
507 2906 561 2959 δὲ
588 2907 824 2974 βασιλέως
845 2902 1046 2958 Ἰούδα’
1030 2905 1124 2957 ε’τει
1151 2925 1210 2987 με
1209 2902 1263 2972 ’.]
1301 2906 1538 2955 Authoris
1562 2905 1711 2955 verba
1735 2922 1798 2954 ex
1823 2921 1932 2983 pag.

128 2983 247 3034 197.
284 2981 341 3029 B.
379 2995 540 3045 nuper
574 2979 758 3040 relata,
809 2993 1032 3042 quaeque
1063 2977 1119 3024 in
1151 2977 1261 3043 1930
1296 2977 1471 3025 Azaria
1502 2977 1761 3025 disertiora
1791 2975 1934 3040 ponit

125 3066 240 3115 pag.
270 3053 384 3103 199.
409 3050 468 3102 B.
493 3048 884 3097 emendationem
911 3048 1112 3097 firmant
1134 3066 1303 3115 πρωτη
1324 3042 1618 3113 Ὀλυμπιάς,
1657 3047 1749 3109 ait,
1783 3043 1932 3134 ἤρξα-

125 3137 184 3170 το
222 3117 315 3169 ἔτει
349 3117 437 3183 με’.
483 3118 663 3166 Subdit
685 3118 907 3168 Ioatham
935 3119 1084 3166 Oziae
1113 3118 1207 3166 filii
1245 3134 1373 3165 anno
1398 3112 1750 3184 9111110101ρχη
1770 3116 1933 3180 τρίτης

125 3183 486 3255 Ὀλυμπιάδος.
521 3188 563 3236 13
582 3195 744 3238 autem
767 3197 872 3239 erat
889 3189 1107 3253 vulgaris
1125 3188 1301 3237 mundi
1324 3205 1481 3237 annus
1503 3186 1655 3242 4734.
1683 3202 1779 3252 quo
1802 3185 1933 3232 Aza-

126 3258 235 3323 ria,
270 3259 376 3306 sive
398 3258 520 3305 Ozia
540 3259 1056 3320 defuncto‚10atham
1077 3276 1280 3323 regnum
1309 3266 1383 3307 est
1408 3259 1627 3323 adeptus,

273 3324 386 3394 Προ
416 3324 470 3392 χ’.
503 3327 627 3379 ἐτῶν
658 3333 750 3395 τῆς
783 3326 838 3380 δὲ
874 3348 1073 3410 πρωτης
1106 3325 1449 3395 Ὀλυμπιάδος.
1462 3328 1482 3392 ]
1525 3323 1764 3374 HerculeS
1797 3321 1929 3371 ldem

128 3399 436 3464 temporibus
456 3398 600 3447 valde
627 3398 811 3449 dissitis
833 3400 1050 3447 extitisse
1069 3401 1282 3450 refertur
1304 3399 1438 3464 apud
1460 3395 1745 3445 Eusebium.
1774 3391 1934 3440 Abra-

129 3468 245 3518 ham
268 3467 467 3534 quidem
492 3484 621 3516 anno
644 3469 762 3524 445.
809 3470 1055 3518 Hercules
1069 3473 1274 3536 primus
1293 3472 1458 3533 fertur
1482 3465 1737 3514 Antaeum
1765 3462 1934 3512 luctae
