2222 3938
287 206 414 267 378
918 214 1499 274 EMENDATIONES

285 346 338 394 in
371 344 469 394 hac
492 347 736 395 sententia
761 353 1051 411 usurpatur.
1123 346 1366 395 Minorem
1387 348 1440 395 in
1464 348 1665 414 reliquis
1694 349 1974 401 adhibitum
1995 360 2114 401 nota

284 417 516 481 superior
545 414 924 475 animadvertit3
974 415 1247 482 Arphaxad
1279 420 1457 467 etenim
1485 438 1615 469 anno
1650 422 1830 471 mundi
1860 425 2114 472 communi

284 487 438 541 2242.
462 495 608 536 natus
634 487 803 535 aetatis
832 487 1069 551 propriae
1104 489 1222 542 135.
1257 486 1418 554 (cuius
1442 491 1571 540 ratio
1606 492 1669 539 ad
1705 509 1815 557 pag.
1841 511 1942 559 seq.
1966 503 2111 543 notas

284 558 605 624 expenditur)
645 558 805 605 filium
833 558 1019 605 Cainan
1054 575 1185 606 anno
1221 562 1374 613 2377.
1409 562 1602 624 genuit.
1651 561 1737 610 hic
1775 564 1952 612 deinde
1979 583 2110 613 anno

284 630 416 677 vitae
448 631 562 681 130.
597 627 756 676 filium
783 629 893 675 Sala
925 629 1162 694 suscipit,
1200 630 1374 677 mundi
1399 633 1551 685 2507
1586 632 1706 680 huic
1734 651 1930 698 quoque
1955 653 2112 684 annos

286 702 404 752 130.
431 706 548 746 nato
574 698 708 746 filius
735 699 900 747 Heber
931 701 1159 748 nascitur
1184 701 1357 748 mundi
1384 705 1535 755 2637.
1567 703 1731 752 Heber
1766 706 1966 753 tandem
1995 709 2111 759 134.

282 770 425 816 annis
451 776 717 833 provectus
745 770 924 818 mundi
952 776 1106 825 2771.
1131 771 1292 819 filium
1320 772 1499 820 Phalec
1530 782 1742 837 generat.
1814 775 1994 824 Phalec
2025 793 2111 824 au-

279 848 381 887 tem
406 839 582 888 mundi
607 845 760 894 2776.
787 859 972 889 annum
997 843 1046 895 5.
1076 850 1367 890 numerante
1389 851 1530 909 pater
1530 810 1678 911 ζ,ρλθᾍ
1704 849 1818 900 139.
1850 863 2112 895 numerare

281 909 549 974 debuerat,
597 911 696 959 nisi
731 912 930 960 Author
962 912 1140 961 mai01i
1180 922 1446 979 computo,
1493 916 1657 978 quoad
1689 918 1940 981 piivatum
1975 916 2111 966 hunc

276 980 442 1029 Heber
461 999 622 1031 annm
623 1000 709 1030 um
730 1001 1018 1046 numerum,
1055 1001 1200 1046 usus,
1239 985 1401 1049 ipsum
1422 985 1586 1034 Heber
1607 1003 1737 1035 anno
1758 988 1933 1036 mundi
1955 991 2110 1042 2638.

276 1058 479 1116 natum,
534 1061 727 1119 patrem
765 1056 876 1102 Sala
920 1055 1096 1103 mundi
1135 1057 1288 1109 2508.
1327 1057 1430 1104 eius
1469 1056 1651 1104 iterum
1690 1065 1882 1122 patrem
1921 1058 2110 1106 Cainan

275 1125 434 1176 2378.
465 1123 751 1205 ‘Arphaxad
791 1125 1003 1189 denique
1040 1126 1195 1180 2243.
1244 1134 1410 1175 ortum
1454 1129 1812 1207 supposuisset.
1894 1129 1968 1177 Ab
2009 1127 2108 1177 hoc

274 1195 475 1257 autem'
460 1212 516 1242 m
539 1203 829 1261 computum
853 1197 1065 1244 alterum
1088 1196 1361 1249 Authorem
1383 1198 1595 1246 transire
1621 1198 1953 1247 correctiones
1979 1217 2110 1247 mar-

275 1251 488 1328 ginales,
525 1266 607 1315 vel
634 1275 868 1314 notarum
894 1267 1346 1315 animadversiones
1373 1276 1690 1317 commonent
1715 1269 2036 1333 frequentius.

413 1331 715 1401 Ἀφρικανὸς
739 1333 797 1387 κ’.
827 1337 909 1403 ἔτη
931 1339 1304 1405 προστίθησιν]
1357 1339 1644 1387 Africanum
1679 1340 1904 1404 sequitur
1944 1340 2108 1388 Chro-

272 1405 427 1454 nicon
454 1407 849 1455 Alexandrinum
882 1409 962 1456 his
988 1409 1166 1457 verbis.
1226 1413 1293 1460 τῶ
1316 1405 1484 1479 βσξβᾜ
1527 1410 1622 1460 ἔτει
1650 1410 1886 1476 γενέσεως
1921 1407 2108 1477 κόσμου

273 1476 463 1543 ἐγένετο
498 1499 524 1529 o
559 1476 898 1566 κατακλυσμὸς
932 1479 1013 1530 ἐπὶ
1040 1483 1132 1545 τῆς
1166 1483 1274 1547 γῆς.
1361 1483 1578 1530 τοσαῦτα
1617 1479 1671 1530 δὲ
1710 1480 1850 1546 μέχρι
1891 1501 1995 1531 των
2031 1482 2109 1532 ἔν-

274 1552 445 1598 ταῦθα
481 1549 567 1599 καὶ
610 1570 635 1600 ο
675 1545 988 1615 Ἀφρικανός
1025 1546 1292 1618 ἐπήγαγεν.
1357 1548 1529 1615 ἐπειδη
1557 1550 1642 1601 καὶ
1679 1548 1740 1601 τοὶ
1791 1548 1975 1618 ἀκριβῆ
2019 1555 2110 1618 τῆς

247 1644 249 1647 ·
274 1618 511 1684 γενέσεως
537 1622 708 1686 βιβλία
735 1617 860 1704 ρπξ.
887 1624 1060 1686 φαίνει
1082 1625 1176 1673 τοῦ
1207 1619 1535 1672 Μαθουσαλα
1565 1621 1675 1687 ἐτη,
1711 1622 1795 1672 καὶ
1835 1619 1995 1682 ου’τως
2020 1620 2110 1672 αὖ-

275 1686 359 1740 τὸν
379 1695 620 1773 γεννῆσαι
634 1711 729 1741 τον
757 1687 949 1758 Λαμεχ.
1021 1692 1175 1741 Anno
1204 1698 1359 1746 2262
1393 1694 1457 1739 ab
1482 1693 1594 1739 orbe
1603 1692 1821 1746 condito
1851 1695 2109 1757 οαιαεζγε-

277 1778 394 1807 mus
419 1763 537 1823 fait
571 1765 627 1809 in
649 1764 811 1810 terris.
896 1767 987 1810 slot
1018 1781 1179 1810 annos
1202 1764 1332 1826 Afi
1310 1781 1491 1810 manus
1523 1763 1786 1827 hucusque
1805 1766 2104 1826 numer-mit,

277 1831 485 1894 quando
511 1842 556 1879 et
581 1843 831 1879 accurata
862 1835 1100 1881 Genea-eos
1144 1835 1411 1882 volumina
1442 1833 1713 1881 ostendunt
1745 1853 1779 1881 a
1799 1835 2107 1881 splatlzzcsala

278 1906 397 1955 187.
417 1912 536 1949 nato
565 1922 726 1951 annos
747 1905 972 1951 Lamech,
997 1913 1222 1951 creatum
1250 1907 1434 1967 fuisse.
1506 1904 1727 1952 Africani
1754 1906 1974 1953 calculos
2001 1906 2106 1953 suis

273 1973 604 2037 approbantes
628 1974 989 2040 Epiphanium,
1028 1974 1366 2039 Nicephorum
1397 1975 1752 2037 patriarcham,
1790 1975 2105 2024 Anastasium

270 2043 746 2103 Bibliothecarium,
796 2045 1080 2094 Chronicon
1113 2047 1332 2108 Pisidae,
1383 2047 1670 2110 Cyrillum,
1693 2047 1971 2094 Honorium
2004 2048 2104 2094 Au-

269 2116 688 2178 gustodunensem
705 2150 719 2174 ‚
754 2123 802 2163 et
825 2115 1073 2180 opinionis
1096 2117 1310 2164 eiusdem
1330 2125 1665 2181 protectorem
1685 2118 1982 2166 acerrimum
2003 2118 2105 2166 An·

269 2187 465 2234 tonium
495 2187 728 2234 Contium
754 2188 948 2251 profert
975 2188 1196 2236 Raderus
1222 2188 1275 2234 in
1300 2188 1459 2237 Notis.

412 2258 523 2320 Pag.
563 2258 646 2311 54.
686 2253 822 2317 ’Ἕως
851 2252 1078 2324 Ἀβραοέμ
1118 2253 1318 2324 πρώτου
1370 2257 1508 2318 ἔτους
1556 2253 1692 2326 χγσβῖ
1739 2256 2099 2325 ἔστοιχείωσε.]

270 2327 428 2390 Quasi
470 2328 650 2376 diluvii
688 2346 821 2376 anno
859 2336 1008 2376 natus
1046 2329 1200 2377 fuerit
1226 2327 1528 2394 Arphaxad,
1563 2329 1635 2376 ita
1672 2329 1983 2392 sequentium
2011 2329 2101 2375 Pa-

267 2398 601 2450 triarcharum
636 2417 793 2447 annos
828 2399 1028 2463 digessit
1052 2400 1332 2448 Africanus.
1406 2399 1662 2447 Diluvium
1690 2416 1752 2447 ex
1783 2399 1891 2464 ipso
1925 2399 2105 2447 mundi
2194 2430 2200 2436 -

268 2476 425 2526 2262.
454 2469 688 2535 contigit,
726 2488 827 2535 quo
863 2478 913 2518 et
937 2470 1210 2535 Arphaxad
1241 2479 1413 2519 natum
1440 2470 1585 2519 debet
1607 2477 1828 2518 astruere
1853 2477 1909 2517 ut
1938 2469 2104 2518 Abra-

267 2541 383 2589 ham
423 2543 578 2595 3202.
628 2541 758 2590 lucis
813 2542 1118 2589 consortium
1171 2542 1420 2607 accepisse
1477 2541 1801 2606 profiteatur,
1850 2539 1949 2587 hoc
2001 2542 2102 2587 cal-

271 2613 402 2660 culo.
474 2611 743 2676 Arphaxad
797 2619 947 2660 natus
996 2630 1126 2660 anno
1167 2618 1320 2667 2262.
1367 2620 1569 2675 generat
1615 2612 1726 2659 Sala
1769 2611 1940 2658 aetatis
1982 2612 2099 2664 135.

271 2684 385 2730 Sala
413 2689 531 2745 post
554 2686 669 2736 130.
693 2700 847 2731 annos
872 2691 1085 2746 generat
1101 2683 1278 2735 Heber.
1351 2682 1514 2732 Heber
1537 2698 1778 2730 annorum
1806 2681 1920 2733 134.
1950 2698 2100 2743 gene-

272 2762 352 2802 rat
382 2751 577 2802 Phalec.
650 2753 746 2800 Hic
777 2754 949 2801 aetatis
985 2757 1099 2808 130.
1125 2762 1325 2818 generat
1346 2755 1530 2818 Ragau.
1601 2754 1768 2815 Ragau
1791 2768 1819 2797 a
1848 2751 1926 2798 die
1947 2753 2100 2799 natali

275 2828 392 2878 132.
420 2830 619 2886 generat
644 2823 853 2874 Seruch.
927 2824 1117 2873 Seruch
1147 2825 1325 2874 deinde
1351 2840 1595 2872 annorum
1623 2826 1733 2875 130.
1770 2829 1971 2884 generat
1996 2823 2100 2870 Na-

273 2894 424 2955 chor‚
464 2893 549 2957 qui
575 2898 660 2947 79.
690 2911 821 2942 anno
849 2903 1051 2958 generat
1074 2894 1287 2957 Tharra,
1330 2896 1415 2960 qui
1440 2895 1637 2942 demum
1658 2893 1790 2940 vitae
1815 2897 1898 2944 70.
1930 2892 1990 2939 fit
2011 2910 2097 2957 pa-

271 2973 349 3013 ter
367 2963 631 3012 Abraham.
667 2964 969 3013 Huiusmodi
995 2973 1230 3030 computo
1253 2967 1311 3013 ab
1337 2966 1489 3012 Adam
1513 2965 1576 3011 ad
1598 2961 1843 3010 Abraham
1869 2970 2098 3012 exortum

270 3040 427 3090 3202.
467 3052 712 3082 annorum
756 3053 997 3085 summam
1032 3036 1322 3083 Africanum
1350 3035 1603 3097 collegisse
1633 3040 1847 3080 testatur
1886 3033 2096 3083 Author.

271 3107 432 3171 Ipsius
461 3105 685 3153 Africani
707 3107 948 3154 sententia
967 3124 1077 3171 pag.
1104 3109 1186 3158 86.
1208 3107 1260 3153 Β.
1285 3106 1612 3168 dignoscitur.
1686 3104 1749 3151 Et
1772 3104 1962 3152 diluvio
1987 3106 2095 3169 qui-

271 3178 384 3225 dem
418 3183 593 3224 exacto
625 3175 897 3241 Arphaxad
930 3184 1070 3242 patre
1101 3178 1214 3223 Sem
1245 3183 1558 3240 procreatum
1591 3174 1771 3222 ibidem
1812 3175 2094 3240 conspicio:

270 3266 403 3296 anno
444 3254 609 3295 tamen
647 3247 820 3293 eodem
865 3247 1079 3310 obeunte
1123 3246 1284 3293 lucem
1323 3246 1543 3311 primum
1581 3245 1829 3310 aspexisse
1866 3246 2092 3309 conficio,

271 3319 406 3384 quod
442 3317 583 3366 annis
627 3318 743 3373 135.
771 3324 916 3364 natus
952 3334 1056 3365 non
1093 3316 1188 3364 nisi
1217 3320 1369 3370 2937.
1403 3317 1653 3379 vulgarem
1689 3316 1864 3364 mundi
1895 3334 2092 3378 annum,

271 3391 357 3454 qui
393 3380 422 3437 a
455 3387 647 3438 diluvio
674 3405 735 3436 ex
767 3388 989 3435 Africani
1023 3395 1186 3435 mente
1222 3387 1394 3435 mundi
1430 3391 1585 3441 2262.
1623 3386 1853 3450 alligato,
1890 3387 2094 3451 quintus

273 3479 333 3507 ac
355 3460 635 3509 tricesimus
668 3468 742 3507 est
767 3475 917 3524 supra
944 3458 1287 3519 centesimum,
1328 3457 1546 3521 attigisse
1572 3458 1833 3506 scribatur.
1903 3457 2092 3505 Diluvii

273 3549 403 3581 anno
441 3537 652 3583 exeunte
685 3529 952 3596 Arphaxad
987 3537 1149 3579 ortum
1181 3530 1349 3578 forsan
1381 3528 1596 3578 credidit
1624 3528 1918 3590 Africanus,
1956 3529 2091 3592 quod
