2222 3938
342 171 470 242 350
904 154 910 158 '
971 182 1550 241 EMENDATIONES

275 374 278 377 η
343 315 422 364 nis
445 313 534 363 lib.
561 318 611 368 1.
639 331 747 380 cap.
777 317 822 367 1.
850 320 900 361 et
923 319 972 368 2.
998 309 1159 380 ἷμοῦθ
1182 312 1483 382 Aegyptiac-¹1
1508 315 1679 380 lingua
1703 319 1960 382 profertur
1985 339 2050 373 ex
2070 341 2173 374 nu·-

341 402 433 453 per
455 385 657 451 scriptis
681 386 741 433 ab
766 383 1004 432 Authore.

485 455 809 522 Κομπολογία
841 455 975 519 τινί.]
1017 449 1225 521 Κόμπος
1251 463 1300 504 et
1328 458 1575 538 κομπίον,
1620 456 1790 506 nodus
1830 468 1932 523 est,
1968 469 2018 510 et
2050 463 2173 527 glo-

340 527 525 589 balas,
565 526 725 590 qualis
761 525 820 572 fit
848 543 912 573 ex
937 526 1129 574 intorto
1155 527 1243 574 filo
1274 529 1357 576 vel
1389 529 1628 587 stamine,
1667 530 1750 577 vel
1775 532 1933 594 qualis
1957 533 2020 580 ad
2049 550 2174 581 con-

339 597 649 662 stringendas
690 595 909 644 eiusdem
955 597 1107 645 vestis
1146 606 1312 663 partes
1351 591 1406 647 in
1448 600 1619 647 anulos
1653 600 1914 649 vestiarios
1947 602 2174 652 immitti-

338 676 447 716 tul:
474 661 810 733 κομπολόγιον
831 675 995 715 autem
1008 668 1339 733 globulorum
1343 671 1392 734 f
1375 671 1443 716 lo
1471 673 1856 718 commissorum
1877 675 2113 721 estseries·
2129 683 2174 721 et

341 740 608 785 connexio:
645 738 779 785 unde
802 742 1108 806 κομπολογία
1134 739 1217 786 dis
1199 758 1401 788 cursus
1429 750 1474 788 et
1501 744 1815 789 narrationis
1836 744 2055 807 pulchro
2089 762 2174 792 or-

340 807 457 855 dine
497 807 724 873 digestae
764 819 1037 860 contextus.
1111 811 1354 876 Suspicor
1391 812 1652 875 legendum
1688 815 2010 880 κοντολογία,
2049 831 2175 880 quae

337 879 543 927 brevem
569 880 872 927 concinnum
899 882 1140 930 sermonis
1173 882 1402 930 ordinem
1436 883 1693 947 significat.
1766 885 1989 949 Utraque
2022 885 2172 934 lectio

340 966 540 997 sensum
565 949 803 998 Authoris
829 960 1108 1016 promovet.

477 1015 797 1105 Ἀλέξανδρος
826 1025 1135 1091 Πολυΐστωρ.
1139 1019 1164 1088 ]
1206 1023 1274 1071 De
1300 1041 1398 1088 quo
1424 1017 2050 1108 5111ἆ33.Ἀλέξανδροςό
2070 1028 2176 1075 Μι-

338 1086 541 1156 λήσιος,
581 1088 639 1151 ὃς
683 1094 970 1160 Πολυΐστωρ
1005 1090 1288 1158 ἐπεκλήθη,
1339 1093 1424 1144 καὶ
1457 1088 1767 1179 Κορνήλιος,
1806 1092 1935 1146 διότι
1963 1099 2176 1183 Κορνη-

333 1163 429 1230 Ἰλίῳ
454 1159 721 1230 Λεντούλῳ
750 1163 1162 1236 αἰχμαλωτισθεὶς
1191 1160 1429 1248 ἐπράθη,
1458 1164 1541 1214 καὶ
1573 1159 1705 1233 αὐτῷ
1743 1163 2054 1248 παιδαγωγὸς
2077 1164 2176 1234 ἐγέ-

340 1251 482 1294 νετο,
533 1229 636 1283 εἶτα
673 1214 1024 1320 ἠλευθερώθη.
1071 1236 1139 1300 ἥν
1175 1232 1230 1283 δὲ
1261 1234 1337 1285 ἐν
1341 1230 1501 1303 Ῥώμῃ
1539 1234 1619 1284 ἐπὶ
1648 1238 1747 1284 τῶν
1771 1232 1942 1286 Σύλλα
1967 1233 2176 1304 χρόνων.

343 1302 626 1384 συνέγραψε
655 1304 825 1368 βιβλία
850 1301 1080 1370 οἷριθμου
1102 1305 1304 1392 κρείττω
1320 1342 1333 1366 ,
1373 1305 1459 1354 καὶ
1480 1304 1595 1372 περὶ
1618 1303 1803 1370 Ῥώμης
1821 1308 1992 1378 βιβλία
2015 1305 2176 1358 πέντε.

339 1373 394 1424 ἐν
433 1369 627 1432 τούτοις
663 1373 790 1460 λέγει
832 1393 899 1433 ως
935 1394 1063 1441 γυνη
1077 1375 1298 1458 γέγονεν
1330 1374 1539 1440 Ἑβραία
1561 1373 1770 1438 Μωσω,
1817 1379 1882 1441 ῆς
1919 1378 2020 1428 ἐστι
2061 1373 2176 1444 σύγ-

338 1463 542 1511 γραμμα
566 1447 592 1494 ὂ
615 1440 739 1511 παρ’
762 1443 1013 1511 Εβραίοις
1029 1441 1202 1512 νόμος.
1272 1445 1563 1493 Alexander
1583 1447 1820 1493 Milesius
1855 1457 2176 1512 cognomento

339 1519 470 1579 Ροζ)
460 1516 658 1577 histor,
699 1525 742 1562 et
776 1514 1066 1579 Corneliae,
1106 1515 1246 1582 qaod
1280 1517 1507 1564 Cornelio
1533 1515 1751 1564 Lentulo
1776 1521 2008 1582 captivus
2025 1521 2178 1582 fui-s·-

342 1595 415 1632 set
439 1585 678 1635 venditas
693 1623 705 1647 ,
745 1586 953 1633 eandem
980 1589 1179 1634 litteras
1203 1587 1431 1650 edocuit,
1469 1607 1526 1634 ex
1556 1606 1655 1652 qao
1683 1589 1961 1636 libertatem
1975 1608 2177 1654 prome-

340 1659 464 1706 ruit.
547 1658 602 1705 V
594 1657 758 1704 istebat
787 1667 955 1704 (intem
990 1660 1185 1706 Romae
1216 1660 1387 1721 Syllae
1412 1659 1730 1722 temporibus,
1802 1661 1983 1707 Plures
2019 1678 2176 1726 quam

339 1730 600 1775 numerari
627 1738 815 1791 queant
854 1729 1010 1776 libros
1043 1732 1276 1794 scripsit,
1317 1740 1363 1775 et
1402 1729 1461 1776 cle
1485 1728 1658 1777 Roma
1695 1731 1930 1795 quinque.
2003 1732 2061 1780 In
2094 1732 2179 1778 liis·

338 1801 490 1861 refert
519 1800 699 1845 Mosen
737 1799 997 1846 mulierem
1034 1801 1347 1861 Hebraeam,
1400 1802 1550 1847 cuias
1588 1818 1712 1864 opu-5·
1745 1802 1823 1847 lex
1859 1811 1932 1848 est
1968 1802 2032 1848 ab
2062 1804 2178 1850 He-

339 1870 504 1918 braeis
547 1878 758 1932 recepta.
838 1870 1201 1934 Polyhistorem
1245 1871 1498 1919 celebrant
1537 1872 1727 1919 Plinius
1772 1879 1821 1918 et
1862 1872 2176 1937 Plutarchus,

336 1940 514 1990 laudat
555 1939 659 1987 eius
691 1940 879 2004 scripta
910 1941 1144 2004 Photius‚
1186 1942 1306 1991 Cod.
1337 1946 1453 1995 188.
1495 1950 1543 1989 et
1575 1941 1651 1988 his
1679 1943 1930 1992 recentior
1955 1944 2175 2010 Vossius,

339 2010 430 2076 qui
455 2010 698 2059 Milesium
725 2018 897 2073 negat,
936 2019 984 2059 et
1015 2013 1226 2077 Cotyaeo
1251 2020 1424 2060 natum
1452 2012 1688 2064 defendit.

478 2047 816 2147 Ἀβυδῠηνὸςῇ
837 2083 908 2128 De
943 2100 1042 2147 quo
1076 2084 1318 2132 nonnulla
1355 2085 1546 2148 prose1t
1577 2083 1816 2132 Eusebius
1852 2083 1912 2130 de
1943 2085 2173 2150 Praepar.

343 2153 532 2215 Evang.
572 2160 620 2199 et
656 2169 718 2199 ex
751 2152 961 2201 Eusebio
1000 2155 1239 2218 Georgius
1276 2153 1474 2202 Author
1503 2155 1629 2202 locis
1668 2171 1757 2202 suo
1798 2154 2077 2220 quibusque
2104 2157 2176 2204 ti-

342 2223 452 2272 tulo
481 2222 843 2285 dignoscendis.

485 2293 963 2360 Ρεις.16.Εἰςέ’τη
992 2290 1650 2360 ἕξακόσια.]Τγ1’311111(10111
1634 2312 1688 2341 in
1702 2293 1927 2343 homines
1952 2298 2178 2346 exercuit

343 2365 594 2414 Nembrod
623 2381 752 2411 anno
786 2372 901 2428 post
932 2367 1108 2413 mundi
1139 2368 1399 2414 conditum
1437 2371 1589 2419 2776.
1618 2383 1681 2413 ex
1711 2364 1933 2414 Authore
1955 2384 2066 2432 pag.
2092 2373 2175 2422 90.

343 2436 489 2484 litera
520 2436 570 2485 C.
591 2453 618 2482 a
640 2435 829 2482 diluvio
850 2435 1018 2501 itaque
1045 2438 1181 2502 quod
1203 2438 1361 2491 2242.
1383 2437 1592 2500 contigit
1615 2437 1757 2484 annis
1782 2437 2027 2488 duntaxat
2058 2440 2176 2493 530.

345 2507 427 2555 vel
453 2507 601 2571 paulo
627 2507 855 2570 amplius.

487 2572 870 2662 Ἰχθυομόρφων
906 2577 960 2627 ἐν
1000 2576 1137 2661 με’ρει
1169 2577 1256 2628 καὶ
1295 2572 1806 2643 ἅνθρωπομόρφων.]
1856 2578 1927 2625 De
1977 2578 2175 2629 animali

351 2643 682 2716 ἰχθυομόρφῳ
713 2655 761 2694 et
787 2643 1210 2717 ἄνθρωπομὸρφω
1238 2650 1454 2697 masculo
1481 2657 1529 2695 et
1552 2649 1764 2695 foemina
1787 2647 2007 2695 Mauritii
2044 2657 2175 2697 tem-

349 2734 474 2781 pore
496 2719 608 2764 Nilo
636 2727 989 2782 supernatante
1011 2719 1269 2768 historiam
1301 2720 1455 2767 refert
1479 2718 1881 2782 Theophylactus
1906 2719 2175 2768 Simocatta

349 2788 437 2834 lib.
470 2793 519 2839 7.
556 2789 715 2852 capite
740 2789 931 2837 decimo
961 2798 1128 2854 sexto,
1165 2807 1258 2838 nec
1293 2790 1406 2837 ideo
1428 2788 1701 2846 Annodotii
1725 2788 2065 2838 Manethonici
2092 2791 2175 2840 sa-

351 2857 516 2905 bulam
545 2858 819 2906 confirmat.
1484 2909 1486 2911 ,
2015 2907 2018 2910 .

487 2932 750 2997 Κανονικῇ
785 2926 1086 2996 στοιχειώσει
1116 2929 1425 2997 υποβαλεῖν.]
1463 2929 1746 2994 Exequitur
1771 2929 1826 2978 id
1860 2946 1925 2979 ex
1949 2930 2173 2981 Africani

343 2999 501 3047 ductu
527 3016 634 3062 pag.
666 3003 744 3051 17·

489 3067 591 3128 Οὓς
618 3064 729 3128 κατ’
755 3066 911 3135 ὄνομα
940 3068 1098 3136 λέγειν
1126 3067 1360 3137 περισσὸν
1385 3069 1607 3137 ἠγοῦμαι
1637 3070 1780 3122 αἰδοῖ
1795 3070 1896 3122 τὀῑῖν
1930 3066 2170 3139 οἷνδρῶν.]

342 3139 634 3189 Nominibus
672 3143 914 3203 expressis
941 3142 1114 3189 durius
1151 3144 1346 3190 eosdem
1373 3145 1617 3205 exagitare
1648 3159 1754 3189 non
1785 3150 1986 3191 veretur
2009 3143 2064 3191 in
2092 3160 2171 3190 se-

348 3211 643 3274 quentibus,
692 3211 956 3258 Eusebium
993 3211 1271 3277 Pamphili,
1322 3213 1464 3274 dico,
1515 3220 1563 3260 et
1600 3213 1868 3277 Aegyptios
1901 3212 2170 3267 Monachus

349 3282 692 3343 Panodoium,
731 3289 780 3328 et
803 3282 1076 3330 Anianum:
1119 3285 1301 3346 quibus
1326 3284 1505 3331 addere
1530 3291 1761 3348 potuerat
1786 3284 2023 3339 Chronici
2039 3284 2171 3336 Ale-

348 3351 797 3401 xand.auth01em
828 3353 882 3399 in
918 3352 1039 3400 haec
1069 3355 1218 3402 verba
1255 3355 1568 3404 scribentem.
1609 3374 1745 3420 παρα
1784 3352 1879 3420 μὲν
1902 3355 2172 3413 Χαλδαίοις

350 3442 546 3489 πρωτος
575 3421 610 3474 ὃ
626 3419 786 3509 ἔρξας
796 3419 1042 3510 ᾌλωρος,
1079 3424 1164 3475 καὶ
1193 3421 1303 3491 μετ’
1333 3422 1482 3478 αὐτὸν
1505 3420 1840 3492 Ἀλασπαρος,
1876 3425 1964 3483 καὶ
1987 3443 2036 3474 οι
2062 3428 2171 3474 λοι-

350 3494 438 3545 ποὶ
466 3491 699 3565 ἄρξαντες
721 3489 901 3546 αὐτῶν.
945 3492 1153 3558 τούτους
1176 3493 1378 3569 ᾐνίξατο
1399 3497 1437 3564 ἡ
1456 3516 1626 3564 γραφη
1657 3495 1887 3564 λέγουσα..
1926 3495 1991 3549 οἱ
2002 3495 2171 3563 γίγαν-
