2222 3938
339 176 463 236 438
934 179 1507 238 EMENDATIONES

478 311 627 366 Μετοῖ
636 310 854 380 ’Ώγυγον
883 309 980 375 ἔφη
1008 307 1242 376 γενέσθαι,
1273 307 1509 376 Μωσέοι.]
1549 311 1639 360 Cui
1672 315 1963 364 sententiam
1988 332 2155 382 oppo-

339 384 484 434 sitam
512 386 730 432 Clemens
754 381 1112 430 Alexandiinus
1140 389 1306 429 tuetur
1336 382 1464 430 libro
1490 390 1534 434 1.
1570 385 1750 435 Strom.

476 456 587 517 Pag.
627 456 741 507 123.
778 447 1030 516 Ἀσχᾶλιος
1051 451 1134 516 ἔτη
1164 447 1243 518 κβ’
1246 450 1278 515 .]
1315 450 1590 518 Βασχοὲλιον
1615 453 1786 501 scribit
1812 454 2023 502 inferius
2045 453 2156 502 Au-

335 523 481 585 thor,
519 540 663 587 quem
686 522 926 569 Eusebius
952 522 1015 569 ad
1041 538 1228 571 annum
1251 521 1474 570 Abrahae
1499 527 1615 576 278.
1653 519 1977 573 Machaleum.
2014 525 2155 572 Duo-

335 611 449 643 rum
482 610 634 658 porro
672 608 842 655 regum
880 592 1087 640 istorum
1130 599 1311 640 aetates
1357 611 1422 641 an
1456 594 1630 641 mundi
1675 594 1965 659 vulgaribus
2012 594 2155 642 annis

334 663 612 712 reddendas
649 662 944 725 concordes,
984 680 1049 710 an
1087 662 1259 710 mundi
1299 675 1665 727 annosyregum
1689 665 1928 714 aetatibus
1955 681 2155 712 accom-

333 733 607 782 modandos
635 732 898 781 immutare
934 740 983 780 et
1005 733 1307 797 interpolare
1336 734 1597 781 debeamus
1614 771 1628 797 ,
1666 735 1790 782 mihi
1818 753 1924 783 non
1951 735 2152 782 omnino

332 810 536 854 certum.
610 803 862 851 Machaleo
904 811 1039 852 certe
1070 820 1225 851 annos
1261 803 1494 866 triginta,
1539 812 1588 852 et
1621 807 1892 854 successori
1926 804 2156 871 Iphereo,

333 889 481 936 quem
507 881 654 922 vocat
684 873 879 922 Author
907 873 1204 939 Sphaetum,
1244 874 1375 922 solos
1391 880 1475 928 20.
1503 874 1677 922 tribuit
1703 876 1967 923 Eusebius:
2005 877 2156 940 quare

328 943 528 1005 regibus
565 944 702 993 favet
733 943 836 992 eius
874 944 1145 1007 sententia,
1185 951 1235 993 et
1257 944 1435 992 mundi
1460 962 1615 993 annos
1639 946 2010 1012 interpolandos
2037 961 2156 1009 sug-

363 1012 469 1061 erit.

328 1029 359 1077 g
470 1083 822 1150 Σπαρθαίως’
806 1082 886 1150 ε’πη
915 1079 1008 1149 (ιβ’.
1011 1082 1036 1148 ]
1073 1083 1233 1132 Huius
1270 1101 1451 1132 nomen
1487 1083 1623 1149 apud
1656 1084 1923 1133 Eusebium
1960 1086 2024 1134 ad
2058 1102 2154 1132 an-

329 1169 451 1201 num
485 1153 709 1201 Abrahae
735 1154 855 1207 458.
898 1162 972 1202 est
1013 1156 1251 1218 Sparetus
1277 1155 1397 1202 anni
1435 1155 1518 1206 40.
1551 1154 1684 1218 apud
1726 1156 2026 1220 Scaligerum
2059 1155 2156 1204 soli

331 1226 416 1276 30.
452 1223 511 1271 ab
535 1223 743 1271 Eusebio
772 1228 856 1276 10.
886 1232 935 1271 et
959 1242 987 1271 a
1015 1224 1227 1287 Georgio
1259 1229 1338 1278 12.
1366 1223 1508 1270 annis
1535 1223 1735 1271 secedit.

471 1293 712 1360 Κῆρτος’
695 1291 778 1357 ἐτη
806 1288 906 1343 καθ’.
919 1293 938 1357 ]
986 1294 1124 1342 Inter
1170 1293 1458 1358 Aphophim
1505 1301 1554 1340 et
1587 1293 1785 1353 Aseth‚
1807 1309 1951 1358 quem
1995 1293 2156 1343 Assim

326 1361 563 1430 Iosephus
587 1363 766 1411 scribit
792 1362 988 1424 Sethus,
1026 1367 1115 1410 a'ut
1137 1364 1309 1410 Certus
1327 1362 1540 1426 Aegypti
1563 1378 1655 1409 rex
1679 1364 1861 1425 nullus,
1887 1365 1973 1411 sed
1994 1365 2153 1412 lanias

177 1430 214 1473 V
250 1431 307 1476 38
337 1434 476 1482 cuius
514 1433 633 1481 anni
658 1440 903 1498 putantur
927 1434 1012 1486 50.
1048 1449 1112 1480 ex
1146 1449 1253 1497 pag.
1288 1432 1560 1496 superiore.
1635 1432 1732 1479 Hic
1759 1450 1960 1498 quoque
1983 1435 2154 1482 Certus

327 1504 380 1551 in
410 1503 630 1551 Africani
657 1520 719 1550 ex
745 1501 1043 1550 Manethone
1066 1502 1417 1565 diagrammate
1440 1502 1611 1549 nullus
1643 1510 1717 1549 est
1740 1519 1850 1566 pag.
1879 1508 1961 1556 61.
1981 1505 2038 1552 Β.
2065 1504 2155 1553 sed

330 1582 444 1621 ante
467 1572 784 1638 Aphophim,
823 1574 975 1620 Staan
1006 1580 1055 1620 et
1085 1572 1318 1620 Archles:
1356 1580 1470 1638 post
1501 1571 1791 1637 Aphophim
1827 1574 1963 1640 apud
1993 1575 2154 1623 Euse-

325 1643 459 1693 bium
489 1643 698 1691 Archles
726 1643 1005 1691 celebratur
1029 1659 1139 1707 pag.
1169 1647 1252 1696 62.
1283 1644 1341 1689 A.

472 1711 572 1771 Τοὶς
597 1710 644 1763 ε’.
672 1712 1019 1778 ἕπαγομὲνας.]
1055 1714 1122 1760 Ut
1155 1720 1278 1776 quot
1302 1711 1537 1775 gradibus
1571 1711 1813 1760 Zodiacus
1850 1713 1933 1760 vel
1960 1713 2153 1761 coelum

323 1783 487 1847 ipsum
513 1783 866 1845 distinguitur,
902 1783 1108 1847 paribus
1131 1798 1328 1845 quoque
1351 1781 1526 1829 diebus
1555 1781 1950 1846 compingeretur
1973 1800 2150 1844 annus,

322 1860 513 1901 veteres
539 1852 769 1916 Aegyptii
793 1869 961 1899 rerum
987 1852 1418 1915 Astrologicarum
1447 1851 1656 1899 studiosi
1680 1861 1967 1903 sanxerunt.
2038 1853 2153 1901 Tri·-

325 1938 503 1969 cenum
536 1922 701 1985 itaque
727 1922 931 1969 rdierum
969 1938 1160 1970 menses
1199 1930 1339 1970 erant
1378 1921 1433 1968 in
1474 1938 1604 1969 anno
1647 1922 1939 1984 duodecim,
1978 1923 2151 1971 diebus

327 1993 444 2040 solis
486 1992 619 2058 (non
645 1989 801 2056 Solis)
840 1995 959 2046 360.
996 2008 1180 2039 annum
1224 1990 1559 2040 conficienteS.
1646 1993 1905 2040 Crescente
1942 1992 2151 2041 subinde

326 2062 458 2127 apud
495 2062 691 2109 eosdem
733 2069 978 2110 astrorum
1017 2070 1067 2110 et
1102 2061 1296 2110 orbium
1335 2061 1620 2112 coelestium
1655 2079 1828 2110 cursus
1855 2063 2060 2126 peritia,
2100 2070 2151 2111 et

326 2149 389 2179 ex
412 2131 658 2179 Abraham
685 2130 861 2196 Ioseph
885 2139 934 2179 et
954 2139 1276 2195 ‘posterorum
1314 2131 1675 2179 consuetudine
1701 2140 1750 2179 et
1777 2132 2031 2194 doctrina,
2071 2133 2150 2180 ci-

323 2202 440 2251 vilis
465 2218 634 2249 eorum
661 2201 781 2249 anni
816 2201 1016 2248 defectu
1051 2202 1276 2265 cognito,
1313 2219 1412 2266 quo
1443 2201 1571 2247 Solis
1607 2218 1807 2248 cursum
1841 2202 2148 2266 aliquatenus

326 2280 738 2335 consequeretur,
775 2270 1011 2335 huncque
1038 2273 1166 2319 alter
1196 2271 1286 2319 vix
1325 2271 1616 2332 excederet,
1652 2271 1894 2318 ascititios
1930 2272 2149 2336 quinque

326 2342 430 2389 dies
471 2359 532 2389 ex
559 2341 712 2389 Aseth
744 2342 905 2389 edicto
942 2349 1053 2405 post
1087 2341 1323 2389 ultimum
1357 2355 1577 2388 mensem
1608 2342 1975 2390 intercalandos
2010 2351 2150 2390 atte-

323 2419 559 2461 xuerunt.
629 2412 698 2458 Ut
727 2411 996 2475 Aegyptios
1025 2411 1180 2459 Attici
1216 2413 1401 2459 fuerint
1433 2410 1613 2458 imitati
1639 2411 1784 2459 docet
1805 2412 2036 2460 Petavius
2060 2413 2147 2462 lib.

328 2486 376 2534 1.
413 2498 519 2545 cap.
548 2486 602 2534 7.
661 2481 809 2541 Quod
850 2481 1242 2529 comminiscitur
1286 2482 1500 2543 Scaliger
1536 2480 1597 2528 de
1642 2489 1781 2528 sexto
1825 2482 1905 2529 die
1943 2482 2147 2546 singulis

325 2551 665 2614 quadrienniis
689 2550 873 2612 ascito,
908 2551 1109 2598 nonnisi
1130 2551 1375 2612 Scaligero
1407 2550 1504 2615 ipsi
1536 2567 1712 2598 velum
1747 2551 2018 2599 existimari
2053 2553 2146 2600 de-

324 2629 604 2668 monstrant
635 2621 865 2671 Petavius
904 2628 954 2668 et
990 2621 1225 2686 Allatius,
1262 2621 1346 2669 hic
1384 2621 1444 2671 de
1469 2621 1725 2684 Mensura,
1763 2622 1888 2669 alter
1921 2621 1981 2668 de
2002 2622 2144 2670 Doct.

324 2689 639 2755 Temporum.

461 2759 516 2810 ‘O
553 2758 733 2825 μόσχος
765 2720 1141 2840 &sowotnfislgfl
1178 2760 1248 2808 De
1283 2760 1409 2810 bove
1445 2760 1645 2825 Serapi,
1684 2759 1787 2808 sive
1811 2757 1937 2824 Api,
1975 2760 2143 2809 Latini

323 2829 524 2877 Eusebii
551 2847 697 2895 repar
699 2838 808 2879 ator
832 2830 1114 2879 Pontacus
1099 2848 1151 2878 m
1172 2831 1314 2878 Notis
1328 2869 1342 2893 ,
1378 2831 1463 2879 ubi
1487 2831 1549 2878 de
1573 2831 1673 2878 eius
1705 2829 1995 2894 apotheosi,
2026 2849 2142 2880 eru-

326 2899 451 2946 dite:
503 2899 564 2946 de
601 2902 824 2961 nomine,
875 2900 1204 2965 simulachro,
1241 2902 1426 2966 templo
1465 2900 1922 2948 Ecclesiasticorum
1962 2902 2139 2951 Annal.

327 2968 558 3017 conditor
589 2970 826 3017 Baronius
854 2978 971 3018 tom.
994 2971 1042 3024 4.

453 3035 671 3103 ’Ἁμωσις
695 3038 721 3090 ὁ
747 3039 830 3089 καὶ
862 3038 1154 3105 Τὲθμωσις.]
1192 3038 1290 3086 Sub
1316 3055 1413 3101 quo
1444 3037 1799 3102 profectionem
1827 3056 1889 3087 ex
1912 3039 2137 3106 Aegypto

330 3126 356 3155 a
379 3108 548 3172 Moyse
568 3118 841 3173 susceptam
865 3109 1099 3174 Iosephus
1126 3109 1181 3155 in
1201 3108 1480 3171 JApionem‚
1515 3108 1747 3157 Tatianus
1781 3110 1918 3159 Orat.
1954 3112 2138 3159 adver-

328 3195 410 3226 sus
450 3179 687 3237 Graecos,
725 3187 773 3226 et
809 3181 1029 3241 Clemens
1052 3176 1420 3226 Alexandrinus
1456 3179 1638 3226 Strom.
1676 3183 1726 3232 1.
1765 3181 2137 3246 quosplerique

326 3249 624 3296 recentiores
653 3247 954 3311 Chronologi
980 3255 1267 3312 sequuntur.

448 3315 572 3382 ’Έτη
598 3313 712 3384 κβ’.]
749 3319 854 3366 Duo
882 3335 941 3365 ac
965 3317 1144 3380 viginti
1168 3317 1320 3365 huius
1346 3315 1600 3380 Ainesios,
1640 3335 1784 3382 quem
1799 3319 2014 3369 Amasim
2039 3337 2133 3368 nu-

326 3404 417 3451 per
451 3388 588 3443 citati
624 3389 888 3453 scriptores
921 3388 1196 3452 appellant,
1234 3394 1369 3435 stant
1404 3388 1796 3436 commodissime
1835 3407 1948 3437 cum
1978 3388 2132 3438 Aseth

327 3459 409 3509 24.
432 3458 603 3520 annis,
641 3458 681 3506 si
711 3467 874 3507 tamen
904 3457 988 3506 hic
1014 3457 1187 3505 mundi
1223 3474 1378 3506 annos
1399 3457 1519 3506 velis
1540 3458 1847 3522 emendatos,
1884 3468 1934 3508 et
1953 3455 2124 3529 ,rud-5!-
