2222 3938
697 208 793 267 ET
830 207 1417 267 ΑΝΝΟΤΑΤΙΟΝΕΞ.
1816 163 1958 262 v451

128 333 344 392 -ἕννᾶτου
371 334 513 397 ἔτους
537 334 610 397 εἷς
625 333 683 389 vo*
708 333 834 399 Διὸς
859 335 1044 408 ἄντρον
1074 337 1103 393 ὁ
1126 341 1338 405 Μίνως,
1373 337 1436 393 τοὶ
1471 337 1564 407 μὲν
1590 334 1962 407 μαθησόμενος,

132 406 196 460 τοὶ
231 405 287 460 δὲ
324 402 739 473 ἀποδειξάμενος,
790 406 825 459 ἃ
862 413 926 478 τῇ
959 410 1176 481 προτέρᾳ
1211 412 1518 479 έννεατηρίδι
1545 409 1682 478 παροῖ
1715 416 1807 463 τοῦ
1838 410 1963 473 Διὸς

130 479 340 546 ἔμαθεν.
408 481 610 527 Etenim
643 497 758 526 cum
797 480 935 528 Iovis
969 484 1038 528 sit
1061 483 1243 546 filiu-9,
1291 483 1434 548 quod
1471 484 1536 532 ab
1572 483 1663 532 illo
1713 481 1969 531 duntaxat

130 552 201 597 sit
235 547 495 612 eruditus,
542 567 643 597 non
679 550 828 598 habet
865 569 1113 618 magnum
1150 571 1360 602 nomen.-
1412 554 1509 603 hoc
1551 571 1720 618 nempe
1765 571 1971 603 carmen

127 619 274 668 illud
290 621 566 685 significat.
635 623 809 669 ,Minos
842 626 1076 687 regnavit
1099 641 1273 674 novem
1304 642 1466 673 annos
1500 643 1687 691 magno
1709 642 1826 672 eum
1852 625 1967 675 Iove

127 692 359 756 colloqui
379 691 579 739 solitus.
648 693 868 739 Minoem
892 712 1007 741 vero
1045 712 1162 742 cum
1182 695 1295 744 Iove
1318 714 1480 743 annos
1502 714 1678 746 novem
1703 697 1759 743 in
1779 713 1967 743 Sermo-

127 762 284 810 nibus·
299 779 650 835 congress-amq
683 759 830 829 ὅαροι
851 782 1067 830 namque
1090 783 1338 813 sermones
1357 776 1505 814 sunt:
1543 762 1778 835 ὀαριστής
1798 775 1965 814 autem

130 842 204 880 est
226 835 280 881 in
302 833 617 879 sermonibus
640 832 976 898 congrediens,
1047 837 1219 884 Minos
1239 838 1414 901 itaque
1439 840 1592 885 annis
1624 854 1797 885 novem
1825 839 1965 886 Iovis

129 913 338 952 antrum
367 901 676 950 erudiendus
699 907 928 956 accessit.
1003 905 1144 953 Unde
1169 916 1216 953 et
1242 905 1428 955 didicit
1451 917 1497 956 et
1516 906 1693 956 docuit
1713 905 1830 955 inde
1854 925 1970 957 cae-

128 983 286 1038 teros,
326 992 456 1040 quae
485 974 549 1021 ab
575 974 688 1023 Iove
712 993 886 1024 novem
907 979 1060 1024 annis
1083 986 1356 1042 acceperat.

272 1041 491 1095 Πλάτων
515 1045 811 1113 σοφίστριοιν
830 1045 998 1114 λέγει]
1035 1048 1093 1095 In
1116 1048 1448 1113 Euthydemo.
1486 1042 1576 1114 οὐχ
1599 1043 1711 1110 οἷός
1734 1067 1786 1099 τε
1805 1042 1876 1115 ἦν
1900 1052 1970 1120 τῇ

126 1134 182 1167 τε
204 1111 338 1185 ὕδρᾳ
364 1111 698 1181 διαμάχεσθαι
724 1115 990 1188 σοφιστρίᾳ
1007 1114 1135 1187 οὔσῃ
1152 1157 1165 1179 ,
1200 1118 1287 1169 καὶ
1310 1116 1394 1171 διοὶ
1415 1115 1512 1185 τὴν
1540 1120 1726 1187 σοφίαν
1751 1115 1965 1190 ἀνιείσῃ,

130 1188 178 1238 εἰ
215 1188 336 1253 μίαν
374 1183 602 1252 κεφαλὴν
641 1182 960 1252 οἷποτμηθείη
1001 1192 1095 1240 τοῦ
1132 1185 1310 1256 λόγου,
1346 1187 1534 1249 πολλὰς
1560 1179 1672 1241 ἄν’τὶ
1698 1193 1789 1255 τῆς
1829 1193 1963 1256 μιᾶς.

129 1260 376 1323 Pugnare
400 1275 502 1305 non
533 1258 703 1305 valuit
741 1253 1032 1327 (Hercules)
1072 1257 1320 1307 adversus
1342 1259 1583 1324 Hydram
1609 1260 1966 1324 Soplzisticam‚

130 1330 220 1375 cui
251 1337 461 1392 propter
496 1329 800 1392 sapientiam
839 1345 938 1377 uno
972 1330 1137 1394 capite
1173 1334 1416 1379 Sermonis
1454 1340 1748 1396 amputato,
1798 1331 1968 1379 multa

129 1399 530 1463 repullulabunt.

277 1469 342 1520 Οἵ
376 1464 663 1536 Ἐπίγονοι]
713 1469 961 1518 Eusebius
1004 1469 1211 1519 Latinus
1257 1469 1320 1519 ad
1361 1487 1545 1520 annum
1588 1470 1814 1521 Abrahae
1849 1475 1970 1527 817.

130 1540 517 1602 Interfectorum
553 1541 616 1588 ad
654 1539 846 1588 Thebas
879 1541 1074 1588 Ducum
1103 1544 1325 1605 posteri,
1363 1545 1455 1607 qui
1487 1543 1804 1592 vocabantur
1825 1545 1971 1608 Epi-

127 1614 283 1677 goni,
317 1609 586 1658 adversum
623 1610 815 1660 leebus
837 1610 1023 1657 bellum
1054 1620 1264 1660 movent.
1881 1628 1884 1633 ’

270 1682 381 1745 Pag·
412 1680 527 1733 164.
561 1675 679 1747 Ἰαῒρ
701 1678 791 1731 τόν
815 1681 1165 1746 Γαλααδίτην]
1190 1682 1458 1747 Hucusque
1484 1681 1703 1746 Scaliger
1729 1699 1791 1731 ex
1813 1683 1970 1731 Geor-

129 1752 210 1816 gio
238 1768 349 1818 pag.
370 1755 457 1805 29.
484 1766 563 1798 res
590 1760 756 1798 sacras
791 1751 846 1797 in
879 1752 1070 1798 Graeco
1097 1751 1345 1800 Chronico
1380 1753 1521 1800 nullo
1548 1761 1693 1817 pacto
1709 1790 1722 1814 ,
1742 1754 1841 1807 ,vel
1871 1753 1972 1800 nisi

128 1823 377 1871 levissime
415 1821 652 1869 delibans.
723 1821 820 1869 Iair
853 1827 940 1875 22.
968 1838 1124 1869 annos
1160 1823 1504 1870 attribuendos
1530 1822 1662 1871 infra
1689 1823 1970 1872 declarabi-

128 1910 258 1942 mus.
329 1893 560 1940 Errorem
587 1891 807 1940 authoris
833 1893 1025 1939 tollunt
1050 1893 1336 1941 emendatae
1358 1893 1575 1945 tabulae.

269 1961 332 2014 ‘O
354 1958 551 2026 Ἰεφθάε
574 1960 633 2013 τοὶ
664 1958 763 2013 nino*
789 1962 1055 2026 Μωσέως.]
1095 1963 1150 2010 In
1173 1962 1267 2012 hac
1293 1964 1511 2028 Scaliger
1543 1963 1723 2029 pagina
1743 1962 1857 2011 Not.
1883 1961 1970 2018 49.

134 2032 288 2099 Quod
310 2042 471 2098 putat
507 2033 625 2080 illos·
663 2042 901 2080 trecentos
937 2051 1095 2081 annos·
1119 2034 1185 2082 ab
1214 2052 1267 2082 eo
1290 2043 1535 2099 tempore,
1574 2052 1673 2099 quo
1701 2033 1973 2098 Allopliyli

129 2105 398 2156 Israelitaa
421 2114 770 2168 oppresserunt
794 2103 1141 2168 secernendos,
1170 2115 1528 2170 praeterquam
1554 2103 1695 2169 quod
1715 2122 1813 2151 non
1835 2104 1971 2150 mul-

131 2186 243 2224 tum
263 2184 525 2240 promovet
550 2178 660 2221 eius
684 2177 924 2238 ratione-9,
962 2184 1033 2222 est
1054 2176 1191 2222 anile
1214 2174 1469 2237 delirium,
1508 2174 1649 2240 quod
1672 2174 1797 2221 liber
1823 2172 1970 2222 Iudi-

130 2264 251 2294 cum
287 2247 554 2305 manifeste
598 2248 848 2308 confutat.
921 2246 1107 2294 Verum
1148 2246 1398 2294 servitutis
1434 2253 1631 2309 tempus
1667 2244 1727 2290 ab
1757 2243 1966 2308 imperio

130 2317 363 2367 Indicum
391 2331 647 2363 secernens
680 2316 951 2379 Georgius,
993 2332 1021 2362 a
1047 2315 1199 2363 Mosis
1229 2315 1370 2363 obitu
1403 2315 1466 2362 ad
1490 2314 1745 2379 Iephtaeae
1770 2315 1968 2379 praese-

131 2396 306 2436 cturae
329 2386 548 2453 primum
573 2403 759 2434 annum
792 2394 868 2434 ter
899 2393 1100 2435 centum
1126 2393 1174 2433 et
1204 2385 1457 2449 sexaginta
1481 2392 1581 2432 tres
1608 2401 1763 2431 annos
1785 2400 1968 2432 nume-

130 2458 292 2509 ravit:
335 2473 550 2522 quorum
572 2457 732 2523 prima
757 2464 870 2522 post
898 2457 1125 2504 Seniores
1149 2456 1550 2521 Mesopotamena
1571 2455 1788 2504 servitus
1809 2471 1966 2503 annos
2029 2475 2033 2480 ’

134 2537 277 2590 oct03
338 2527 556 2575 secunda
593 2535 709 2593 post
747 2526 1090 2592 othonielem,
1139 2526 1444 2587 octodecim3
1501 2525 1648 2574 tertia
1684 2532 1801 2590 post
1836 2525 1966 2588 And,

130 2599 340 2664 viginti3
383 2606 557 2662 quarta
591 2606 705 2663 post
738 2598 1014 2658 Deboram,
1053 2604 1271 2661 septem3
1315 2595 1492 2661 'quinta
1518 2604 1634 2661 post
1657 2595 1785 2658 Iair,
1823 2604 1967 2643 octo-

132 2670 297 2718 decim
322 2669 550 2717 absorbet
576 2686 758 2716 annos:
795 2667 980 2732 reliqui
1010 2667 1073 2714 ad
1095 2675 1373 2715 tercentum
1397 2667 1669 2729 accedunt,
1707 2665 1966 2731 occupatis

131 2740 292 2807 ipsius
326 2739 529 2805 Iephthe
567 2740 759 2804 aliquot
796 2740 968 2801 annis,
1014 2738 1077 2786 ad
1110 2738 1238 2786 illud
1273 2754 1460 2801 usque,
1514 2754 1613 2801 quo
1652 2738 1965 2801 loquebatur,

132 2819 347 2877 tempus,
418 2810 529 2857 Non
554 2810 709 2873 igitur
735 2810 906 2857 deliria
922 2846 936 2872 ,
974 2808 1060 2856 sed
1085 2808 1403 2856 accuratioris
1429 2806 1786 2871 Chronologiae
1812 2806 1966 2855 ratio-

132 2899 247 2943 nem
281 2880 598 2946 amplectitur
629 2881 912 2945 Syncellus‚
953 2896 1099 2943 quam
1131 2880 1418 2945 Scripturae
1451 2878 1746 2944 testimonio,
1772 2876 1964 2926 confir-

132 2955 318 3001 matam
344 2952 553 3017 profert.
625 2951 844 3001 Eandem
872 2956 1137 3017 promovet
1159 2949 1398 2999 Nicolaus
1427 2948 1651 2998 Serarius
1685 2949 1740 2997 in
1782 2948 1872 2996 lib.
1907 2949 1961 3000 3.

133 3023 253 3086 Reg.
291 3039 398 3087 cap.
439 3027 490 3075 7.

254 3093 390 3155 „P³g·
429 3092 547 3147 165.
584 3086 836 3158 Εὐσέβιος
851 3093 944 3143 τοῦ
966 3088 1283 3157 Παμφίλου.]
1321 3088 1398 3139 Ex
1427 3089 1615 3138 deiecto
1651 3086 1849 3150 Georgii
1878 3084 1961 3132 vi-

133 3162 274 3213 ribus
307 3162 545 3225 Eusebio,
597 3163 815 3226 Scaliger
848 3162 1114 3210 Eusebium
1151 3161 1295 3225 erigit
1333 3177 1445 3226 pag.
1475 3165 1568 3214 -29,
1608 3176 1703 3223 qua
1738 3155 1960 3205 Abdonis

133 3235 362 3283 Indicum
386 3233 536 3281 solius
565 3233 624 3280 ab
650 3250 708 3282 eo
735 3233 991 3298 hucusque
1013 3232 1273 3296 recensiti,
1308 3239 1550 3280 memorat
1570 3245 1738 3277 annos.
1774 3226 1959 3273 Eadem

134 3304 362 3352 Animad.
395 3320 505 3368 pag.
542 3303 627 3356 49.

261 3372 387 3438 ’Έτη
417 3370 507 3438 ιε’.]
541 3373 613 3420 Ita
643 3373 986 3439 reponendum
1008 3389 1158 3421 verus
1186 3379 1452 3438 computus
1486 3368 1670 3430 exigit3
1708 3364 1960 3413 Sardana-

135 3445 252 3511 palo
278 3445 460 3492 etenim
487 3462 515 3491 a
541 3445 716 3492 mundi
742 3444 949 3493 conditu
977 3446 1130 3497 3661.
1169 3459 1374 3507 regnum
1402 3439 1684 3503 auspicato,
1705 3435 1961 3483 successit

136 3516 349 3565 Arbaces
384 3523 501 3581 post
539 3531 694 3563 annos
737 3518 821 3571 15.
858 3522 908 3564 et
946 3514 1217 3578 interregni
1262 3513 1471 3560 alterum
1513 3523 1644 3556 anno
1684 3505 1843 3560 4676.
1890 3505 1960 3553 ait
