2222 3938
344 175 470 234 446
964 185 1540 244 EMENDATIONES

344 312 575 384 δευτέρας
600 313 750 383 (υἷος)
773 314 1085 382 ἐβασίλευσεν
1108 315 1393 384 Αἰγύπτου,
1430 316 1515 369 καὶ
1541 317 1757 384 Μέμφιν
1782 317 1979 373 ἔκτισεν.
2017 322 2151 388 Epa-

343 385 472 451 phus
507 387 661 450 igitur
689 387 819 434 idem
858 386 944 448 qui
982 387 1117 452 Apis.
1187 388 1469 436 Herodotus
1500 389 1555 436 in
1590 391 1763 438 Thalia
1796 392 1955 454 capite
1991 398 2074 446 27.
2122 391 2152 444 ὅ

330 453 478 516 ’Ἆπις
503 455 591 507 τόν
605 453 843 521 Έλληνες
858 454 1126 521 ’Ἐπαφον,
1163 457 1435 509 καλέουσιν.
1505 459 1639 524 Apis·
1671 479 1817 526 quem
1847 463 2027 509 Graeci
2060 480 2151 512 ιο-

342 538 461 574 cant
488 527 779 591 Epaphum.
826 528 891 574 Et
925 531 1008 580 28.
1047 526 1077 578 6
1113 525 1199 578 δὲ’
1199 525 1334 588 Ἀπις
1371 522 1514 589 οὗτος
1545 530 1571 581 6
1590 529 1838 595 ’Ἐπαφος.
1907 533 2151 581 Immenso

343 598 501 677 spatio
527 605 657 644 errat
684 597 949 659 Eusebius,
988 597 1070 662 qui
1095 606 1197 646 tam
1224 599 1435 647 diversis
1459 604 1791 666 temporibuS,
1828 609 1876 650 et
1897 603 2018 656 245.
2056 621 2153 651 an-

341 669 420 714 nis
459 685 487 714 a
523 684 575 714 se
612 668 797 715 dissitis
823 668 986 716 virum
1013 670 1219 717 eundem
1255 670 1558 719 eandemmet
1577 673 1751 722 urbem
1776 672 2054 722 condidisse
2073 691 2153 722 as-

341 737 473 786 serit.
546 736 742 787 Author
762 756 858 786 una
890 755 1000 786 cum
1031 755 1086 786 eo
1113 757 1243 790 reus.

481 822 595 885 Pag-
638 825 752 876 153
803 821 1012 889 Κέκροψ
1050 822 1082 874 6
1114 818 1338 890 ὃιφυής.]
1390 825 1500 885 Qua
1527 826 1719 875 ratione
1741 845 1843 875 non
1869 810 2153 892 Cecropem,

338 891 424 939 sed
457 891 613 958 Αἰγέα
649 894 934 952 Πανδίονος
976 893 1350 943 Atheniensium
1384 913 1546 960 regem
1589 898 1838 963 primum,
1888 898 2154 963 ipsumque

338 963 679 1026 Cecropem,
675 959 760 1021 ότι
793 959 1068 1030 Αἰγυπτιος
1103 961 1198 1027 ὧν,
1237 974 1332 1015 etc.
1405 967 1710 1032 Aepyptium
1753 969 1903 1017 faciat
1938 968 2153 1032 Scaliger

335 1049 450 1098 pag.
475 1038 558 1087 26.
591 1041 640 1080 et
661 1012 865 1082 Athenis
890 1042 1091 1096 natum,
1129 1052 1206 1083 me
1236 1037 1370 1085 latet.

475 1115 528 1168 ‘O
555 1113 870 1185 Φιλόχορος]Ι
894 1119 1205 1167 Atheniensis
1228 1119 1339 1182 hic,
1376 1138 1544 1169 rerum
1575 1121 1849 1170 Atticarum
1875 1128 1922 1168 et
1945 1121 2153 1169 aliorum

336 1204 541 1253 operum
569 1189 784 1252 scriptor
807 1197 1049 1253 vetustus,
1087 1206 1324 1237 coaevum
1345 1189 1518 1238 habuit
1542 1192 1912 1239 Eratosthenem
1927 1229 1942 1254 ‚
1976 1192 2036 1239 de
2056 1207 2152 1255 quo

333 1275 521 1324 nuper:
560 1258 619 1305 de
643 1258 739 1305 alio
772 1260 946 1307 Suidas
962 1297 975 1321 ‚
1014 1268 1063 1307 et
1088 1260 1134 1329 ⁴V
1137 1260 1291 1307 ossius
1319 1261 1581 1309 Historicis
1607 1262 1661 1308 in
1686 1263 1904 1310 Graecis.

459 1342 724 1408 ’Ἀρχοντες
751 1340 833 1393 διοέ
871 1345 986 1409 βίου
1013 1340 1112 1409 ιβ’.]
1152 1342 1425 1408 Aeschylus
1456 1345 1547 1392 sub
1576 1362 1669 1408 quo
1693 1346 1946 1393 institutae
1971 1344 2154 1409 Olym-

331 1413 502 1479 piades
533 1415 800 1461 Rectorum
829 1412 1206 1462 Atheniensium
1231 1432 1392 1461 nonus
1423 1433 1569 1479 supra
1601 1417 1889 1478 vigesimum
1927 1423 2086 1463 extat:
2124 1433 2154 1463 a

338 1484 557 1548 Cecrope
583 1483 833 1531 sexdecim
858 1501 994 1547 reges
1033 1493 1382 1545 numerantur,
1422 1503 1531 1532 cum
1562 1486 1778 1551 Cecrope
1806 1490 1885 1538 17.
1927 1484 2155 1533 Archon-

334 1561 406 1602 tes
444 1554 675 1619 perpetui
705 1554 889 1618 reliqui
923 1562 1039 1602 sunt
1069 1559 1148 1608 13.
1179 1556 1239 1602 a'd
1276 1555 1620 1620 Olympiadem
1652 1558 1864 1622 primam
1897 1555 1991 1603 soli
2023 1556 2155 1604 duo-

336 1624 518 1672 decim:
556 1625 626 1671 ita
651 1625 884 1672 Eusebius
911 1625 974 1672 ad
993 1642 1178 1672 annum
1203 1625 1427 1673 Abrahae
1452 1627 1570 1684 460.
1679 1676 1682 1678 ,

461 1706 584 1772 ”Em
621 1706 674 1758 δὲ
708 1705 832 1774 wlff-2]
894 1710 1150 1775 Olympias
1195 1710 1351 1773 prima
1375 1746 1390 1771 ,
1439 1709 1646 1758 authore
1685 1710 1922 1773 Georgi0‚
1976 1710 2154 1759 mundi

335 1778 493 1832 4726.
530 1779 837 1841 instituitur,
886 1781 947 1827 ad
976 1798 1119 1844 quem
1156 1780 1214 1826 ab
1245 1780 1423 1827 ultimo
1452 1781 1680 1846 Cecropis
1713 1789 1763 1828 et
1794 1780 1967 1829 mundi
1993 1782 2150 1836 3994.

332 1849 500 1897 fluunt
523 1848 673 1896 medii
705 1853 822 1902 731.
850 1850 967 1897 anni
989 1869 1017 1897 a
1039 1851 1200 1915 primo
1229 1853 1348 1903 781.

343 1968 348 1975 »
470 1929 694 1999 Ἀθήνας
733 1931 821 1993 τὰς
866 1934 952 1984 καὶ
1003 1931 1247 2001 Διάδας.]
1308 1934 1612 1982 Adversatur
1659 1934 1900 1998 Scaliger,
1947 1942 1996 1982 et
2036 1935 2148 1986 Not.

327 2020 438 2070 pag.
479 2007 565 2057 28.
617 2004 907 2068 proditurus
956 2005 1239 2054 Eusebium.
1325 2006 1431 2052 Imo
1448 2042 1461 2066 ,
1508 2003 1703 2069 inquit,
1747 2005 1881 2052 Dias
1927 2004 2153 2053 Abantis

327 2074 543 2121 Alconis
572 2082 617 2119 et
633 2074 922 2122 Arethusae
931 2078 1106 2137 fiuter
1126 2077 1224 2123 llas
1242 2075 1475 2122 Athenas
1497 2074 1728 2122 condidit
1741 2113 1755 2137 ‚
1782 2093 1883 2123 non
1911 2076 2120 2140 Cecrops
2134 2095 2150 2124 .·

329 2144 468 2192 unde
485 2144 665 2193 volant
689 2145 900 2192 Diadas
924 2150 1306 2210 cognominatas·
1321 2182 1333 2205 ,
1371 2155 1427 2192 ut
1446 2145 1508 2191 ab
1523 2146 1737 2193 Athenis
1756 2146 1946 2193 Atticis
1970 2146 2152 2194 distin-

323 2224 628 2280 guerentur:
666 2217 803 2262 alias
837 2216 1127 2281 Cecropides
1155 2218 1537 2282 cognominatae
1557 2219 1800 2278 fuissent.
1871 2216 2004 2264 Haec
2037 2219 2150 2267 ille:

331 2302 430 2350 quo
449 2294 616 2333 tamen
643 2293 764 2334 teste
793 2287 1002 2334 dubium
1032 2288 1292 2350 dissolvat,
1330 2305 1430 2334 non
1462 2288 1669 2351 profert.
1742 2288 2009 2335 Patronum
2044 2289 2152 2336 Eu·-

329 2355 454 2404 sebii
479 2357 580 2420 agit
608 2357 780 2404 Strabo
809 2358 894 2407 lib.
923 2362 1002 2411 10.
1031 2359 1178 2422 Geog.
1204 2367 1251 2406 et
1276 2358 1405 2406 unde
1433 2358 1739 2406 Euboeenses
1777 2357 1999 2406 Athenae
2031 2359 2151 2406 Dia-

331 2427 442 2486 des,
483 2435 531 2474 et
563 2444 589 2473 a
619 2427 796 2490 quibus
825 2429 1052 2476 conditae
1076 2430 1249 2493 paucis
1284 2428 1519 2477 edisseiit.
1597 2427 1697 2478 ἐστι
1723 2426 1777 2478 δὲ
1801 2428 1885 2478 καὶ
1910 2448 1976 2496 τῳ
1997 2424 2152 2498 Ὠρεῷ

329 2495 487 2565 τούτῳ
514 2493 581 2558 τό,
619 2516 669 2546 τε
691 2493 923 2562 Κήναιον
945 2501 1172 2563 πλησίον,
1202 2499 1287 2550 καὶ
1310 2494 1393 2549 ἐπ’
1418 2494 1549 2566 αὐτῷ
1571 2495 1626 2548 τό
1648 2504 1790 2560 Δῖον,
1826 2498 1911 2549 καὶ
1933 2480 2151 2565 ’Ἀθῆναι

333 2568 389 2616 αῖ
409 2549 604 2626 Διάδες.
640 2569 817 2632 κτίσμα
834 2564 1134 2633 Ἀθηναίων,
1158 2569 1513 2636 ὑπερκείμενον
1539 2571 1631 2619 τοῦ
1654 2568 1735 2619 ἐπὶ
1760 2572 1966 2620 Καῦνον
1991 2574 2152 2635 πορθ·-

333 2640 449 2701 μοῦ.
528 2638 597 2685 O}
599 2655 650 2683 eo
679 2635 923 2687 Cenaeum
938 2643 1344 2703 promontorium
1367 2649 1437 2686 est
1459 2641 1708 2700 vicinam,
1747 2648 1792 2686 et
1820 2638 1892 2685 ad
1914 2638 2049 2687 allud
2072 2642 2149 2686 si-

333 2715 443 2753 tum
466 2709 661 2770 Dium,
699 2718 849 2773 atque
872 2711 1101 2757 Athenae
1123 2710 1346 2772 Diades,
1386 2710 1450 2756 ab
1474 2709 1862 2756 Atheniensibus
1889 2708 2150 2757 conditum·

333 2776 572 2841 oppidum
591 2796 714 2841 sup}
717 2798 749 2826 cz
754 2782 822 2841 f'
823 2789 955 2827 etum
991 2781 1163 2828 Cauno
1180 2785 1542 2846 ptopinqzcum.

469 2842 591 2910 Ἀφ’
616 2852 675 2899 οὑ
695 2845 978 2915 Ἐλληνες.]
1018 2853 1085 2899 Ut
1113 2847 1208 2904 οἷπὸ
1228 2872 1315 2903 του
1327 2848 1569 2914 Ἐλληνος
1595 2847 1770 2896 Graeci
1796 2847 2039 2912 Hellenes,
2077 2850 2148 2897 ita

330 2910 433 2967 οἷπο
462 2921 554 2967 τοῦ
589 2922 808 2984 Γραικοῦ
830 2921 1046 2970 Thessali
1077 2922 1196 2971 filio
1207 2922 1412 2990 Γραικοὶ
1443 2919 1735 2984 nuncupati.
1769 2918 1964 2968 Author
1996 2937 2148 2986 supra

323 3003 438 3054 pag
482 2991 597 3040 126
639 2989 691 3039 C

464 3051 822 3126 Ἀμπελουργία
860 3058 960 3112 ὑπὸ
983 3061 1283 3120 Διονυσίου,
1337 3054 1445 3124 ου’χὶ
1475 3063 1569 3110 τοῦ
1588 3058 1656 3114 ἐκ
1682 3058 1932 3140 Σεμέλης.]
1973 3060 2144 3112 Cicero

327 3127 388 3176 de
414 3127 523 3177 Nat.
559 3127 701 3176 Deor.
742 3130 961 3195 quinque
983 3131 1247 3197 Dionysius
1273 3138 1550 3180 enumeratt
1601 3132 1804 3179 consule
1826 3131 1938 3196 quis
1974 3146 2144 3181 eorum

327 3197 583 3249 Vitisator.
1420 3238 1424 3241 Δ

475 3272 558 3337 Τῷ
581 3262 669 3334 με’.
695 3267 788 3319 ἔτει
811 3268 1111 3337 Κέκροπος]
1149 3270 1285 3318 Haec
1318 3271 1553 3319 adversus
1583 3271 1846 3321 Eusebium
1875 3290 1904 3319 a
1931 3272 2143 3336 Georgia

325 3339 513 3404 scripta
538 3356 638 3387 non
673 3338 1000 3389 dissimulavit
1038 3342 1251 3405 Scaliger
1274 3341 1387 3392 Not.
1415 3358 1522 3405 pag.
1544 3345 1628 3395 31.
1657 3350 1705 3390 et
1727 3343 1845 3396 253.
1877 3359 1998 3407 quae
2028 3359 2143 3390 cum

324 3417 440 3474 post
466 3411 734 3458 Teutaeum
762 3411 1076 3476 Assyriorum
1096 3429 1258 3476 regem
1285 3417 1369 3467 28.
1392 3419 1439 3459 et
1471 3412 1740 3478 Crotopum
1766 3413 2063 3476 Argivorum
2092 3415 2140 3465 8.

325 3481 506 3529 referat
526 3498 636 3547 pag.
666 3488 831 3531 textus
854 3482 1031 3534 Euseb.
1060 3489 1144 3540 26.
1167 3483 1391 3551 pristinis
1415 3489 1629 3548 postera,
1669 3491 1717 3532 et
1739 3484 1942 3549 antiqua
1964 3498 2140 3532 recen-
