2222 3938
342 139 470 201 556
965 147 1559 204 ANNOTATIONES.

341 279 432 348 ρίῳ
469 276 693 347 §amoime
738 278 893 328 codd.
929 277 1120 327 Latini:
1169 288 1404 326 mortuus
1437 280 1631 330 Sirmii.
1678 279 1924 332 Error‘in
1960 299 2018 332 eo
2055 281 2168 345 fuit,

340 351 477 414 quod
502 351 771 399 Aureliano
799 349 1092 416 praeteritO,
1128 366 1157 397 a
1181 350 1405 413 Claudii,
1442 351 1505 400 ad
1535 350 1791 401 Aureliani
1819 353 2008 419 pariter
2037 370 2171 407 mor-

338 428 440 469 tem
462 421 768 470 transilierit.

472 493 561 541 'Ev
589 491 783 542 Νικαία
803 494 904 542 τῶν
926 489 1215 542 Βιθννων’
1198 489 1290 556 ε’τη
1306 508 1385 556 τιη
1387 486 1438 555 ’.]
1476 490 1694 539 Miscella
1718 508 1871 558 prave
1893 497 2014 549 317.

464 559 603 613 ’Έτει
630 557 734 615 σπε’
741 561 783 626 .]
811 564 1071 626 Perperam
1096 562 1305 610 Contius
1329 562 1450 615 385.
1480 561 1567 625 qui
1586 562 1731 627 lapsu
1760 564 1982 613 foediore
2013 582 2172 632 repo-

337 632 559 681 nendum
586 632 706 686 351.
739 633 1014 682 contendit.
1087 633 1159 680 De
1187 632 1396 698 singulis
1425 633 1655 698 Imperat.
1689 635 1932 683 aetatibus
1965 636 2171 701 legenda

312 703 314 705 ’
339 703 425 752 hic
452 702 646 751 erudita
673 703 778 751 eius
808 702 1101 752 observatio.

480 774 593 836 Pag.
631 774 749 828 402.
782 769 864 825 'Ev
886 769 1156 844 Ἀντιοχεία
1183 770 1239 824 δὲ
1271 768 1670 841 Κωνστοέντιον]
1707 773 1843 825 Haec
1867 794 1896 825 a
1922 777 2170 844 Scaligero

337 851 603 916 expuncta.

484 908 644 975 Οὗτος
664 914 898 981 ἐποίησεν
922 913 1164 975 υπατείας
1188 910 1321 981 δύο]
1360 913 1529 965 Anast.
1554 915 1674 979 Reg.
1702 914 1881 968 decem.

468 981 865 1072 Ἐβασίλευσαν’
848 986 930 1052 ἐτη
951 981 1025 1037 κδ’
1029 985 1063 1050 .]
1101 987 1262 1034 Idem.
1301 988 1490 1051 viginti
1510 1003 1698 1036 novem.

466 1050 745 1143 Ἰουβιανος
773 1061 958 1143 μῆνας
959 1052 1011 1106 θ’
1018 1057 1052 1122 .]
1092 1058 1325 1105 Contius:
1367 1066 1491 1107 octo.

466 1121 552 1177 'Ev
575 1130 840 1198 Κυνηγείῳ
862 1124 963 1179 υπὸ
981 1122 1287 1195 Ἀγαρηνων
1292 1127 1311 1193 ]
1350 1128 1556 1193 Repono
1574 1121 1868 1193 Ἀρειανωντ
1909 1129 1970 1178 de
1987 1129 2170 1195 quibus

334 1196 490 1246 codd.
518 1198 684 1246 Latini
705 1206 967 1247 testantur.
1003 1198 1276 1263 Cynegium
1300 1206 1465 1246 autem
1490 1198 1795 1263 interpretor
1821 1197 2039 1262 Circum,
2072 1219 2170 1266 quo

332 1268 559 1316 ludic1ae
582 1270 870 1318 venationes
892 1278 940 1318 et
965 1286 1079 1316 cum
1104 1270 1272 1317 bestiis
1298 1286 1495 1334 pugnae
1531 1269 1903 1319 exercebantur.
1939 1271 2169 1324 Anastas.

333 1341 450 1403 Reg.
474 1338 550 1386 ad
565 1343 911 1388 venationem:
947 1340 1198 1402 Miscella,
1235 1342 1291 1386 in
1315 1342 1591 1388 venatione.

458 1407 586 1476 ’Έτη
610 1406 689 1470 ις’.
717 1412 803 1462 καὶ
823 1431 918 1478 ny.
892 1407 942 1477 '.]
971 1410 1189 1475 Scaliger
1209 1405 1300 1476 ‘W'-
1326 1411 1428 1459 hoc
1455 1419 1551 1472 est,
1588 1413 1755 1476 μῆνας
1779 1415 1923 1477 τρεῖς.
1960 1413 2169 1478 Repono

333 1479 422 1533 mc.
454 1477 514 1547 γ’.
546 1481 643 1530 hoc
671 1490 746 1531 est
770 1479 960 1542 ’ὕπατος
987 1483 1167 1549 τρίτον.
1201 1482 1423 1531 Miscella
1453 1490 1503 1532 et
1533 1481 1740 1530 Contius
1777 1483 1935 1532 clar:e
1977 1481 2173 1534 Consul

335 1556 385 1606 3.
422 1552 664 1602 scribunt.

477 1619 747 1684 Θεοδόσιος
772 1621 802 1675 ὅ
831 1621 949 1710 νέος·ἱ
965 1621 1048 1688 ἐτη
1073 1617 1172 1687 μβ’
1196 1621 1281 1673 καὶ
1306 1625 1471 1689 μῆνας
1501 1642 1532 1681 ς
1528 1618 1577 1687 ’.]
1617 1622 1846 1677 Anastas.
1882 1626 2000 1691 Reg.
2024 1624 2167 1681 daos.

478 1689 937 1753 Οὕαλεντινιανός
921 1693 1002 1757 ἐτη
1030 1690 1115 1744 κθ’
1119 1692 1151 1758 .]
1188 1694 1411 1742 Miscella
1433 1702 1482 1742 et
1504 1695 1710 1743 Contius
1737 1696 1823 1751 25.

471 1758 831 1823 'Ava6w6t09'
816 1764 898 1829 ε’τη
923 1763 997 1824 κζ’
994 1763 1027 1828 ,]
1067 1765 1282 1828 Scaliger
1305 1773 1540 1830 corrupte
1565 1760 1656 1824 κς’.

471 1828 784 1894 Ἰουστῖνος”
758 1855 783 1885 ο
807 1832 986 1903 Θρᾷξ]
1031 1833 1073 1882 A
1098 1835 1345 1898 Scaligero
1370 1844 1671 1899 expunctus.
2095 1881 2099 1885 ,

296 1971 298 1974 ¹
469 1899 783 1964 Ἰουστῐνοςὸ
807 1927 851 1954 α.
877 1906 914 1953 Ι.
942 1905 1023 1970 ε’τη
1051 1901 1132 1971 ιβ’.
1156 1909 1319 1971 μῆνας
1349 1925 1400 1956 ια
1401 1903 1453 1971 ’.]
1490 1907 1660 1954 Anast.
1697 1907 1814 1972 Reg
1855 1926 2043 1959 menses
2082 1916 2164 1967 10.

329 1971 577 2038 Mlseella‚
597 1990 802 2023 menses
829 1982 877 2029 2.

470 2047 585 2111 Pag-
621 2047 744 2100 403.
785 2050 1166 2106 Κωνσταντῖνος
1190 2044 1221 2097 ὁ
1245 2043 1360 2107 υἷος
1386 2041 1548 2099 αὐτοῦ
1573 2047 1657 2115 ἐτη
1680 2043 1796 2116 κη]
1835 2048 2006 2103 Anast.
2042 2053 2164 2118 Reg.

329 2132 414 2166 an.
451 2122 536 2171 29.

469 2183 716 2247 Λεόντιος
743 2185 824 2253 ἔτη
852 2207 869 2237 ι
869 2180 920 2251 ’.]
962 2186 1167 2235 Codices
1191 2187 1382 2250 Latini,
1420 2205 1505 2238 an.
1530 2192 1581 2243 3.

466 2254 743 2326 Ἀψίμαρος
767 2253 907 2323 ἔπηξ’
911 2257 943 2322 .]
984 2258 1190 2305 Contius
1217 2276 1301 2306 an.
1336 2262 1383 2311 8

473 2331 726 2390 Φίλιππος
747 2328 834 2380 καὶ
860 2325 1179 2396 Βαρδάνιος]
1215 2331 1423 2395 Repono
1456 2346 1519 2377 ex
1546 2328 1736 2379 Latinis
1776 2328 2094 2396 Φιλιππικός,

329 2398 415 2451 και
442 2405 516 2451 Βα

469 2420 823 2534 Ἀἳιαστασιοςῇ
856 2468 900 2517 Α
926 2469 1173 2533 Scaligero
1203 2470 1518 2534 praetelitus.

470 2546 851 2600 Κωνσταντῖνος
868 2539 899 2590 ὅ
924 2537 1031 2600 υἵὸς
1055 2535 1247 2605 αὐτοῦ]
1285 2541 1435 2588 Hunc
1462 2557 1672 2606 quoque,
1704 2541 1791 2605 qui
1815 2542 2161 2608 copronymus

331 2620 433 2674 est,
471 2630 499 2658 a
522 2612 768 2675 Scaligero
798 2628 909 2658 cum
929 2612 1089 2659 Leone
1110 2611 1417 2660 Chazarenae
1440 2612 1545 2659 filio
1565 2613 1965 2676 praetermissum
1991 2615 2161 2663 miror.

294 2738 296 2743 .
328 2682 554 2731 Eundem
590 2683 1106 2746 AnastaS.Reg.110n
1148 2683 1399 2748 exprimit.
1449 2683 1652 2732 Contius
1691 2699 1754 2732 ex
1788 2682 2023 2732 historiae
2060 2685 2161 2735 fide

331 2752 607 2819 supplevit.
644 2752 792 2800 habet
815 2760 980 2800 tamen
1002 2753 1234 2802 Miscella.

473 2824 892 2883 Κωνστανπῐνος’
877 2823 958 2889 ε’τη
979 2818 1034 2882 ς.
1057 2827 1221 2908 μῆνας
1242 2818 1297 2873 θ’
1299 2821 1339 2890 .]
1376 2822 1602 2872 Anastas.
1635 2824 1750 2887 Reg.
1777 2840 1962 2870 mense-s·
1991 2824 2041 2877 4.

470 2889 671 2957 Εἰρήνη
712 2894 794 2958 ε’τη
824 2890 871 2944 ε’.
913 2898 1078 2960 μῆνας
1114 2890 1174 2961 β’.
1211 2892 1401 2961 ἡμέρας
1426 2890 1471 2960 β’
1476 2894 1510 2959 .]
1555 2895 1665 2941 Dies
1692 2912 1796 2942 non
1826 2894 1994 2942 reddit
2029 2898 2160 2944 Sca-

328 2964 468 3029 liger.
506 2965 699 3028 Septem
719 2964 879 3027 signat
901 2967 1124 3015 Anastas.
1149 2967 1264 3029 Reg.
1289 2966 1496 3013 Contius
1524 2971 1575 3018 2.
1604 2965 1822 3013 Miscella
1850 2965 2074 3015 totidem.

471 3029 786 3100 Σταυράκιος
818 3039 981 3099 μῆνας
1004 3032 1049 3101 β’
1052 3036 1091 3100 .]
1131 3036 1298 3084 Anast.
1327 3037 1443 3099 Reg.
1469 3053 1622 3086 mens.
1648 3037 1695 3087 8.

298 3134 300 3138 Α
473 3101 682 3170 Μιχαὴλ
718 3101 864 3164 ἄλλος
901 3109 1065 3170 μῆνας
1097 3101 1190 3170 θ’]
1241 3106 1416 3158 Anast.
1458 3107 1575 3169 Reg.
1615 3121 1719 3153 non
1757 3105 1906 3155 habet
1948 3121 2156 3156 menses.

330 3174 553 3225 Miscella
581 3182 629 3223 et
653 3174 858 3223 Contius
885 3175 1102 3238 addunt,
1142 3175 1248 3224 dies
1275 3179 1323 3227 9.

474 3241 757 3309 &semel-09⁷
741 3244 821 3310 ε’τη
851 3240 933 3310 ιβ.
960 3249 1123 3328 μῆνας
1145 3243 1202 3312 γ’.
1225 3244 1411 3312 ἡμέρας
1440 3264 1469 3293 κ
1470 3239 1522 3310 ’.]
1563 3245 1766 3293 Contius
1793 3244 1900 3293 dies·
1924 3251 2005 3302 10.

170 3313 225 3357 V·
246 3314 303 3357 8⁰
474 3311 712 3380 Θεοδώρα
747 3315 829 3396 ἔτη
870 3310 947 3366 ιδ’.
990 3335 1039 3381 μ.
1077 3309 1137 3366 α’.
1174 3315 1364 3385 ἡμέρας
1395 3310 1474 3383 κβ’
1477 3311 1517 3381 .]
1571 3315 1737 3366 Anast.
1770 3318 1888 3382 Reg.
1930 3318 2036 3366 dies·
2068 3322 2153 3373 21.

330 3376 550 3438 Miscella
574 3395 622 3434 et
649 3386 854 3434 Contius
880 3386 964 3439 25.

472 3459 742 3518 Βασίλειος
745 3455 836 3525 ]In
848 3456 1000 3507 codd.
1017 3453 1206 3506 Latinis
1222 3471 1325 3504 non
1342 3464 1501 3506 extat·
1528 3474 1620 3509 nec
1634 3457 1847 3507 Michael
1861 3458 2085 3525 superior
2099 3457 2153 3505 in
