2112 3854
388 284 391 285 ⁷
469 223 1034 282 CHRONOGRAPH.
1071 224 1332 278 CANON.
1632 220 1635 224 ⁴
1709 212 1832 269 219

1055 379 1059 383 ·
1111 358 1240 405 Reges
1261 355 1378 396 Inda.
1578 354 1842 402 olympiadae.

1061 845 1128 895 27
1369 838 1438 890 30
1713 830 1747 880 4

1576 917 1770 965 Olympias
1797 916 1853 952 25.

1061 998 1129 1048 28
1375 994 1438 1043 31
1719 989 1746 1037 1

1065 1210 1134 1260 29
1375 1206 1445 1257 32
1720 1171 1755 1247 2

1068 1281 1137 1331 30
1378 1277 1446 1326 33
1720 1270 1753 1317 3

1069 1353 1134 1404 31
1380 1346 1448 1397 34
1723 1340 1758 1389 4

1587 1551 1784 1600 Olympias
1812 1551 1867 1594 26,

1074 1707 1144 1756 32
1184 1671 1189 1674 ⁴
1388 1697 1454 1747 35
1731 1694 1758 1743 1

1076 1778 1142 1826 33
1388 1769 1457 1819 36
1737 1765 1771 1813 2

1078 1846 1147 1896 34
1390 1840 1456 1889 37
1737 1836 1770 1884 3

1079 1916 1147 1969 35
1388 1910 1456 1959 38
1738 1905 1774 1955 4

1601 1992 1797 2040 Olympias
1822 1991 1878 2027 27.

1084 2072 1151 2124 36
1396 2064 1462 2114 39
1745 2064 1773 2112 1

1096 2393 1162 2443 37
1404 2388 1472 2439 40
1752 2387 1787 2436 2

1096 2463 1164 2514 38
1404 2460 1469 2509 41
1751 2459 1785 2507 3

1097 2534 1164 2584 39
1407 2530 1476 2580 42
1751 2527 1787 2577 4

1615 2613 1808 2660 Oiympias
1835 2610 1893 2646 28.

1099 2686 1167 2739 40
1410 2685 1479 2736 43
1757 2683 1786 2731 1

1100 2761 1164 2810 41
1411 2757 1482 2806 44
1756 2754 1792 2802 2

1106 2831 1176 2880 42
1415 2825 1486 2877 45
1758 2824 1792 2873 3

1107 2900 1176 2950 43
1415 2898 1484 2948 46
1757 2893 1795 2943 4

20 3038 23 3044 ,
85 2988 182 3036 cim
202 2985 488 3035 nullatenus
521 2983 835 3049 reperiantur
867 2978 1105 3050 (quinque
1130 2980 1310 3028 etenim
1339 2979 1548 3045 spatium
1577 2992 1746 3026 cernes
1768 2975 1897 3023 infe-

84 3058 188 3107 rius
225 3051 575 3123 desideratum)
606 3053 726 3100 totis
757 3061 944 3118 septem
971 3051 1110 3099 annis
1145 3049 1420 3099 Authorem
1452 3050 1699 3097 aberrasse
1739 3045 1900 3111 profi-

86 3126 291 3174 tendum
319 3132 418 3186 est,
455 3133 504 3174 et
527 3123 786 3172 Medorum
817 3123 1056 3188 cuipiam,
1092 3138 1303 3185 quorum
1330 3120 1591 3185 imperium
1627 3134 1775 3182 supra
1797 3117 1900 3163 Eu-

89 3196 274 3245 sebium
308 3195 589 3257 longissime
631 3193 915 3259 protendit,
967 3193 1112 3240 etiam
1151 3209 1212 3239 ex
1251 3191 1466 3257 propriis
1507 3189 1712 3237 calculis
1746 3203 1899 3233 annos

91 3265 337 3314 indebitos
364 3265 611 3314 adiecisse.
685 3263 848 3324 Quare
879 3280 993 3311 cum
1023 3262 1249 3327 Astyagis
1272 3265 1357 3315 38.
1385 3261 1570 3325 ubique
1596 3256 1903 3306 constantis-

95 3337 215 3385 sime
243 3341 454 3396 asserat,
495 3335 731 3400 Cyaxaris
766 3350 962 3398 quoque
1001 3333 1100 3380 duo
1146 3341 1193 3380 et
1227 3332 1431 3396 triginta
1469 3331 1604 3396 apud
1636 3326 1901 3376 Eusebium

97 3413 318 3454 extantes
353 3403 437 3451 hic
460 3422 659 3470 quoque
694 3404 896 3452 retineri
925 3403 1194 3465 desideret3
1234 3419 1295 3450 ex
1316 3401 1607 3467 Aphraartis
1635 3397 1775 3444 cuius
1804 3397 1903 3443 Eu-

98 3476 259 3525 sebius
310 3474 440 3522 solos
485 3477 566 3528 24.
603 3482 831 3523 numerat
868 3490 1045 3534 annos,
1095 3475 1136 3520 si
1175 3481 1357 3538 septem
1402 3470 1594 3519 detrahi
1626 3467 1900 3533 permittas,

100 3545 334 3594 Author-is
364 3561 615 3594 excessum
637 3544 699 3592 ad
730 3544 962 3610 proprios
984 3543 1164 3592 limites
1193 3543 1412 3592 invenies
1436 3547 1733 3591 revocatum.
