2222 3938
621 199 720 252 ET
755 196 1342 255 ANNOTATIONES.
1775 184 1901 247 445

88 338 187 393 est,
225 329 360 395 quod
394 328 645 394 pauciores
686 345 835 393 quam
871 330 1098 395 plerique
1135 329 1365 378 authores
1399 332 1655 392 agnoscat:
1705 325 1767 374 de
1801 341 1903 390 quo

91 400 332 465 Georgius
366 399 497 447 infra
535 417 582 462 p.
621 402 735 452 168.

229 465 516 529 Πολύαινος
534 464 844 534 Ἀθηναῖος]
872 469 999 518 Vide
1025 487 1085 517 ne
1108 469 1245 517 hunc
1267 468 1611 517 Atheniensem
1637 482 1747 513 cum
1775 465 1908 513 eius-

90 541 200 589 dem
226 539 440 588 nominis
468 540 733 588 Macedone
762 540 1048 587 confuderis
1066 577 1079 601 ,
1118 542 1179 588 de
1207 557 1303 604 quo
1330 539 1503 587 Suidas
1519 577 1533 602 ‚
1570 544 1617 584 et
1642 553 1703 584 ex
1729 553 1784 583 eo
1811 536 1909 583 Ca-

89 613 355 661 seubonus.
425 612 698 672 Utrumque
733 612 885 658 refert
925 611 1147 658 Vossius:
1198 627 1256 658 ac
1288 611 1348 657 de
1385 610 1481 657 isto
1516 606 1802 657 Atheniensi
1837 607 1910 653 nil

88 690 284 748 praeter
325 698 518 731 nomen.
591 680 725 728 Haec
755 681 858 728 eius
890 681 1023 728 dicta
1051 682 1180 745 leges
1206 681 1259 727 in
1286 680 1531 728 Chronico
1567 677 1809 727 Alexand.
1847 676 1910 724 ad

91 752 440 818 Olympiadem
478 757 562 805 60.

233 817 517 883 Ζεύξιππος
543 821 624 885 ἔτη
649 816 724 885 λ’.]
766 821 864 881 Qui
894 822 1048 868 latens
1077 819 1330 884 hucusque
1357 821 1457 870 MS.
1497 837 1634 868 error
1668 817 1722 864 in
1749 817 1909 864 lucem

92 893 322 958 erumpit.
398 892 746 956 Sicyoniorum
784 908 953 954 regum
980 899 1028 938 et
1051 892 1369 943 Sacerdotum
1407 908 1646 938 summam
1671 887 1754 935 hic
1780 887 1910 934 scri-

90 972 225 1029 ptam
251 963 392 1010 annis
416 963 677 1010 duodecim
704 962 898 1026 privata
925 962 1231 1024 singulorum
1257 970 1481 1025 tempora
1516 965 1765 1025 superant.
1813 957 1911 1004 Er—

91 1034 220 1082 roris
245 1035 408 1081 sedem
429 1033 669 1081 Eusebius
697 1051 723 1078 a
748 1032 960 1095 Georgio
986 1032 1203 1079 numeris
1238 1032 1464 1079 diversus
1495 1039 1631 1078 certo
1667 1043 1912 1091 nusquam

91 1105 501 1153 demonstraverit
520 1141 534 1165 ,
573 1120 634 1150 ex
655 1103 912 1166 utriusque
945 1102 1064 1149 lieet
1090 1102 1288 1165 scriptis
1318 1103 1381 1149 ad
1405 1101 1619 1149 invicem
1651 1115 1913 1162 compara-

89 1175 154 1223 tis
177 1174 546 1235 emendationiS,
586 1191 729 1237 quam
756 1172 1142 1235 Chronologicae
1165 1172 1359 1221 tabulae
1384 1172 1615 1233 offerunt,
1654 1169 1913 1232 desumpta

89 1245 156 1293 sit
190 1246 449 1294 coniectio.
522 1244 773 1291 Librarius
804 1244 910 1308 ipse
948 1259 1049 1290 non
1089 1243 1314 1306 ignorato
1344 1243 1670 1307 paralogismo
1699 1239 1914 1287 eiusdem

91 1316 213 1380 styli
243 1315 409 1362 officio
445 1314 644 1378 scripsit
676 1315 727 1360 in
758 1314 984 1376 margine.
1057 1307 1339 1377 οἷσύμφωνά
1368 1313 1467 1363 ἔστι
1492 1309 1551 1362 τοὶ
1585 1311 1666 1375 ἔτη
1693 1312 1791 1359 τῶν
1819 1312 1914 1357 Σι-

90 1386 324 1436 κυωνίων
359 1383 602 1450 βασιλέων
650 1380 769 1449 πρὸς
802 1380 894 1448 τήν
929 1384 1250 1446 στοιχείωσιν.
1303 1377 1383 1448 ιβ’.
1431 1379 1526 1449 γὰρ
1561 1382 1685 1432 ἐτῶν
1730 1373 1914 1445 ’ὑπερή-

89 1475 211 1507 κοντ
247 1492 259 1503 .
297 1491 309 1502 .
346 1491 358 1501 .
398 1449 733 1521 (ὖπερήκοντά
758 1453 887 1511 ἐστι,
924 1453 1006 1500 vel
1043 1452 1162 1499 alias
1196 1450 1509 1519 ὖπερβαίνει)
1546 1455 1637 1517 τῆς
1671 1445 1915 1514 στοιχειώ-

94 1543 229 1585 σεως.
284 1528 430 1575 τοῦτο
469 1523 522 1573 δὲ
560 1520 696 1588 οἶμαι
744 1519 948 1586 σφάλμα
988 1515 1054 1587 ἧν
1091 1523 1145 1572 ἐκ
1184 1526 1284 1572 τῶν
1322 1518 1690 1589 καλλιγροὲφων.
1778 1521 1919 1578 Quae

92 1614 247 1663 porro
269 1595 483 1659 Scaliger
503 1611 610 1659 pag.
638 1601 803 1641 textus
835 1598 918 1646 26.
947 1609 1010 1640 ex
1029 1591 1107 1639 his
1131 1593 1386 1656 immutat,
1422 1592 1759 1641 manifestiora
1784 1597 1916 1652 sunt,

95 1684 241 1732 quam
268 1682 392 1730 quae
415 1672 729 1712 annotentur.

231 1737 344 1799 Pag.
384 1736 499 1789 152.
538 1731 811 1801 Διήρκεσεν
842 1731 923 1798 ἔτη
954 1729 1118 1798 Ῡῦξζῖ]
1155 1733 1544 1798 Interpolantem
1579 1749 1656 1780 me
1689 1747 1773 1779 sua
1801 1738 1913 1778 tue·
1939 1727 1993 1771 P·
2021 1723 2080 1770 44

92 1816 177 1854 ‘tur
200 1806 499 1854 authoritate
524 1806 761 1868 Georgius
791 1804 1008 1851 scribens
1039 1820 1147 1868 pag.
1174 1809 1256 1857 97.
1289 1805 1343 1851 Β.
1380 1801 1416 1868 ἦ
1442 1803 1739 1853 Σικυωνίων
1775 1802 1922 1867 βασι-

95 1879 203 1928 λεία
229 1875 412 1944 ἤρξατο
455 1872 557 1927 aiud
596 1872 795 1942 πρώτου
822 1873 1061 1940 βασιλέως
1087 1873 1362 1940 Αἰγιαλέως
1390 1873 1480 1933 ἕως
1504 1868 1591 1931 κς’.
1631 1872 1919 1933 Ζευξίππου

98 1947 179 1998 ἐπὶ
205 1947 286 2013 ἔτη
319 1945 614 2014 ὃιαρκέσασα
653 1941 787 2006 ἣξζῖ
828 1946 1049 1993 eundem.
1072 1961 1335 1992 numerum
1363 1945 1538 1991 scribit
1559 1943 1776 2006 Scaliger
1811 1959 1923 2008 pag.

97 2019 245 2066 citata
286 2015 418 2083 (nam
451 2025 499 2065 et
524 2016 713 2079 singula
737 2032 907 2079 regum
933 2025 1154 2080 tempora
1180 2023 1332 2080 prout
1353 2014 1501 2062 habet
1539 2014 1779 2077 Georgius
1803 2012 1925 2061 red-

97 2088 193 2154 dit)
230 2088 468 2136 Eusebius
493 2096 656 2135 tamen
692 2094 751 2134 ut
783 2086 978 2150 privata
1005 2103 1173 2150 regum
1201 2095 1422 2150 tempora
1449 2084 1808 2145 diversimode,
1849 2083 1923 2130 ita

99 2176 339 2206 summam
373 2175 436 2205 ex
471 2158 532 2205 iis
575 2158 834 2204 collectam
859 2157 1095 2204 subducit
1126 2160 1265 2203 annis
1301 2156 1520 2221 quinque
1547 2155 1787 2202 minorem
1799 2171 1814 2217 3
1863 2169 1922 2200 ac

97 2229 168 2277 ita
195 2228 459 2291 Georgium
483 2245 585 2274 non
609 2227 876 2274 Eusebium
902 2227 1120 2274 restituit
1152 2227 1381 2288 Scaliger.

244 2294 510 2364 Κρότωπος
545 2297 626 2361 ἔτη
661 2292 772 2359 κδ’.]
826 2297 1191 2344 Correctionem
1221 2292 1363 2365 Ιδκθᾍ
1396 2295 1506 2343 vice
1540 2288 1673 2364 ‘6117st
1712 2292 1923 2357 Triopae

98 2373 182 2424 36.
210 2370 326 2416 anni
363 2387 392 2417 a
423 2367 602 2416 mundi
631 2369 787 2420 3993.
824 2366 1120 2432 incipientes
1153 2375 1201 2414 et
1221 2368 1278 2414 in
1298 2369 1451 2420 4029.
1491 2365 1767 2413 desinentes
1790 2380 1920 2428 pro·-

98 2441 236 2488 bant.

236 2504 469 2576 Ἀργείων
503 2500 570 2557 θ’.
613 2505 968 2572 ἐβασίλευσεν]
1029 2507 1205 2555 Totam
1237 2505 1367 2554 hanc
1403 2503 1690 2571 periocham
1726 2502 1782 2550 in
1818 2501 1921 2552 MS.

101 2579 423 2628 desideratam
450 2577 778 2642 supplendam
809 2577 981 2625 censui
1008 2594 1068 2624 ex
1093 2577 1256 2626 verbis
1284 2575 1620 2641 sequentibus).
1691 2572 1818 2637 φασί
1851 2591 1923 2623 τι·

99 2669 184 2711 νες
209 2646 284 2701 ’ὅτι
318 2645 439 2714 μετά
469 2646 738 2698 Σθένελον.
777 2655 827 2694 et
855 2664 918 2695 ex
943 2665 1149 2695 numero
1181 2643 1316 2715 ‘dvyst
1363 2645 1568 2710 Crotopi
1601 2644 1748 2691 aetati
1776 2659 1922 2691 men-

102 2722 220 2769 dose
261 2719 457 2780 addito,
510 2717 648 2782 quasi
682 2718 786 2765 eius
824 2717 1025 2766 initium
1058 2726 1179 2766 esset
1191 2755 1205 2779 ‚
1244 2717 1329 2780 qui
1372 2716 1486 2764 finis
1527 2723 1632 2776 est,
1687 2722 1734 2761 et
1771 2713 1919 2761 huius

103 2791 324 2839 Stheneli
355 2790 546 2855 primus
582 2805 769 2851 annus,
807 2796 856 2836 et
885 2789 986 2837 eius
1023 2789 1169 2836 aetati
1205 2787 1574 2851 conquadrans:
1612 2784 1790 2832 exinde
1828 2800 1922 2831 un-

103 2862 263 2911 decim
289 2860 407 2907 anni
436 2859 666 2908 Sthenelo
694 2859 849 2906 eidem
879 2875 940 2907 ex
967 2858 1167 2907 Eusebii
1191 2859 1352 2906 Latini
1373 2857 1673 2906 authoritate
1694 2852 1923 2903 attributi

104 2932 338 2980 desinunt
374 2930 429 2978 in
460 2930 616 2978 Danai
656 2929 907 2995 primum,
945 2937 994 2979 et
1020 2928 1198 2977 mundi
1224 2929 1377 2983 4064.
1415 2930 1478 2978 de
1512 2943 1611 2993 quo
1647 2942 1760 2993 pag.
1804 2923 1921 2979 155.

241 3067 312 3120 Ἰώ
337 3069 575 3139 δευτέρω]
611 3071 721 3119 Una
745 3069 1052 3133 Promethei,
1093 3071 1245 3118 altera
1271 3067 1444 3117 Inachi
1468 3067 1571 3116 filia
1602 3074 1677 3115 est
1700 3066 1769 3114 10.

230 3139 466 3205 ’Έπαφος
499 3141 714 3208 Μέμφιν
738 3141 959 3207 ἔκτισεν]
996 3141 1234 3189 Eusebius
1257 3141 1319 3187 ad
1346 3156 1530 3187 annum
1556 3136 1777 3187 Abrahae
1803 3136 1922 3187 279.

106 3211 355 3276 Memphis·
380 3213 434 3258 in
457 3211 684 3276 Aegypto
712 3213 777 3259 ab
798 3213 908 3277 Apa·
940 3211 1162 3262 condita.
1235 3210 1315 3258 Ad
1343 3227 1497 3258 annos
1532 3209 1651 3273 Apis
1687 3204 1923 3269 appendit

71 3292 74 3294 ’
105 3282 302 3331 Author
337 3282 523 3346 pariter
562 3283 648 3335 fol.
691 3284 810 3336 149.
842 3284 896 3330 Β.
969 3282 1183 3348 Μέμφις
1216 3281 1268 3333 ἐν
1297 3276 1537 3349 Αἰγύπτῳ
1563 3273 1684 3328 κατοῖ
1715 3270 1923 3333 τούτους

108 3353 312 3415 ἐκτίσθη
334 3348 449 3411 τοῦς
474 3347 691 3418 χρόνους.
764 3352 1001 3400 Eusebius
1023 3352 1204 3401 iterum
1230 3351 1294 3399 ad
1320 3368 1504 3399 annum
1545 3344 1767 3396 Abrahae
1802 3344 1923 3396 524.

109 3423 358 3486 Epaphus
391 3422 545 3486 filius
589 3423 642 3469 Io
684 3432 731 3470 et
772 3424 909 3472 Iovis
952 3423 1226 3487 Memphim
1265 3421 1494 3469 condidit
1541 3434 1655 3463 cum
1692 3415 1921 3478 Aegypto

110 3491 358 3540 secundae
384 3501 625 3557 regnaret.
691 3493 924 3560 Idemque
950 3494 1087 3559 quod
1105 3492 1194 3542 hic
1224 3487 1664 3552 AuthorOEmqoos
1686 3480 1810 3546 ’10139
1831 3487 1921 3552 τῆς
