2112 3854
260 171 341 229 62
1047 173 1273 230 GOARI

264 307 488 358 Abrahae
525 326 550 356 a
584 308 722 357 Noeo
751 305 944 355 diluvio
979 305 1186 355 maiores
1211 307 1268 354 in
1301 305 1502 355 Eusebii
1539 306 1670 356 libro
1699 306 1944 371 secunde,
1988 309 2083 374 ‘qui

266 378 542 428 Chronicus
589 379 787 439 Canon,
836 377 1104 425 desiderari
1155 378 1424 427 assentior:
1474 377 1694 425 omiserit
1727 378 1850 427 haec
1894 379 2081 427 Hiero-

264 468 445 515 nymus
492 449 839 514 interpretari,
905 448 991 496 vel
1035 455 1315 513 temporum
1361 448 1724 496 calamitatibus
1785 448 2077 512 exciderint,

262 529 397 569 totus
436 520 616 569 exinde
650 518 800 583 periit
823 555 836 578 ,
883 518 966 566 vel
1007 516 1190 583 potiori
1234 519 1567 566 membrorum
1608 519 1805 566 cumulo
1853 520 2082 567 mulcta-

262 600 345 640 tus
392 589 669 639 Eusebius?
717 587 1015 637 Ridiculum.
1101 589 1319 636 Cedreno
1366 605 1564 653 quoque
1610 588 1848 654 Synopsis
1894 590 2084 637 adscri-

257 670 370 727 pta,
410 660 618 709 Cedreni
638 697 651 722 ,
691 659 888 724 qualem
914 659 1173 722 habemus,
1210 660 1368 707 foetus
1393 667 1467 707 est
1490 676 1770 723 germanus:
1807 675 1901 707 nec
1928 677 2078 725 prae-

258 740 337 779 ter
361 731 607 779 Historiae
646 731 897 795 Synopsin
924 730 1232 778 Historicum
1265 730 1503 779 volumen
1529 730 1776 794 ingentius
1801 730 2078 779 Cedrenum

257 802 504 867 peperisse
526 801 728 865 antiqua
754 801 960 849 Cedreni
981 800 1278 866 exemplaria
1295 837 1309 863 ,
1343 801 1425 850 vel
1447 801 1753 849 diversorum
1781 817 1808 846 a
1831 801 2081 864 Scaligero¹

259 872 534 920 somniante
567 880 823 920 auctorum
850 871 1132 919 testimonia
1155 872 1318 936 palam
1346 871 1659 935 eloquuntur.
1733 871 1931 934 Georgii
1958 880 2080 919 tan-⁴

260 943 370 990 dem
394 943 554 991 nostri
578 960 718 1008 opUS,
746 939 939 1008 ἐκλογή,
966 943 1140 991 ordine
1162 942 1224 989 ad
1244 943 1547 990 narrandum
1571 942 1942 989 accommodato
1965 957 2078 992 συν-

259 1018 458 1080 ταγεῖσα
495 1021 661 1078 potest
693 1013 962 1060 etiamnum
989 1012 1238 1094 conspici:
1276 1012 1397 1077 quid
1430 1013 1571 1060 fictas
1612 1012 1768 1059 aliena
1800 1012 2081 1076 ign01antia

256 1079 569 1150 παρεκβολας
612 1092 867 1148 surrogat,
919 1091 967 1132 et
1003 1084 1175 1132 invitis
1216 1083 1476 1130 obtrudit?
1534 1084 1599 1130 At
1631 1080 1939 1150 παρεκβολοῖς
1977 1077 2079 1134 01πὸ

259 1155 506 1222 Γεωργίου
526 1174 615 1205 του
637 1154 917 1221 Συγκέλλου
938 1154 1086 1203 verba
1110 1162 1223 1200 ante
1241 1154 1421 1200 lemma
1447 1155 1609 1217 operis
1631 1162 1863 1218 concepta
1887 1161 2080 1202 testan—

255 1232 371 1285 tur,
410 1225 576 1288 inquit
600 1222 665 1288 1⁹)
683 1243 697 1272 :
735 1225 901 1272 eadem
926 1225 1033 1290 ipse
1057 1224 1244 1288 pariter
1275 1225 1407 1287 lego:
1442 1240 1618 1272 verum
1645 1224 1832 1271 calamo
1863 1241 1891 1270 a
1920 1225 2077 1273 libra·-

254 1295 316 1343 rii
348 1312 497 1342 manu
522 1311 670 1358 quam
701 1295 930 1355 diverso3
981 1294 1100 1342 rudi
1137 1293 1371 1341 nimirum
1393 1311 1544 1340 manu
1577 1301 1625 1341 et
1662 1293 1865 1357 agresti,
1903 1311 2080 1343 recen-

180 1380 183 1385 ’
252 1365 443 1413 tissimo
486 1364 792 1424 characteie,
843 1364 929 1428 qui
970 1381 1075 1411 11011
1121 1363 1380 1412 scribentis
1425 1364 1725 1429 impelitiam
1770 1364 1943 1428 modo,
1993 1365 2079 1413 sed

188 1496 191 1499 .
254 1444 304 1484 et
343 1435 608 1483 iudicantis
647 1442 820 1497 arguat
856 1434 1121 1482 inscitiam.
1191 1434 1376 1482 Eadem
1410 1434 1613 1499 insuper
1651 1452 1678 1481 a
1708 1434 1925 1483 subiecto
1952 1436 2079 1484 lem-

254 1514 384 1554 mate
409 1522 519 1553 cum
546 1505 648 1553 sint
669 1505 945 1566 disiuncta,
983 1506 1042 1553 ab
1081 1520 1230 1569 opere
1254 1513 1359 1552 toto
1386 1505 1544 1552 aliena
1569 1523 1619 1553 se
1643 1505 1969 1570 profitentur:
2003 1506 2079 1555 vi..

255 1577 447 1624 ciniora
477 1577 633 1624 multo
662 1584 711 1623 et
749 1575 1095 1623 coniunctiora
1134 1575 1187 1622 in
1217 1576 1419 1623 modum
1448 1575 1585 1623 hunc
1620 1584 1732 1624 ante
1761 1593 1885 1641 opus
1912 1572 2079 1641 ipsum

255 1664 380 1712 exp1
384 1664 510 1695 essa
551 1647 801 1713 Γεωργίου
824 1650 1074 1711 Μοναχου
1093 1665 1298 1713 χρονικη
1325 1647 1515 1711 ἱστορία
1535 1641 1780 1712 ἀρχομένη
1804 1643 1904 1698 ἀπὸ
1924 1642 2079 1713 Ἀὃαμ

253 1718 337 1768 καὶ
367 1712 610 1782 διήκουσα
634 1716 773 1784 μέχρι
799 1720 891 1767 τοῦ
922 1721 1315 1781 Διοκλητιανου·
1353 1718 1435 1765 vel
1464 1717 1518 1763 in
1544 1717 1870 1765 Ambrosiano
1897 1718 2079 1766 Codice

252 1788 543 1849 Mediolani,
582 1788 643 1836 de
678 1805 777 1852 quo
817 1796 1116 1835 memoratus
1150 1784 1699 1854 Α11311113.Χρονικον
1738 1782 2011 1875 σύντομον
2024 1788 2078 1839 ἐκ

255 1853 518 1924 διαφόρων
544 1854 905 1925 χρονογροὶφων
929 1857 1014 1908 καὶ
1040 1857 1315 1924 ἐξηγητῶν,
1354 1856 1581 1924 συλλεγὲν
1604 1858 1690 1908 καὶ
1715 1857 1955 1909 συντεθὲν
1978 1854 2079 1910 vino

254 1934 304 1980 Γ
299 1931 507 1995 εωργιου
540 1933 793 1994 Μοναχου
826 1927 911 1978 καὶ
947 1928 1243 1995 Συγκέλλου.
1325 1929 1442 1989 His,
1483 1928 1662 1992 quibus
1711 1928 1860 1976 etiam
1897 1929 2078 1977 editio-

251 2000 328 2049 nis
362 2001 569 2062 titulus,
613 2000 712 2047 nisi
745 2000 1021 2063 germanior
1061 1999 1329 2062 extitisset,
1378 1999 1548 2063 effingi
1585 2007 1806 2065 poterat,
1842 2001 1980 2048 nulla
2017 2000 2078 2048 de

253 2071 501 2136 excerptis
547 2070 768 2132 mentio,
825 2071 928 2118 sola
961 2070 1247 2134 sinceraque
1290 2070 1591 2136 proponitur
1625 2070 1862 2120 Historia.
1949 2070 2076 2119 Aliis

253 2141 465 2205 denique
491 2140 588 2189 toti
617 2141 756 2205 operi
783 2141 1062 2206 proximius
1098 2141 1288 2202 affixiS,
1321 2136 1530 2207 Ἐκλογὴ
1560 2142 1926 2208 χρονογραφίας
1952 2157 2076 2192 συν-

253 2218 455 2278 ταγεΐσοι
483 2209 588 2261 ‘tino'
618 2213 869 2278 Γεωργίου
900 2215 1176 2276 Μοναχοῦ,
1215 2219 1329 2262 cett.
1354 2210 1846 2276 -Chronographicam
1879 2211 2077 2275 quidem

257 2282 455 2346 Georgii
495 2282 870 2344 collectionem,
918 2299 1020 2330 non
1059 2282 1127 2329 ita
1170 2298 1231 2330 ex
1271 2282 1373 2329 eius
1414 2281 1818 2347 Chronographia
1853 2283 2077 2331 analecta

255 2354 511 2418 quaedam.
590 2353 899 2418 Excerptum
934 2353 1146 2417 denique
1181 2353 1241 2400 ab
1279 2353 1390 2401 aliis
1435 2353 1721 2401 auctoribus
1762 2352 2077 2418 Chronogra-

253 2423 460 2491 phicum
489 2424 826 2484 Breviarium,
862 2424 993 2472 illud
1021 2441 1139 2473 vero
1175 2423 1596 2488 Chronographici
1627 2441 1653 2471 a
1690 2423 1901 2487 Georgio
1927 2423 2075 2472 insti-⁴

255 2497 354 2542 tuti
382 2494 622 2543 Breviarii
660 2502 896 2560 excerpta
931 2494 1185 2543 continere
1210 2495 1571 2543 Grammaticus
1608 2494 1780 2542 nullus
1814 2495 1897 2542 vel
1926 2494 2076 2543 etiam

255 2566 442 2614 ferulae
476 2565 720 2613 subiectus
753 2559 1086 2616 somniaverit.
1161 2567 1333 2629 Quam
1369 2567 1586 2612 mutilus·
1621 2563 1796 2630 (instat
1833 2561 2073 2634 Scaliger)

256 2635 381 2682 liber
415 2635 501 2681 ille
531 2634 606 2682 ad
639 2653 731 2682 nos
756 2638 1065 2700 penenerzt,
1118 2638 1347 2701 colligere
1381 2639 1497 2685 licet
1530 2653 1586 2682 ex
1617 2636 1796 2682 multi-s·
1829 2636 1984 2699 locis,
2019 2638 2074 2683 ἐπ’

255 2706 440 2772 quibus·
475 2714 566 2752 aut
600 2723 726 2770 quo]
729 2705 920 2752 undam
956 2708 1181 2753 meminit
1215 2716 1310 2753 aut
1343 2705 1595 2770 quaedam
1619 2708 1877 2770 promittit
1915 2708 2074 2755 Geor-

251 2779 404 2842 gius,
441 2793 570 2840 quae
596 2785 763 2822 tamen
785 2793 1044 2840 nusquam
1072 2785 1373 2842 comparent.
1445 2779 1570 2824 Sane
1598 2778 1802 2824 mutilus
1831 2784 1907 2825 est
1929 2775 2032 2825 iis
2016 2793 2074 2824 m

256 2847 509 2895 codicibus
547 2844 826 2913 (plerosque
859 2864 979 2894 vero
1007 2847 1158 2907 novi,
1197 2848 1429 2912 quosdam
1466 2847 1797 2911 contrectavi,
1833 2848 1955 2896 alios
1987 2856 2073 2896 re-

253 2918 421 2966 ferunt
451 2917 561 2982 ipse
587 2917 803 2981 Scaliger
829 2925 876 2966 et
899 2917 1110 2965 Allatius
1137 2916 1240 2980 ²⁰),
1274 2918 1481 2982 quibuS,
1517 2926 1576 2966 ut
1610 2918 1714 2965 sola
1751 2925 2072 2983 separataque

252 2988 501 3036 Ecclesiae
526 2996 838 3053 promeretur
869 2996 956 3036 aut
987 2987 1250 3036 haberetur
1281 2988 1524 3051 Historia,
1562 2989 1917 3054 praetermissis
1941 2990 2072 3036 Gen·-

251 3059 416 3107 tilium
439 3059 757 3122 antiquorum
777 3059 1011 3125 imperiis,
1048 3059 1357 3124 sepositaque
1381 3059 1525 3107 etiam
1548 3067 1596 3107 et
1615 3060 1802 3106 intacta
1823 3059 2070 3108 Hebraeo-³

253 3146 368 3178 rum
398 3129 537 3194 Reip.
564 3130 871 3191 narratione,
912 3147 1038 3194 quae
1070 3131 1133 3178 ad
1159 3131 1460 3192 Ecclesiam,
1499 3137 1548 3177 et
1579 3129 1826 3178 Ecclesiae
1857 3146 2070 3178 nascen-

252 3200 346 3263 tis,
383 3199 565 3248 Christi
589 3199 807 3261 Domini,
847 3200 1143 3248 Pontificum
1165 3207 1472 3263 nostrorum,
1513 3208 1560 3248 et
1582 3217 1694 3248 cum
1715 3199 1792 3248 his
1815 3201 2070 3248 coniuncti

251 3271 396 3320 Rom.
428 3270 627 3335 imperii
665 3267 896 3317 notitiam
937 3271 1180 3319 duntaxat
1209 3271 1458 3336 pertinere
1491 3271 1816 3334 videbantur,
1853 3272 1956 3319 sola
1994 3271 2070 3318 le-

253 3349 436 3405 guntui
454 3339 682 3405 reposita.
755 3340 820 3387 At
846 3340 967 3388 haec
991 3359 1093 3389 non
1113 3342 1183 3389 ita
1210 3350 1461 3390 contracta
1491 3341 1686 3404 Georgii
1713 3341 1963 3403 Historia,
1972 3347 2068 3389 nec

254 3412 564 3476 scriptorum
595 3410 771 3458 mutila
812 3411 1077 3477 Synopsis,
1116 3429 1263 3476 quam
1306 3414 1631 3477 fragmentum
1664 3411 1913 3492 quoddam
1941 3428 2068 3497 0011-

312 3507 389 3562 19)
418 3506 705 3550 Animadvers.
730 3520 831 3562 pag.
854 3505 953 3551 241
1067 3509 1149 3564 ΞΟ)
1178 3510 1226 3552 In
1248 3509 1452 3567 epistolis.
1474 3507 1670 3552 Diatriba
1689 3507 1743 3551 <le
1766 3507 2001 3563 Georgiis.
