2222 3938
644 191 744 246 ET
788 189 1378 249 ANNOTATIONES.
1820 179 1945 243 467

117 316 455 370 Sacerdotum
477 325 566 370 eto.
641 319 863 369 Crassius
892 320 1060 386 itaque
1089 320 1190 370 eius
1216 318 1466 386 opinionis
1491 317 1642 368 duces
1666 319 1831 368 Sancti
1856 321 1949 369 Pa-

118 400 222 441 tres
253 397 578 450 erraverunt,
615 407 738 453 quos
766 392 899 456 apud
934 392 1284 458 Expositores,
1325 391 1612 441 Mendosam
1645 391 1860 439 maxime
1893 391 1951 440 in

121 477 231 528 cap.
252 465 304 514 2.
334 459 420 509 lib.
455 463 500 512 1.
542 461 660 523 Reg.
686 461 848 524 legere
871 462 1006 511 licet.

264 529 638 596 Πεφυλαγμένα
659 532 772 582 λίαν
800 532 1053 597 ἐπιμελῶς.
1065 531 1083 597 ]
1122 531 1328 580 Addunt
1356 530 1504 584 edita.
1542 529 1658 616 περὶ
1690 550 1792 582 των
1820 525 1946 598 παρ’

122 595 298 661 αυτοῖς
325 599 634 667 γενομένων,
672 601 757 652 καὶ
784 599 912 668 πρὸς
934 599 1178 668 α’λληλους
1199 601 1527 669 πραχθέντων
1553 597 1755 669 μνήμης
1779 597 1949 664 ἆξίων.

260 666 346 721 Ἑν
378 674 443 740 τῇ
483 669 696 738 Χαβόλῳ
727 671 1003 759 λεγομένῃ]
1052 671 1291 737 Iosephus
1325 673 1412 723 lib.
1451 676 1499 726 8.
1546 673 1717 737 Antiq.
1755 690 1863 738 cap.
1898 678 1948 726 2.

122 735 622 809 μεθερμηνευόμενον
648 739 704 792 τό
729 740 975 807 Χαβαλων
1000 763 1125 794 κατα
1155 744 1406 794 Φοινίκων
1430 746 1675 809 γλῶτταν,
1715 739 1805 794 οὐκ
1832 741 1951 809 ἀρέ-

122 828 248 875 σκον
272 812 532 877 σημαίνει.·
584 815 733 859 Terra
767 813 1028 861 Clcabalon
1050 813 1362 860 Phoenicum
1390 816 1600 878 lingua,
1635 814 1688 861 id
1710 813 1840 876 quod
1870 813 1953 861 di-
1986 810 1991 812 ’

122 883 331 948 splicet,
369 882 647 946 significat.
670 886 719 935 3.
756 885 876 946 Reg.
910 889 956 936 9.
992 887 1250 948 Egressus
1282 893 1354 930 est
1371 885 1567 930 ‚Hiram
1601 882 1662 930 de
1703 888 1856 947 ᾘνο,
1899 892 1956 930 ut

122 951 313 1003 videret
339 951 558 1016 oppida,
598 970 729 1018 quae
755 953 961 1001 dederat
985 958 1030 1000 ei
1055 955 1324 1014 Salomon,
1358 963 1404 1000 et
1427 972 1528 1001 non
1557 955 1865 1018 placuerunt
1898 956 1956 1002 ei.

123 1022 263 1071 Idem
279 1022 333 1071 in
363 1022 608 1087 Apionem
637 1023 724 1073 lib.
754 1031 796 1077 1.
827 1024 950 1087 legit
985 1026 1289 1091 Ζαβουλῶν,
1327 1025 1466 1089 quod
1491 1025 1547 1071 in
1572 1032 1704 1073 terra
1732 1026 1956 1074 Zabulon

126 1093 249 1142 sitae
274 1100 436 1141 essent
466 1093 752 1142 huiusmodi
782 1094 1023 1144 civitates.

266 1163 482 1228 Δίωνα.]
521 1165 789 1229 Proprium
824 1182 1007 1213 nomen
1041 1165 1255 1214 reticent
1291 1164 1422 1213 edita
1449 1162 1676 1229 Iosephi:
1714 1163 1958 1229 scriptum

125 1241 292 1283 tamen
324 1233 499 1282 allusio
540 1236 772 1283 adiuncta
805 1237 1050 1301 postulat:
1092 1236 1204 1301 quis
1242 1235 1373 1284 enim
1415 1235 1577 1284 verius
1604 1235 1772 1299 Δίων,
1811 1251 1959 1301 quam

127 1305 217 1370 qui
239 1310 366 1363 Δῖος
386 1299 530 1370 ἀνήρ.

267 1375 380 1437 Pag
419 1377 537 1427 183
563 1374 750 1457 Δίων.]
788 1376 962 1439 Edita,
999 1393 1109 1424 meo
1136 1375 1338 1440 quidem
1365 1391 1538 1436 sensu,
1579 1391 1734 1439 prave
1759 1378 1902 1435 Δῖος.

271 1444 376 1494 Καὶ
410 1440 683 1512 βαρβάροις
709 1446 994 1530 γενομένας.
1010 1446 1029 1512 ]
1076 1446 1284 1494 Addunt
1320 1446 1435 1493 illa:
1474 1445 1527 1495 ἐκ
1562 1464 1665 1496 των
1691 1440 1815 1513 παρ’
1845 1445 1966 1497 ἐκεί-

127 1534 238 1575 νοις
267 1514 545 1582 ἐπιχωρίων
569 1512 870 1583 γραμμάτων
897 1511 1185 1576 σπουδάσας
1217 1535 1311 1582 την
1340 1516 1564 1582 ἱστορίαν
1589 1521 1789 1598 μαθεῖν
1840 1535 1965 1583 γρα-

129 1605 246 1650 φων
274 1583 338 1651 δη
372 1585 486 1652 περὶ
511 1591 613 1637 τῶν
639 1583 1063 1653 βεβασιλευκότων
1085 1587 1140 1639 ἐν
1174 1585 1349 1657 Τύρω·
1389 1585 1555 1638 ἔπειτα
1579 1580 1846 1652 γενόμενος
1878 1605 1966 1638 κα·-

127 1653 191 1708 τά
213 1653 296 1707 τὸν
320 1656 563 1723 Εἴρωμον
585 1654 743 1708 ταυτα
764 1674 904 1722 φησι.

257 1723 352 1787 ιῸς
376 1725 611 1792 βιώσας’
595 1728 675 1793 ἐτη
701 1748 787 1793 νγ.
761 1724 814 1792 ’.]
865 1730 1096 1776 Praesens
1133 1728 1277 1775 locus
1317 1726 1448 1774 edita
1492 1724 1691 1790 Iosephi
1722 1724 1965 1787 emendat,

129 1797 219 1846 ubi
243 1797 473 1844 selibunt
495 1815 602 1863 pag·
626 1797 747 1845 mihi
776 1799 926 1851 1043.
964 1794 1152 1864 βιώσας
1178 1797 1261 1862 ἔτη
1287 1793 1554 1863 τριάκοντα
1580 1795 1807 1862 τέσσαρα.

256 1864 481 1932 ”Εχωσεν
501 1866 589 1919 τόν
618 1864 921 1935 εὐρύχωρον
911 1867 946 1934 .]
985 1870 1233 1948 Interpres
1258 1866 1481 1932 Iosephi:
1523 1865 1727 1931 Aggere
1752 1867 1966 1913 coniun-

131 1940 207 1985 xit
232 1938 612 2002 Euryclzorum:
648 1955 897 2023 perverse.
960 1939 1069 1986 Hoc
1096 1939 1224 1986 enim
1249 1945 1324 1986 est
1348 1937 1485 2003 quod
1508 1953 1659 2002 supia
1686 1936 1963 2001 scripserat.

132 2008 402 2073 Iosephus.
437 2004 553 2060 Ἐν’
541 2010 632 2060 ι’σω
657 2025 822 2075 χωσας
848 2028 936 2061 τον
966 2006 1148 2076 μεταξυ
1175 2004 1346 2061 τόπον.
1382 2008 1469 2056 ubi
1493 2007 1614 2071 legit
1645 2006 1758 2054 ille:
1793 2006 1848 2057 ἐν
1875 2002 1965 2072 νή-

133 2095 206 2147 σῳ
259 2075 406 2138 ὦσας.

227 2098 255 2144 χ
276 2145 405 2199 Εἶτα
429 2149 511 2201 ἐπὶ
543 2144 766 2215 τούτου.]
800 2149 1051 2197 Nonnulla
1084 2147 1419 2214 praetervolat
1446 2144 1686 2207 Georgius
1723 2145 1782 2191 ab
1822 2145 1967 2192 editis

134 2219 374 2285 petenda.
413 2221 467 2266 in
503 2220 682 2283 quibus
711 2219 1022 2285 sequentium
1053 2235 1225 2284 regum
1257 2217 1460 2265 nomina
1495 2215 1796 2281 paululum
1781 2232 1967 2263 immu-

134 2297 239 2342 tata
262 2298 553 2338 occurrunt.

277 2361 389 2423 Pag.
431 2360 546 2412 184
592 2362 695 2411 Τοῦ
722 2356 775 2410 δὲ
799 2354 990 2424 κόσμου
1028 2350 1096 2423 ἧν
1130 2352 1336 2425 δψμό.]
1386 2355 1531 2403 Hanc
1573 2353 1963 2402 emendationem

138 2431 416 2479 accuratior
438 2430 589 2493 exigit
622 2437 899 2494 computus.
971 2429 1194 2476 Sabacon
1229 2426 1467 2491 Aethiops
1490 2424 1848 2504 Aegyptiorum
1873 2442 1966 2474 rex

139 2501 223 2554 75.
260 2517 391 2548 anno
421 2500 596 2549 mundi
632 2501 788 2555 4732.
822 2517 1029 2563 regnum
1065 2498 1372 2565 auspicatus,
1408 2495 1573 2545 tenuit
1608 2499 1689 2549 12.
1726 2495 1869 2543 annis
1901 2496 1965 2543 ad

140 2587 327 2619 annum
354 2572 520 2635 itaque
546 2567 728 2653 δψμό’.
752 2570 864 2618 hoc
893 2578 964 2632 est
985 2570 1137 2622 4744-

290 2641 556 2706 Τιβέριος’
541 2642 622 2706 ἐτη
649 2661 712 2691 να
713 2636 762 2705 ’.]
799 2628 1050 2688 Unitatem
1075 2637 1297 2686 Librario
1326 2635 1571 2685 excidisse
1603 2635 1845 2698 regiarum
1877 2650 1962 2682 ae-

141 2719 299 2761 tatum
335 2712 516 2759 calculi
549 2712 819 2760 declarant.
904 2710 1062 2758 Huius
1095 2726 1248 2757 annos
1278 2703 1341 2773 η’.
1378 2714 1490 2756 octo
1539 2705 1756 2769 Scaliger
1792 2712 1959 2753 textus
1982 2715 2034 2761 V
2064 2712 2121 2761 43

141 2799 252 2848 pag
276 2782 360 2835 34.
388 2779 446 2832 ν’.
474 2790 521 2829 et
543 2779 606 2847 η’.
636 2782 958 2830 similitudine
986 2781 1182 2828 delusus
1210 2778 1446 2828 reddidit.

284 2854 397 2916 Pag·
439 2855 554 2906 185.
600 2856 701 2904 Τοῦ
728 2850 782 2902 δὲ
816 2848 1000 2917 κόσμου
1029 2846 1189 2920 δυπζ’
1192 2849 1226 2913 .]
1275 2849 1455 2896 Acatus
1480 2845 1856 2894 Atheniensium
1883 2849 1964 2898 19.

144 2923 407 2989 piinceps,
445 2924 507 2970 ad
535 2923 793 2989 imperium
821 2939 949 2970 anno
977 2922 1150 2969 mundi
1176 2921 1330 2974 4452.
1361 2917 1656 2981 accersitus,
1691 2916 1746 2962 in
1784 2933 1840 2963 eo
1875 2932 1966 2979 per

146 2994 230 3047 35.
259 3010 413 3042 annos
446 2995 800 3058 perseveravit,
837 2994 900 3041 ad
926 3009 1111 3040 annum
1144 2991 1625 3045 4487.3110003301
1658 2985 1963 3049 Alchippus,

147 3065 210 3113 de
240 3080 338 3127 quo
371 3081 556 3125 3011110,
591 3082 743 3128 legno
769 3065 970 3128 vitaque
1006 3063 1209 3110 decessit
1236 3077 1365 3108 anno
1392 3060 1545 3114 4506.
1572 3065 1685 3123 post
1717 3056 1853 3117 regni
1882 3059 1962 3106 19

149 3151 324 3183 annos.
383 3135 602 3215 Regnum
626 3136 792 3199 itaque
815 3133 1042 3198 occoepit
1067 3150 1196 3180 anno
1223 3131 1376 3184 4487.
1431 3126 1712 3177 Successori
1733 3128 1772 3173 T
1775 3123 1963 3186 11013111-

148 3222 216 3271 po
242 3204 455 3266 Scaliger
491 3206 668 3268 pagina
699 3214 868 3253 textus
895 3206 977 3258 35.
1008 3204 1138 3251 solos
1175 3206 1254 3256 19.
1289 3218 1444 3249 annos
1466 3199 1667 3248 tribuit:
1706 3194 1791 3242 sed
1823 3194 1964 3240 falso.

299 3278 399 3325 Τοῦ
427 3271 480 3323 δε
505 3272 694 3341 κόσμου
732 3270 886 3345 &qaog'
893 3275 926 3339 .]
967 3275 1113 3335 Quod
1141 3275 1369 3321 decessor
1401 3267 1665 3330 Thersippi
1696 3262 1910 3313 Phorbas
1935 3278 1963 3307 a

151 3345 328 3395 mundi
351 3344 503 3398 4546.
527 3363 614 3410 per
640 3364 793 3394 annos
817 3349 900 3399 30.
923 3344 1234 3410 regnaverit,
1273 3357 1529 3390 successor
1551 3334 1789 3398 Megacles
1809 3332 1964 3386 4576.

152 3424 442 3484 potestatem
474 3417 609 3463 adire
630 3417 813 3468 debuit.
940 3427 946 3431 ’

309 3491 410 3539 Τοῦ
434 3485 488 3538 δὲ
512 3483 700 3554 κόσμου
721 3482 867 3556 δχξη’
870 3486 910 3553 .]
950 3483 1292 3535 Emendationi
1328 3479 1468 3531 dedit
1501 3480 1841 3540 argumentum
1876 3485 1968 3518 au-
