2222 3938
686 189 787 283 Er
819 226 1402 286 ANNOTATIONES
1828 224 1951 282 387

129 355 379 424 παρέλαβε
411 352 501 417 τὰς
533 351 732 417 πόλεις,
777 352 998 409 τούτοισι
1032 355 1087 409 δὲ
1124 355 1365 446 ἐνέγραφε
1395 356 1449 409 ἐν
1485 359 1550 427 τῇ
1586 353 1792 427 στήλῃσι
1827 377 1952 409 κατα

128 425 286 480 ταύτὰ
317 425 403 478 καὶ
437 432 566 478 τοῖσι
594 422 878 496 ἄνδρῃίοισι
913 432 1015 480 τῶν
1053 427 1247 479 ἐθνέων
1282 426 1613 516 γενομένοισι·
1662 428 1749 479 καὶ
1761 425 1856 516 6⁷2-
1867 429 1954 482 καὶ,

130 500 300 550 αἰδοῖα
322 494 554 565 γυναικὸς
577 497 981 567 προσανέγραφε,
1019 500 1146 564 δῆλα
1167 494 1471 564 βουλόμενος
1492 496 1695 560 ποιέειν,
1733 518 1800 559 ως
1820 500 1953 565 ἦσαν

128 566 404 629 ἀνάλκιδες.
458 569 813 633 Quascumque
844 572 1110 617 nationum
1147 569 1476 634 oppugnabat
1493 572 1692 633 seroces
1724 579 1771 616 et
1807 569 1952 619 velze-

126 649 313 686 menter
338 637 601 686 studiosas
627 640 902 721 libertatis,
941 647 993 687 in
1016 657 1187 687 eoram
1214 643 1362 687 terris
1388 642 1559 704 cippos
1581 640 1840 688 statuebat
1866 643 1952 687 in-
1982 679 1983 682 η

124 712 341 774 scriptos
373 709 556 755 litteris
581 711 667 756 sni
701 712 921 756 nominis
956 720 1001 757 et
1013 712 1245 774 patriae,
1285 720 1331 757 et
1366 729 1496 775 qaae
1521 714 1757 774 referrent
1786 714 1954 775 ipsam

124 780 245 827 illos
270 781 325 828 vi
357 780 636 844 subegisse3
684 797 903 844 quaram
935 799 1047 828 vero
1089 781 1236 827 arbes
1271 782 1415 828 nullo
1443 783 1674 846 praelio,
1712 783 1955 846 nulloque

115 867 334 914 prorsus
366 852 564 915 negotio
603 854 808 913 cepisset
825 887 838 908 ,
875 851 958 896 liis
990 853 1164 914 cippos
1196 853 1484 915 inscripsit,
1525 861 1635 899 tam
1658 851 1842 899 eisdem
1864 853 1954 899 lit-

124 923 247 967 teris
287 938 418 985 qaas
448 923 721 984 scripserat
763 919 945 967 eisdem
979 921 1245 986 gentibus,
1299 940 1427 986 qaae
1461 923 1633 971 viriles
1672 925 1952 981 extiterant,

123 1000 235 1038 tum
269 990 542 1037 muliebria
572 989 843 1054 pudenda:
871 992 1093 1054 planam
1117 993 1296 1053 facere
1331 993 1500 1039 volens
1531 993 1649 1040 illos
1678 992 1954 1057 haudqua-

125 1078 282 1126 quam
307 1061 481 1109 viriles
509 1063 742 1110 extitisse.
791 1061 1046 1109 Eiusmodi
1075 1061 1246 1126 cippos
1277 1061 1330 1108 in
1354 1062 1498 1126 Syria
1523 1079 1574 1110 se
1596 1063 1780 1111 vidisse
1801 1063 1954 1115 fidem

121 1132 246 1179 facit
280 1130 412 1178 idem
451 1130 735 1179 Herodotus
776 1148 883 1196 cap.
927 1136 1040 1184 106.
1105 1132 1175 1179 De
1211 1132 1446 1180 Sesostris
1485 1132 1854 1198 pyramidibus,
1903 1142 1955 1181 et

121 1201 348 1250 virilium
375 1201 824 1266 muliebriumque,
861 1208 973 1248 tum
998 1202 1050 1248 in
1058 1201 1501 1265 Hieroglyphicis,
1538 1210 1648 1250 tum
1669 1203 1725 1250 in
1748 1203 1951 1251 somniis

124 1270 420 1357 significatu,
449 1272 592 1336 plura
616 1272 822 1319 Ioannes
851 1270 1040 1333 Pierius
1068 1271 1291 1320 Valerius
1303 1271 1502 1336 Hierog.
1523 1272 1610 1322 lib.
1629 1273 1717 1326 34.
1743 1291 1849 1339 cap.
1868 1278 1953 1326 20.

260 1335 347 1391 'Ev
376 1335 691 1412 Ἀρσινοίτῃ.]
731 1330 1053 1405 Subintelligo
1091 1361 1257 1411 νομω,
1295 1359 1391 1405 qua
1422 1341 1615 1390 ratione
1646 1343 1829 1391 dicitur
1853 1347 1954 1398 Σε-

121 1411 336 1478 θροΐτης
361 1419 410 1459 et
433 1413 622 1477 Σαΐτης
659 1407 832 1478 νομός.
904 1413 976 1460 De
1009 1412 1217 1460 Arsinoe
1238 1412 1450 1477 Aegypti
1482 1412 1684 1461 civitate
1711 1413 1953 1476 Ortelius,

123 1489 174 1529 et
189 1482 381 1529 Plinius
404 1483 492 1530 lib.
519 1483 566 1535 5.
599 1499 705 1548 cap.
734 1488 782 1537 9.
807 1482 1085 1531 Arsenoites
1105 1499 1283 1531 nomus
1311 1483 1538 1531 emendat
1559 1499 1686 1547 quae
1705 1483 1766 1531 de
1796 1484 1950 1531 Arse-

120 1559 268 1599 noeto
295 1552 533 1617 Aegypti,
569 1560 627 1600 ut
645 1560 819 1618 putat,
854 1553 977 1602 urbe
1001 1553 1204 1618 scripsit
1225 1553 1430 1602 Vossius
1451 1553 1512 1601 de
1531 1552 1720 1602 Histor-
1748 1554 1949 1602 Graecis

119 1638 232 1687 pag.
253 1621 379 1669 mihi
405 1623 525 1676 240.

266 1687 641 1759 Λαβύρινθον.]
703 1691 865 1752 Quem
901 1691 1086 1745 vidisse
1123 1707 1175 1740 se
1219 1691 1392 1758 prodit
1425 1699 1476 1740 et
1512 1692 1674 1757 ample
1718 1692 1953 1745 describit

118 1761 404 1810 Herodotus
425 1763 479 1809 in
502 1763 723 1827 Euterpe
750 1779 855 1826 cap.
888 1763 1004 1815 148.

261 1833 375 1896 Pag.
412 1836 497 1886 61.
537 1828 970 1896 Πεντεκαιδεκάτη
1003 1827 1301 1895 δυναστεία]
1348 1830 1494 1878 Deest
1526 1829 1581 1877 in
1609 1830 1837 1879 Africani
1870 1832 1951 1880 la-

118 1902 310 1950 terculo
337 1902 703 1982 quartadecima
742 1902 1002 1967 Dynastia,
1040 1908 1205 1967 potest
1236 1908 1402 1948 tamen
1421 1918 1485 1949 ex
1508 1900 1708 1948 Eusebii
1747 1902 1957 1967 scriptis

120 1973 329 2022 inferius
354 1972 614 2035 resarciri,
652 1973 965 2037 frequentius
994 1973 1124 2020 enim
1150 1971 1442 2020 Africanum
1477 1990 1602 2021 κατα
1629 1970 1762 2032 λέξιν
1788 1972 1951 2036 sequi-

119 2051 223 2093 tur.
293 2042 365 2090 Ita
402 2043 576 2091 scribit
609 2043 694 2090 ille
720 2038 1092 2127 τρισκαιδεκάτῃ
1127 2042 1391 2092 δυναστεία
1424 2045 1768 2092 Διοσπολιτοῖν
1803 2044 1953 2107 βασι-

121 2112 248 2164 λέων
274 2108 328 2173 ξ’.
354 2113 407 2163 οἱ
427 2112 795 2196 ἐβασίλευσαν’
779 2112 860 2177 ε’τη
881 2109 1001 2178 vvy'.
1025 2106 1525 2196 τεσσαρεσκαιδεκατη
1551 2111 1882 2163 δυναστείαΜ
1835 2121 1948 2167 ...oil-

121 2187 223 2233 τῶν
251 2181 494 2247 βασιλέων
526 2178 611 2240 ος’.
637 2202 687 2233 οι
715 2182 1039 2248 ἐβασίλευσαν
1067 2177 1198 2247 ρπδ’.
1224 2181 1278 2231 ἐν
1302 2177 1434 2229 α’λλω
1459 2175 1595 2229 υπδ’.

267 2250 570 2317 Ποιμένων.]
596 2253 821 2300 Pastores
847 2253 970 2299 istos
993 2267 1129 2314 reges
1153 2257 1393 2298 memorat
1415 2266 1477 2296 ex
1500 2247 1795 2297 Manethone
1819 2249 1945 2297 Iose-

121 2321 280 2389 phus,
317 2323 371 2369 in
396 2322 638 2386 Apionem
662 2322 827 2385 pagin.
853 2323 1004 2374 1040.
1032 2328 1080 2368 et
1103 2337 1164 2367 ex
1189 2327 1404 2383 utroque
1428 2318 1669 2367 Eusebius
1695 2319 1756 2366 de
1775 2319 1953 2384 Praep.

121 2395 308 2455 Evang.
347 2392 431 2442 lib.
472 2395 554 2444 10.
595 2408 701 2457 cap.
741 2395 824 2444 13.
869 2398 918 2438 et
955 2390 1011 2437 in
1044 2389 1306 2437 Chronico.
1387 2389 1550 2453 Reges
1583 2388 1951 2453 Aegyptiorum

121 2466 364 2511 Pastores
399 2463 700 2509 coniicimzis
739 2469 1058 2525 nuncupatos
1075 2468 1283 2524 propter
1307 2457 1481 2523 Iosepli
1517 2467 1563 2504 et
1581 2461 1786 2521 fratres
1826 2461 1948 2520 eius,

125 2535 216 2599 qui
241 2535 295 2579 in
317 2534 575 2597 principio
607 2536 838 2581 Pastores
867 2529 1174 2577 descendisse
1211 2532 1266 2577 in
1296 2528 1586 2594 Aegyptam
1617 2528 1950 2592 comproban—
1979 2525 1983 2528 “

124 2614 226 2654 tur.
299 2605 366 2650 At
385 2619 488 2651 non
512 2601 781 2667 Memphim
809 2601 1023 2681 cepisse,
1061 2601 1147 2649 sed
1176 2599 1229 2647 in
1258 2607 1440 2647 terram
1472 2599 1656 2646 Gessen
1679 2598 1946 2661 secessisse,

124 2682 174 2723 et
204 2673 391 2722 nedum
424 2673 758 2737 imperitasse,
809 2672 929 2736 quin
966 2671 1136 2736 potius
1169 2669 1424 2734 Aegyptiis
1472 2669 1700 2718 serviisse
1738 2675 1947 2717 constat.

123 2745 383 2794 Pastorum
432 2760 633 2806 regum,
684 2759 808 2807 quos
842 2749 991 2790 vocat
1025 2741 1216 2806 Hycsos
1258 2739 1517 2787 historiam
1557 2755 1619 2786 ex
1654 2738 1950 2786 Manethone

124 2815 276 2864 refert
300 2812 535 2878 Iosephus
561 2813 648 2861 lib.
681 2817 726 2865 1.
756 2813 811 2860 in
842 2812 1086 2877 Apionem
1110 2827 1218 2876 pag.
1250 2813 1398 2863 1039.
1439 2809 1507 2857 De
1537 2809 1817 2858 Pastoribus
1845 2808 1949 2856 Ae·-

125 2884 271 2950 gypti
305 2884 601 2933 Heliodorus
642 2882 876 2948 Aethiopi
915 2888 961 2936 1.
996 2898 1090 2930 nec
1133 2898 1238 2929 non
1273 2897 1337 2929 ex
1371 2896 1428 2928 eo
1462 2879 1679 2943 Scaliger
1715 2878 1946 2927 Animad.

165 2973 190 3002 a
261 2958 342 3008 18

127 2973 161 3021 P
193 2971 238 3018 g.
265 3019 348 3075 Ἐν
380 3041 449 3074 τω
484 3024 734 3093 Σεθροῖνῃ
772 3020 954 3092 νομῷ]
993 3022 1175 3070 Errant
1203 3020 1259 3067 in
1298 3019 1654 3069 Grammaticae
1686 3016 1816 3082 leges
1843 3016 1944 3066 MS.

129 3094 380 3143 Librarius
402 3102 452 3142 et
483 3095 698 3157 Scaliger
725 3094 1016 3158 barytonam
1058 3091 1324 3139 dictionem
1351 3086 1506 3155 νόμος
1529 3089 1814 3138 reddentes·
1851 3103 1945 3151 pro

132 3164 410 3228 significatu
446 3165 631 3230 quippe
671 3181 868 3227 gravem
905 3170 1163 3211 accentum
1198 3161 1408 3225 requirit
1435 3161 1487 3207 in
1514 3160 1701 3207 ultima.
1752 3157 1947 3204 Suidas.

131 3231 263 3300 νομὴ
304 3243 352 3283 et
382 3231 565 3299 βοσκη,
606 3237 807 3298 pastio,
839 3251 1122 3299 pascuam,
1157 3250 1184 3279 a
1218 3249 1314 3296 quo
1343 3230 1587 3279 Nomades
1626 3237 1674 3276 et
1706 3225 1948 3275 Numidae

134 3306 331 3354 Africae
366 3304 568 3369 populi.
622 3305 682 3352 de
721 3305 897 3370 quibus
933 3304 997 3352 ad
1039 3320 1144 3352 rem
1185 3310 1402 3350 nostram
1441 3299 1699 3349 Turnebus
1739 3296 1946 3343 Adveis.

132 3376 220 3424 lib.
259 3379 302 3428 1.
344 3391 451 3439 cap.
486 3379 570 3428 27.
622 3374 965 3423 Numidarum
1001 3390 1177 3422 nomen
1210 3374 1444 3434 Latinis,
1495 3388 1593 3418 non
1632 3383 1712 3414 eos
1746 3372 1947 3411 tantum

130 3448 364 3510 populos,
404 3447 494 3509 qai
520 3454 704 3492 certam
725 3446 938 3509 Africae
951 3453 1166 3510 partem,
1194 3442 1494 3491 Numidiam
1517 3446 1762 3497 vocatam,
1785 3436 1949 3499 signi-

124 3518 290 3581 ficat:
327 3514 495 3583 quod,
532 3518 624 3581 qui
654 3517 801 3565 initio
824 3516 1164 3566 Pastoritiam
1190 3517 1350 3565 vitam
1373 3510 1625 3571 colebant,
1659 3506 1754 3553 lzoc
1776 3520 1949 3553 nomen
