2222 3938
318 190 446 252 490
791 279 796 281 g
937 196 1517 254 EMENDATmNEs
1590 171 1608 183 ’“

317 348 354 379 a⁴
368 328 829 379 Nabuchodonosor
859 343 993 376 anno
1017 326 1213 393 primo,
1249 325 1590 379 adhaerebunt
1619 330 1836 380 invicem
1861 331 1914 380 in
1938 338 2151 398 septua-

315 402 516 466 genaria
552 418 743 450 summa
775 399 944 447 cuncti
983 399 1271 464 principum
1303 399 1460 448 anni?
1505 401 1966 454 Nabuchodonosor
1995 419 2150 468 regno

315 472 437 521 anni
462 473 549 533 43.
570 473 912 536 imputantur,
946 469 1125 519 Evilad
1149 469 1419 518 Merodach
1447 472 1679 537 quinque,
1717 473 2003 538 Niriglesari
2029 482 2148 537 tres,

315 543 543 608 Astyagis
577 540 956 607 septemdecim,
995 540 1114 605 Cyri
1148 556 1311 589 unus:
1364 543 1586 590 omnium
1619 561 1811 592 summa
1842 549 1927 599 69.
1965 545 2152 592 consti-

313 615 428 662 tuit.
478 613 617 672 Quae
646 612 950 660 diversitatis
973 611 1110 675 origo
1126 611 1151 658 2
1190 610 1338 671 Quod
1359 612 1414 659 in
1438 613 1774 663 Hebraeorum
1797 631 1970 679 regum
1992 616 2150 664 later-

314 685 430 732 culo
461 691 563 731 tres
593 682 813 730 loachim
849 699 1039 730 menses
1070 681 1190 729 anni
1227 683 1430 730 nomine
1468 686 1803 734 numerandos
1833 685 1954 735 velit
1989 687 2151 734 Geor-

312 756 445 818 gius:
484 770 584 818 quo
625 753 712 816 fit,
749 761 807 802 ut
836 770 926 818 per
950 752 1201 802 Hebraeos
1229 753 1482 819 principes
1521 754 1690 804 habita
1722 756 2018 805 numerandi
2048 756 2148 819 via,

312 842 413 873 uno
453 825 612 872 maior
651 832 860 889 exurgat
906 824 1160 886 calculus,
1209 841 1268 871 ac
1302 824 1419 872 dum
1446 826 1907 876 Nabuchodonosor
1930 826 2026 875 soli
2053 844 2151 875 no-

309 894 612 957 vemdecim,
662 895 998 944 Hebraeorum
1037 895 1221 959 viginti
1260 904 1618 960 computantur
1660 898 1804 947 anni:
1853 907 2003 963 atque
2037 897 2151 946 ideo

309 965 773 1014 Nabuchodonosor
791 964 1098 1032 principium
1121 966 1175 1013 in
1197 966 1374 1014 mundi
1399 968 1551 1021 4884.
1576 968 1931 1017 submoveatur
1954 985 2153 1016 necesse

307 1044 416 1100 est,
465 1036 564 1088 nisi
597 1038 737 1102 regni
769 1038 855 1091 44.
899 1054 1085 1100 annos,
1133 1037 1270 1101 quod
1310 1037 1608 1101 absurdum,
1654 1038 1853 1088 Author
1893 1039 2151 1089 concedat.

307 1107 409 1157 Hic
449 1115 524 1156 est
552 1107 709 1171 igitur
746 1109 872 1156 alter
907 1108 1012 1156 eius
1052 1107 1445 1173 paralogismus,
1485 1109 1567 1157 cui
1602 1109 1879 1174 reparando
1905 1111 2000 1157 alia
2027 1109 2151 1158 mihi

306 1195 414 1227 nou
451 1179 673 1243 sup-petit
704 1179 858 1241 ratio,
907 1196 1055 1243 quam
1083 1194 1180 1242 quo
1213 1178 1316 1225 eius
1346 1179 1504 1226 menti
1532 1179 1777 1243 vicinior,
1815 1188 1994 1245 quarto
2034 1180 2152 1244 qui-

307 1250 419 1297 dem
442 1250 625 1296 Ioacim
654 1267 784 1297 anno
816 1250 989 1297 mundi
1014 1249 1169 1302 4883.
1206 1247 1436 1297 Iudaicae
1465 1251 1768 1315 captivitatis
1802 1259 1958 1315 ponat
1997 1267 2151 1299 exor-

309 1320 388 1368 dia
407 1355 423 1379 ‚
460 1327 511 1367 at
542 1337 640 1384 quo
666 1321 893 1368 nondum
919 1336 1151 1385 suprema
1173 1319 1302 1382 regis
1325 1328 1571 1385 potestate
1602 1322 1921 1370 sublimatum
1963 1329 2152 1370 asserat

309 1389 798 1455 Nabuchodonosor,
834 1391 921 1438 sed
946 1398 1089 1455 patre
1121 1388 1285 1438 adhuc
1307 1390 1440 1440 inter
1468 1391 1611 1440 vivos
1639 1392 1901 1458 superstite
1928 1392 2020 1440 sub
2043 1393 2150 1441 eius

310 1462 548 1510 militasse
586 1462 738 1526 signis
782 1463 1022 1524 affirmet,
1074 1477 1229 1525 eoque
1270 1469 1383 1525 post
1428 1479 1611 1510 annum
1661 1462 1747 1527 qui
1788 1463 1967 1510 mundi
1998 1462 2151 1517 4884.

312 1532 551 1580 defuncto
589 1550 875 1599 supremum
911 1533 988 1580 ius
1032 1531 1087 1578 in
1125 1531 1398 1579 Chaldaeos
1427 1541 1472 1581 et
1501 1533 1765 1598 imperium
1802 1533 1955 1582 fuisse
1978 1550 2151 1582 conse·-

313 1611 501 1651 cutum.
573 1604 671 1652 Hic
696 1604 935 1652 Authoris
956 1602 1316 1668 paralogismus
1339 1611 1397 1651 ut
1417 1621 1597 1669 anceps
1638 1622 1698 1652 ac
1726 1605 1946 1652 incertus
1972 1604 2027 1651 in
2053 1622 2152 1653 no-

310 1684 390 1721 tae
415 1675 688 1739 superioris
712 1675 883 1723 limine
910 1675 970 1722 de
993 1673 1454 1723 Nabuchodonosor
1469 1674 1643 1741 primis
1657 1675 1896 1739 regnandi
1917 1675 2150 1740 auspiciis

311 1744 577 1793 scriberem
603 1747 822 1810 impulit.
884 1748 992 1805 Qua
1018 1745 1217 1792 tandem
1245 1752 1348 1792 arte
1375 1763 1533 1794 annus
1558 1745 1610 1794 in
1641 1746 2000 1794 Chaldaeorum
2022 1754 2152 1794 tem-

308 1815 514 1882 poribus
551 1818 882 1881 supplendus,
932 1816 1086 1863 affixo
1117 1815 1180 1862 ad
1208 1815 1392 1864 loacim
1428 1825 1662 1882 quartum
1689 1817 1853 1882 primo
1886 1816 2152 1865 Nabucho-

310 1886 531 1933 donosor
564 1904 720 1952 anno,
771 1888 1117 1935 demonstrant
1155 1887 1518 1936 emendatiores
1560 1888 1626 1936 ad
1665 1886 1906 1936 Authoris
1947 1896 2151 1954 captum

308 1957 524 2005 tabulae.

447 2025 501 2077 ‘O
535 2026 878 2094 Μεγασθένης
913 2027 968 2079 ἐν
1002 2031 1069 2099 τῇ
1104 2023 1164 2080 δ’.
1194 2028 1334 2094 των.]
1385 2011 1575 2076 Locum
1597 2027 1707 2093 Meg
1709 2027 1928 2077 asthenis
1952 2028 2150 2093 plofert

307 2096 549 2146 Eusebius
590 2099 652 2146 de
697 2100 979 2164 Praeparat.
1018 2100 1203 2164 Evang.
1228 2100 1325 2153 lib.
1364 2105 1412 2155 9.
1451 2116 1560 2166 cap.
1599 2099 1684 2154 41.
1720 2100 1874 2149 refert
1916 2098 2148 2164 Scaliger,

308 2176 358 2218 et
376 2184 490 2234 pag.
514 2176 682 2217 textus
707 2169 792 2224 41.
817 2186 874 2218 eo
898 2170 1114 2220 refercit.

448 2241 561 2303 Pag.
587 2245 708 2295 222.
745 2235 1017 2306 Ώκταετῆ.]
1045 2241 1217 2289 Scribe
1240 2241 1570 2305 δεκαοκταετῆ
1583 2258 1598 2286 .-
1635 2240 1703 2288 ita
1726 2239 1962 2288 exhibent
1983 2247 2150 2288 textus

306 2309 586 2372 Hebraeus,
626 2318 676 2358 et
696 2311 951 2359 versiones
977 2312 1223 2375 singulae.
1262 2319 1379 2377 post
1402 2311 1560 2359 lineas
1583 2328 1700 2360 vero
1723 2319 1839 2359 tres
1846 2312 2023 2372 παῖδες
2060 2309 2151 2362 αὕ-

306 2384 402 2431 τοῦ
424 2389 790 2430 memorantur.
829 2383 870 2430 si
895 2382 1024 2431 filios
1049 2399 1224 2446 neges,
1267 2399 1437 2431 servos
1463 2382 1806 2445 interpretare.

441 2454 535 2502 5211
567 2450 622 2503 δὲ
658 2451 696 2518 ἦ
733 2447 861 2519 α’ρχη
900 2449 1181 2522 διάφορος]
1221 2453 1523 2516 Quadrant
1509 2470 1563 2500 m
1593 2453 1730 2501 hunc
1756 2454 1924 2501 locum
1961 2451 2148 2518 scripta

307 2521 444 2570 notis
474 2524 538 2570 ad
563 2539 676 2588 pag.
708 2528 829 2577 217.

150 2601 205 2647 V.
227 2599 283 2647 56
446 2594 561 2657 Peg·
598 2596 719 2648 223.
765 2597 866 2644 Τοῦ
894 2588 1059 2645 Ἰούδα
1088 2589 1146 2647 κ’.
1179 2592 1531 2660 ἐβασίλευσεν.]
1582 2592 1860 2640 obstrictae
1893 2566 2006 2655 erga
2042 2592 2145 2644 MS.
2170 2604 2173 2605 ’

309 2663 567 2726 religionis
597 2672 646 2712 et
669 2664 784 2711 fidei
810 2681 924 2712 reus
959 2665 1147 2730 scripta
1183 2665 1324 2732 prius
1347 2664 1400 2711 in
1422 2663 1677 2729 prooemio
1707 2669 1903 2727 repeto,
1941 2670 1990 2710 et
2023 2678 2145 2710 rur-

310 2750 423 2782 suin
450 2734 698 2782 scribendi
724 2752 908 2800 poenas
936 2737 1158 2786 exsolvo.
1220 2736 1516 2785 Eorumdem
1540 2734 1804 2782 verborum
1827 2732 2023 2780 iteratio
2051 2749 2144 2780 ex·-

308 2804 552 2869 seriptum
591 2806 757 2869 potius
793 2824 820 2854 a
848 2806 1104 2870 Librario,
1144 2823 1295 2871 quam
1317 2806 1503 2854 editum
1538 2805 1597 2852 ab
1630 2802 1852 2852 Authore
1883 2819 2006 2868 opus
2041 2820 2143 2853 ma-

306 2874 524 2923 nifestat.
573 2875 665 2924 Vel
691 2876 886 2927 Author
913 2876 1163 2943 seipsum,
1200 2878 1282 2926 vel
1302 2876 1435 2926 idem
1458 2876 1637 2924 iterato
1663 2873 1917 2923 Librarius
1948 2874 2142 2923 exseri.

307 2944 412 2994 bit:
449 2945 583 3008 quod
607 2946 845 2995 nimirum
866 2956 1003 2995 extat
1025 2965 1135 3032 pag.
1163 2953 1281 3001 219.

447 3016 563 3079 Pflg
604 3017 722 3070 225.
756 3012 879 3070 'And
905 3022 1001 3069 τοῦ
1040 3014 1121 3073 ια’.
1156 3017 1296 3079 ε’τους
1330 3016 1595 3077 Σεδεκίου,
1633 3008 1824 3079 κόσμου
1868 3012 1923 3065 δὲ
1958 3010 2100 3084 daey'
2106 3014 2140 3080 .]

307 3084 504 3134 Annon
519 3086 748 3134 Sedeciae
771 3088 989 3168 primum
1009 3089 1248 3136 inmundi
1271 3089 1423 3141 4896.
1448 3084 1658 3133 coniecit
1679 3085 1874 3133 Author
1893 3103 2004 3166 pag:
2020 3089 2139 3140 223.

307 3164 366 3203 ut
384 3157 506 3220 quid
529 3156 886 3206 undecimum
871 3176 922 3205 m
941 3159 1118 3207 mundi
1143 3162 1296 3212 4906.
1321 3175 1424 3205 non
1450 3155 1717 3204 amandat?
1760 3174 1852 3221 pro
1874 3157 2026 3204 variis
2051 3173 2141 3204 co·-

309 3226 502 3278 dicibus
544 3227 708 3276 varios
743 3228 967 3291 sequitur
1010 3245 1271 3286 numeros,
1310 3236 1357 3275 et
1396 3227 1530 3291 quod
1569 3226 1702 3274 notis
1731 3227 1796 3274 ad
1832 3226 2140 3291 superiorem

308 3315 419 3362 pag.
457 3302 576 3356 217.
613 3299 928 3347 observatum
953 3298 1258 3347 emendatior
1282 3298 1393 3346 alibi
1422 3298 1660 3361 loquutus
1696 3314 1881 3345 annum
1909 3297 2139 3346 Sedeeiae

309 3369 631 3417 undecimum
670 3370 968 3435 completum
1000 3370 1054 3416 in
1086 3368 1261 3418 mundi
1293 3369 1446 3422 4903.
1485 3368 1740 3415 ineuntem
1773 3375 2004 3430 revocat,
2040 3366 2138 3415 hoe

309 3448 472 3504 pacto.
548 3440 734 3488 Ioacim
773 3456 978 3504 regnum
1013 3438 1301 3505 auspicatur
1323 3456 1452 3487 anno
1478 3439 1633 3492 4881.
1665 3445 1716 3486 et
1746 3438 1890 3486 annis
1925 3442 2007 3491 11.
2043 3453 2138 3486 re-

316 3519 465 3571 gnat:
502 3526 759 3560 successor
785 3509 1070 3569 IechoniaS,
1108 3510 1216 3560 sive
1242 3509 1459 3558 loacbim
1489 3509 1594 3558 adit
1618 3525 1749 3557 anno
1777 3511 1931 3563 4892.
1964 3507 2048 3556 sed
2086 3513 2135 3555 et
