2222 3938
652 185 752 239 ET
788 184 1376 246 ANNOTATIONES.
1805 181 1930 242 525

108 321 274 365 tutum
308 313 370 362 ab
407 313 476 363 eis
512 313 780 381 imperium
809 316 1053 380 remittat,
1097 324 1212 366 ante
1247 333 1403 366 annos
1428 319 1548 372 298.
1571 317 1748 367 1111111ᾶί
1778 320 1932 374 5174.
1970 354 1983 372 .

108 387 235 434 illud
257 385 418 451 primo
442 385 711 434 stabilitum
734 388 889 451 liquet
905 425 920 444 ‚
959 395 1072 436 ante
1100 388 1426 436 Christianam
1447 405 1610 436 aeram
1638 390 1781 438 annis
1805 392 1929 444 426.

108 455 372 505 Africanus
398 456 582 521 quippe
609 458 788 506 natalis
815 457 999 506 Christi
1025 458 1266 524 epocham
1304 458 1536 516 eandem,
1587 476 1732 523 quam
1770 462 1932 509 Geor-

110 526 245 590 giuS,
296 526 468 574 statuit
503 543 567 574 ex
599 544 652 592 p.
689 529 807 581 324.
842 536 891 576 et
920 530 1040 583 325.
1076 529 1302 577 Secunda
1335 536 1410 576 est
1438 529 1665 578 Actiacos
1692 547 1847 578 annos
1881 538 1933 579 et

107 597 320 661 Aegypti
352 603 521 661 captae
547 613 707 645 aeram
731 599 794 645 ad
816 599 991 646 mundi
1015 599 1167 653 5472.
1193 607 1304 647 ante
1328 599 1513 647 Christi
1537 602 1751 651 natalem
1787 601 1932 649 annis

111 670 196 721 28.
222 666 477 715 devinciri.
548 668 712 716 Tertia
747 669 948 716 tandem
980 669 1190 733 Augusti
1211 687 1366 717 annos
1393 688 1420 717 a
1448 671 1626 718 mundi
1649 672 1805 725 5461.
1825 689 1933 720 1111-

109 737 307 786 merari.
378 738 504 785 Nam
541 755 655 786 cum
691 739 987 788 undecimus
1012 739 1227 803 Augusti
1253 758 1315 788 ex
1337 739 1489 804 Regio
1511 748 1684 790 nostro
1707 743 1850 793 Barb.
1880 750 1933 791 et

109 807 278 856 Perez.
305 814 492 856 attente
522 809 756 874 inspectis
783 809 944 874 iisque
981 827 1094 857 cum
1126 811 1280 859 Palat.
1314 811 1507 859 collatis
1530 811 1594 859 sit
1629 812 1717 876 qui
1756 811 1933 861 mundi

109 878 264 932 5472.
301 885 349 925 et
385 879 695 944 Olympiadis
740 882 855 933 187.
903 889 1108 944 quartus
1149 888 1437 930 recensetur
1470 881 1529 928 ab
1559 881 1823 930 Africano:
1868 897 1936 932 ex.

111 947 215 995 eius
249 948 454 997 calculis
487 967 617 997 anno
648 949 803 1003 5461.
834 949 1080 999 duntaxat
1112 950 1376 1017 imperium
1407 951 1584 999 adiisse
1621 969 1819 1001 necesse
1844 961 1934 1016 est,

110 1025 226 1065 ante
265 1018 451 1067 Christi
487 1028 655 1068 ortum
688 1021 773 1074 40.
803 1021 886 1069 vel
917 1021 1001 1074 41.
1038 1031 1194 1087 prout
1231 1021 1455 1070 Christus
1496 1023 1648 1076 5500.
1670 1024 1754 1071 vel
1778 1024 1932 1077 5501.

109 1096 258 1137 natus
295 1090 354 1138 ab
385 1107 442 1138 eo
479 1091 729 1140 asseritur.
801 1092 1141 1157 Suspicionem
1168 1100 1336 1141 tamen
1366 1108 1524 1140 meam
1558 1109 1622 1141 ne
1644 1093 1931 1155 subticeam,

113 1154 192 1210 ια’.
228 1158 338 1209 vice
374 1155 452 1211 ιδ’.
490 1179 517 1209 a
553 1161 728 1228 primis
763 1161 1000 1211 Librariis
1034 1163 1222 1211 lectum
1251 1162 1494 1225 a1bitror,
1532 1169 1580 1210 et
1616 1167 1697 1217 11.
1723 1163 1936 1228 Augusti

111 1246 328 1294 annum,
366 1231 447 1284 14.
483 1232 594 1281 vice
614 1231 882 1282 redditum.
952 1232 1148 1282 Author
1169 1233 1299 1282 enim
1327 1250 1391 1281 ex
1423 1232 1688 1296 Africano,
1716 1242 1776 1282 ut
1802 1250 1933 1297 reor,

111 1300 285 1348 scribit·
324 1318 434 1366 pag.
471 1306 592 1356 311.
633 1303 683 1353 C.
723 1302 776 1352 οἱ
804 1301 859 1353 ἐν
890 1297 1230 1373 Ἀλεξανδρεία
1253 1299 1355 1355 cino*
1381 1307 1473 1354 τοῦ
1499 1299 1578 1355 ιδ’.
1603 1302 1743 1364 ἔτους
1769 1299 1935 1371 ἄριθ-

111 1374 265 1437 μοῦσι
303 1367 597 1437 Αὐγούστου
639 1368 851 1439 χρόνους
889 1373 949 1421 ab
977 1374 1211 1440 Augusti,
1256 1374 1489 1440 inquam,
1540 1373 1623 1428 14.
1659 1374 1747 1440 qui
1785 1381 1932 1441 capta

112 1441 415 1490 Alexandria
439 1443 660 1506 signatur
683 1443 738 1491 in
762 1443 933 1497 Fastis.

249 1508 473 1579 Ἡρώδης
481 1479 757 1573 Οέπικτίσας
791 1532 896 1564 των
939 1513 1191 1579 Γαβινίων
1224 1508 1419 1579 rutilam]
1479 1512 1664 1580 Lepide
1714 1513 1933 1578 Scaliger

110 1581 227 1632 Not.
260 1599 369 1648 pag.
406 1584 525 1638 259.
601 1585 774 1648 Quare
812 1583 1029 1632 Catlcaei
1062 1587 1169 1632 sive
1204 1587 1493 1633 Samaritae
1517 1584 1728 1651 Γαβίνοι
1759 1602 1935 1635 vocen-

113 1662 228 1712 tur,
263 1652 424 1700 dicere
443 1656 675 1717 fortasse
698 1671 899 1719 possem
917 1691 932 1717 ,
968 1657 1072 1703 nisi
1105 1664 1375 1720 corruptas·
1407 1665 1531 1702 esset
1569 1657 1727 1707 locu-5¹.
1796 1654 1936 1704 Nihil

109 1722 195 1771 hic
219 1740 249 1770 a
273 1724 591 1788 corruptione
614 1725 860 1788 Scaligero
886 1725 1186 1774 timendum:
1216 1726 1406 1789 integer
1431 1733 1504 1774 est
1532 1725 1756 1773 Africani
1776 1725 1938 1788 locus,

110 1793 284 1841 iisdem
305 1795 509 1843 omnino
533 1795 699 1844 verbis
721 1795 878 1844 tribus
902 1795 959 1842 in
981 1796 1167 1846 MMSS.
1191 1796 1425 1860 digestus.
1462 1795 1769 1859 subindicat,
1802 1797 1939 1860 quod
1966 1793 2021 1841 V.
2045 1796 2103 1844 68

108 1864 197 1911 ille
221 1872 418 1913 veretur
441 1881 718 1931 exponere,
762 1865 1003 1931 Iosephus
1036 1866 1123 1914 lib.
1163 1866 1246 1920 14.
1285 1867 1403 1915 Ant.
1442 1883 1551 1931 cap.
1592 1869 1673 1920 10.
1708 1883 1738 1914 a
1774 1866 1940 1915 Gabi-

109 1933 196 1982 nio
223 1935 394 2000 Syriae
417 1936 747 1997 Proconsule,
786 1936 939 1984 altero
966 1937 1211 1985 Samariae
1243 1943 1356 1984 ante
1378 1936 1623 1986 Herodem
1651 1945 1938 2002 reparatore

111 2004 188 2052 sic
215 2013 565 2070 nuncupatam.
648 2006 916 2069 Gabinius,
962 2007 1152 2072 inquit,
1202 2006 1433 2055 Iudaeam
1471 2007 1835 2072 perlustrabat3
1887 2014 1940 2056 et

112 2082 361 2139 quotquot
389 2076 672 2125 inveniebat
693 2077 842 2126 urbes
871 2077 1089 2140 dirutas,
1128 2077 1375 2125 aedificari
1399 2077 1626 2125 iubebat:
1664 2084 1811 2140 atque
1836 2076 1936 2124 hoc

110 2152 260 2210 pacto
293 2145 594 2194 instauratae
625 2154 742 2194 sunt
777 2148 1020 2209 Samaria,
1054 2150 1265 2209 Azotus,
1301 2146 1647 2211 Scythopoli8‚
1683 2146 1934 2209 Antedon,

111 2214 334 2279 Raphia,
386 2216 542 2278 Dora,
590 2216 820 2279 Marissa,
869 2224 920 2264 et
957 2217 1078 2264 aliae
1100 2233 1203 2265 non
1227 2232 1436 2281 paucae:
1487 2216 1638 2280 idque
1666 2217 1934 2265 mandante

114 2284 353 2347 Gabinio,
405 2302 616 2350 quorum
651 2285 859 2352 posthac
893 2285 1132 2334 habitatio
1172 2293 1277 2333 tuta
1316 2287 1622 2352 permansit,
1673 2303 1785 2335 cum
1819 2294 1934 2334 ante

110 2355 260 2419 longo
284 2364 508 2421 tempore
533 2355 754 2406 desertae
775 2355 1007 2404 fuissent:
1044 2357 1113 2404 Ut
1135 2356 1300 2419 itaque
1332 2357 1438 2404 sine
1478 2356 1672 2404 civibus
1714 2364 1763 2404 et
1794 2357 1935 2405 aedi-

111 2425 244 2473 ficiis
278 2426 395 2475 urbs
426 2426 675 2490 Samaria,
717 2426 788 2474 ita
824 2426 932 2474 sine
966 2426 1167 2474 nomine
1201 2426 1358 2474 iacuit
1384 2427 1447 2474 ad
1477 2425 1688 2491 primam
1710 2442 1869 2491 usque
1904 2445 1935 2475 a

116 2496 329 2544 Gabinio
372 2504 654 2562 susceptam
691 2496 794 2545 eius
830 2497 1220 2562 reparationem,
1256 2513 1352 2561 qua
1386 2497 1637 2561 Γαβινίων
1664 2492 1810 2557 πόλις
1839 2515 1934 2563 ap-

114 2566 294 2632 pellari
325 2567 538 2615 meruit:
575 2584 632 2615 ac
657 2566 871 2631 sequutis
895 2567 1092 2615 demum
1114 2566 1255 2614 annis
1276 2567 1336 2614 ab
1361 2566 1557 2615 Herode
1577 2566 1933 2631 ἐπικτισθεῐσα,

115 2636 376 2685 Sebastes
361 2654 413 2685 m
435 2637 656 2709 Augusti
670 2636 910 2685 honorem
934 2638 1127 2721 accepit
1154 2636 1554 2701 appellationem.

257 2708 369 2770 Pag-
404 2710 525 2761 309.
552 2700 647 2758 Ἠν
672 2702 940 2773 Ὀλυμπιάς
969 2702 1088 2775 qna'
1092 2706 1123 2772 .]
1159 2707 1330 2756 Brevis
1364 2706 1488 2755 haec
1520 2707 1762 2756 sententia
1785 2708 1933 2774 plura

115 2776 181 2825 ad
198 2784 481 2858 temporum
505 2794 782 2826 mensuram
807 2779 1081 2843 spectantia
1112 2777 1348 2826 continet.
1403 2776 1705 2827 Huiusmodi
1728 2787 1802 2827 est
1828 2780 1935 2827 cla-

113 2847 219 2896 rior
253 2849 355 2896 eius
391 2848 651 2913 expositio.
690 2848 1000 2913 Olympiadis
1038 2851 1153 2903 189.
1179 2848 1370 2913 primus
1405 2864 1565 2895 annus
1605 2848 1648 2896 is
1682 2849 1806 2911 fuit,
1846 2849 1936 2913 qui

115 2925 229 2965 ante
253 2919 360 2966 Kal.
387 2918 588 2967 Martias
613 2918 743 2967 diem
770 2926 967 2967 sextum
995 2919 1098 2967 ‹lies
1124 2918 1245 2966 alios
1275 2918 1371 2966 rite
1393 2918 1758 2984 compositeque
1777 2919 1935 2966 inter-

116 2988 350 3036 calandos
386 2989 606 3054 excepit,
657 3005 772 3037 cum
805 2989 946 3054 prius
980 2988 1211 3037 nonnihil
1235 2995 1376 3037 extra
1397 2989 1623 3038 ordinem
1653 2989 1935 3038 exorbitas-

116 3064 252 3120 sent,
290 3066 339 3106 et
367 3058 422 3105 in
442 3076 580 3107 aerae
607 3058 945 3108 Antiochenae
972 3058 1264 3123 vigesimum
1303 3066 1538 3124 quartum
1572 3058 1671 3107 iam
1712 3059 1935 3138 comple·-

115 3134 227 3175 tum
261 3134 310 3174 et
338 3128 621 3178 absolutum
658 3129 837 3178 incidit
887 3130 1085 3197 (verius
1125 3137 1258 3178 certe
1301 3145 1596 3195 reponerem
1644 3128 1933 3192 vigesimum

118 3195 375 3263 quintum)
414 3215 513 3263 quo
551 3199 696 3248 etiam
729 3199 1060 3266 Aegyptiacus
1096 3216 1254 3248 annus
1275 3199 1416 3265 prius
1443 3216 1596 3262 vagus
1621 3206 1670 3246 et
1691 3199 1932 3260 incertus,

116 3268 204 3315 vel
231 3276 391 3316 certus
418 3268 641 3332 quidem,
677 3277 729 3318 at
756 3287 861 3318 non
898 3271 1052 3334 magis
1076 3271 1296 3318 Romana
1335 3288 1362 3319 a
1396 3269 1682 3317 confusione
1712 3267 1842 3316 liber
1882 3277 1932 3316 et

119 3336 352 3385 immunis
373 3337 503 3386 fixus
527 3340 778 3403 constitit,
813 3348 863 3388 et
891 3340 1029 3389 omni
1048 3341 1228 3389 menda
1253 3340 1529 3403 castigatus.
1576 3338 1709 3386 Haec
1730 3354 1931 3386 rursum

120 3405 332 3455 obscura
362 3408 524 3456 lucem
562 3409 765 3473 exigunt
800 3418 850 3459 et
883 3410 1158 3459 uberiorem
1201 3407 1672 3474 interpretationem.
1751 3407 1929 3457 Aeram

118 3475 479 3527 Antiochenam
500 3476 617 3545 (qua
639 3479 877 3529 nimirum
896 3480 1159 3530 Antiochia
1180 3478 1414 3530 Romanis
1436 3476 1676 3541 subiecta,
1711 3494 1932 3543 moxque
