2222 3938
343 224 364 233 -
618 179 718 234 ET
761 177 1353 235 ANNoTATIONEs.
1794 168 1922 233 543
1983 158 1996 169 '

88 309 318 362 mutandi
340 316 509 376 posset
534 325 637 358 esse
658 317 779 358 nota
807 308 1107 372 certissima,
1150 309 1248 357 nisi
1277 325 1355 357 me
1384 308 1576 358 numeri
1600 303 1683 374 ιη’.
1707 312 1792 364 18.
1817 309 1921 360 MS.

86 384 144 431 in
179 382 407 430 omnibus
444 381 732 441 consensio,
781 388 830 429 et
862 398 1011 445 quam
1044 381 1273 446 superius
1309 379 1568 428 observavi
1605 397 1719 429 cum
1757 379 1922 429 Theo-

85 453 252 520 phane
281 451 478 515 Georgii
502 452 770 499 concordia
789 452 1042 500 retineret.
1082 451 1229 511 Quod
1255 451 1439 499 veritas
1465 457 1728 516 extorquet
1747 451 1922 499 lubens

86 525 263 573 fateor.
298 524 465 571 Annos
485 525 569 575 18.
606 522 717 569 Lini
746 522 1066 570 Pontificatus
1093 529 1324 570 numerat
1344 521 1624 586 Georgius?
1660 521 1764 570 Sub
1789 522 1923 570 Tro·

84 596 200 643 iano
241 593 419 655 igitur,
469 592 605 656 quod
641 592 916 641 communis
956 592 1312 657 Chronologiae
1350 609 1456 641 vox
1491 591 1694 655 asserit,
1729 599 1923 658 marty-

84 666 217 715 rium
245 665 467 712 Clemens
494 663 710 711 subiicit.
760 664 983 712 Clemens
1017 663 1070 710 in
1093 663 1358 711 adversum
1382 663 1511 711 circa
1533 662 1803 711 Domitiani
1831 663 1919 711 in·-

84 736 288 784 teritum
325 753 352 781 a
384 733 659 782 Domitiano
698 733 859 782 iussus
892 742 965 781 est
993 734 1247 782 interimi?
1295 734 1448 782 Linus
1480 734 1644 799 itaque
1678 751 1782 781 non
1815 734 1919 781 nisi

11 868 14 870 q
84 806 301 870 scriptos
328 806 387 853 ab
411 804 624 852 Eusebio
651 821 807 852 annos
834 808 916 857 11.
943 812 1112 870 potest
1139 804 1385 854 obtinere:
1424 812 1570 870 atque
1592 804 1662 852 ita
1699 804 1919 871 scriptor

82 878 214 926 idem
241 875 437 924 sibimet
464 875 742 940 oppositum
1557 874 1561 876 i

222 942 588 1012 Ἀλεξανδρείας
618 943 675 1012 γ’.
704 944 975 1004 ἐπίσκοπος
1009 943 1278 1011 Αἰμίλιος.]
1329 942 1548 993 Primum
1583 942 1922 994 Alexandriae

81 1018 364 1068 Praesulem
389 1015 584 1064 Author
613 1023 766 1082 putut
800 1016 1050 1078 Marcum;
1091 1015 1360 1064 secundum
1388 1015 1662 1077 Anianum3
1699 1016 1917 1079 tertium,

81 1087 219 1137 hunc
245 1087 542 1149 Aemilium,
580 1104 724 1151 quem
749 1084 967 1133 Abilium
1001 1085 1175 1134 scribit
1204 1086 1471 1147 Eusebius,
1506 1086 1711 1137 Barber.
1739 1087 1920 1153 Αἰγμί-

82 1163 218 1216 λιον,
258 1159 422 1207 Perez.
457 1154 703 1225 Ἀμέλιον.
733 1156 868 1222 ⁴Eius
906 1156 1225 1205 Pontificatui
1256 1157 1498 1204 tredicem
1531 1173 1688 1206 annos
1714 1158 1921 1207 ascribit

81 1229 334 1280 Eusebius.

221 1301 335 1362 Pag.
357 1298 478 1354 345.
499 1292 851 1365 Ἱεροσολύμων
874 1296 1146 1358 ἐπίσκοπος
1166 1291 1227 1364 γ’.
1248 1291 1484 1362 Ἰούδας]
1511 1296 1657 1345 Iudae
1675 1296 1920 1346 Hieroso-

79 1372 334 1437 lymorum
361 1370 607 1417 Antistitis
632 1368 768 1416 tertii
787 1368 1136 1416 Pontificatum
1157 1368 1220 1415 ad
1246 1385 1430 1416 annum
1457 1385 1483 1413 a
1506 1368 1684 1416 mundi
1708 1369 1919 1416 conditu

80 1446 236 1496 5587.
277 1448 327 1488 et
357 1458 385 1488 a
426 1439 610 1488 Christi
636 1447 752 1488 ortu
789 1443 872 1492 87.
910 1439 1066 1487 refert
1101 1438 1367 1502 Georgius,
1404 1437 1546 1486 cuius
1585 1446 1707 1487 nota
1747 1455 1800 1486 ea
1842 1446 1918 1487 est

80 1512 386 1572 certissima,
426 1511 560 1575 quod
595 1527 650 1557 eo
685 1509 858 1557 mundi
885 1517 934 1557 et
965 1508 1149 1557 Christi
1181 1510 1352 1557 aetatis
1385 1526 1591 1557 numero
1619 1510 1710 1558 sub
1749 1509 1915 1574 primo

77 1582 286 1649 paginae
311 1581 484 1629 limine
511 1581 730 1644 signato,
767 1580 977 1628 eundem
1013 1597 1214 1629 rursum
1249 1580 1390 1644 quasi
1430 1579 1816 1628 confirmaturus
1850 1580 1917 1628 li-

77 1671 170 1703 nea
224 1660 532 1720 praesentem
576 1659 769 1699 textum
815 1658 1048 1715 sequente
1099 1647 1322 1715 repetat,
1376 1650 1597 1715 adeoque
1629 1651 1807 1713 Iudae,
1855 1658 1917 1699 ut

76 1723 336 1790 praemisi,
385 1722 720 1771 Praesulatum
759 1721 823 1769 ad
852 1738 964 1769 eum
997 1720 1264 1771 devinciat.
1314 1722 1586 1786 Suspectus
1617 1721 1743 1770 mihi
1765 1721 1918 1770 Iudas

78 1795 172 1843 iste
189 1813 205 1844 ε
239 1795 300 1842 de
324 1811 423 1859 quo
447 1793 509 1841 ad
533 1810 643 1857 pag.
668 1792 790 1845 347.
812 1799 931 1840 nota
958 1808 1057 1856 seq.

219 1866 331 1928 Pag.
369 1864 488 1917 347.
524 1858 874 1931 Ἱεροσολύμων
900 1863 1174 1921 ἐπίσκοπος
1196 1854 1253 1927 y'.
1277 1855 1528 1925 Ἰοῦστος]
1570 1860 1647 1908 An
1687 1877 1792 1910 non
1827 1860 1913 1910 Iu-

75 1935 166 1985 das
189 1942 309 1986 nota
328 1934 580 2000 superiore
607 1932 883 1981 celebratus
905 1933 1082 1982 tertius
1109 1940 1183 1980 est
1197 1933 1222 1980 ’Β
1261 1932 1329 1979 Ut
1359 1932 1481 1996 quid
1507 1931 1592 1979 hic
1624 1931 1784 1980 Iustus
1812 1931 1915 1980 ite-

74 2023 189 2055 rum
224 2005 429 2067 tertius,
474 2004 657 2069 reliqui
685 2004 902 2052 numeris
937 2003 1314 2052 succedentibus
1354 2003 1713 2050 recensentur?
1763 2003 1912 2062 Quod

75 2077 222 2125 Iudas
250 2076 335 2124 ille
361 2075 570 2124 Eusebio
599 2083 647 2122 et
670 2073 952 2139 Nicephoro
979 2078 1206 2138 ignotus,
1245 2091 1272 2119 a
1310 2073 1521 2136 Georgio
1551 2073 1698 2120 fuerit
1721 2073 1911 2121 fortas·

76 2148 144 2196 sis
172 2148 428 2207 intrusus,
466 2154 515 2193 et
538 2145 669 2193 intra
700 2152 983 2192 numeratos
1012 2144 1187 2192 ordine
1216 2144 1467 2207 praesules
1492 2143 1597 2190 sine
1621 2143 1796 2190 ordine
1821 2160 1914 2190 nu-

75 2225 312 2266 meratus.
362 2217 422 2264 Ei
458 2224 623 2263 tamen
665 2214 1025 2262 successionem
1059 2222 1108 2262 et
1149 2212 1343 2260 numeri
1387 2212 1612 2260 ordinem
1636 2212 1689 2259 in
1717 2213 1914 2261 Canone

78 2287 330 2336 Chronico
355 2286 524 2334 censui
558 2285 934 2348 assignandum,
971 2301 1035 2331 ne
1055 2284 1137 2331 vel
1164 2283 1224 2331 ab
1247 2282 1471 2348 Authore
1492 2282 1759 2330 admissum
1795 2283 1914 2332 reii-

78 2375 270 2420 cerem,
318 2357 400 2407 vel
424 2359 480 2404 in
506 2355 609 2405 eius
647 2371 970 2404 numerorum
998 2355 1125 2402 male
1163 2354 1401 2418 digestam
1433 2353 1608 2402 seriem
1641 2353 1913 2403 incurrisse

74 2429 288 2480 viderer.

218 2501 331 2562 Pag.
365 2496 486 2551 348.
530 2496 702 2566 Λυσίᾳ
736 2489 972 2563 Κύπρι]
1021 2493 1078 2542 In
1111 2492 1262 2542 verba
1298 2492 1420 2554 ista,
1467 2494 1659 2556 Lysiae
1700 2493 1909 2557 Quinto,

74 2570 326 2619 Pontacus
353 2568 594 2616 Notarum
615 2567 670 2615 in
691 2565 960 2614 Eusebium
989 2581 1099 2629 pag.
1134 2567 1251 2618 603.
1280 2563 1479 2612 scribit:
1526 2562 1805 2612 Foedatam
1831 2583 1911 2612 or-

76 2640 441 2706 thographiam
473 2637 612 2685 docet
648 2639 728 2685 vir
759 2636 1085 2683 doctissimus
1113 2632 1449 2684 Casaubonus
1482 2637 1539 2681 in
1571 2636 1910 2699 Spartianum

67 2729 197 2777 pag.
236 2715 322 2765 27.
352 2719 398 2757 et
422 2707 686 2773 legendum
720 2709 910 2767 Lusio,
953 2724 1053 2770 pro
1092 2707 1297 2768 Lysiae.
1356 2706 1616 2769 Imprimis
1659 2703 1802 2770 quod
1831 2708 1909 2752 ita

76 2783 363 2829 nominetur
384 2799 418 2828 a
439 2782 715 2844 Spartiano
730 2815 743 2840 ,
781 2787 826 2826 et
851 2777 1124 2824 Ammiano
1152 2776 1237 2823 lib.
1271 2774 1358 2830 29.
1385 2774 1510 2822 dum
1541 2776 1822 2841 loquuntur
1848 2774 1909 2822 de

75 2854 242 2900 Lusio
280 2853 628 2898 strenuissimo
666 2853 795 2897 inter
837 2850 1051 2896 Traiani
1080 2846 1272 2894 Duces:
1304 2855 1563 2910 praeterea
1590 2845 1728 2911 quod
1757 2844 1909 2895 Geor-

71 2925 199 2987 gius
225 2922 512 2970 „Monachus
535 2920 722 2968 autlzor
749 2921 990 2981 Graecus,
1024 2920 1115 2982 qui
1140 2926 1274 2964 extat
1300 2919 1356 2964 in
1372 2917 1693 2965 Bibliotheca
1718 2918 1906 2982 Regia,

77 3003 125 3040 et
157 2992 306 3040 codex
335 2993 623 3040 Clarissimi
653 2992 856 3039 Petavii
890 2987 1095 3037 eandem
1128 2989 1436 3052 scripturam
1455 2985 1745 3037 adhibeant.
1782 2987 1908 3034 Sub-

79 3063 154 3110 dit
175 3062 393 3114 inferius.
446 3060 708 3113 Caeterum
743 3070 802 3108 ut
835 3058 1241 3108 commendamus
1269 3076 1578 3123 summopere
1617 3055 1909 3107 Gasauboni

76 3151 334 3181 summum
357 3133 622 3198 studium,
660 3135 739 3180 ita
763 3134 1087 3198 agnoscimus
1113 3147 1224 3177 eum
1249 3127 1504 3195 deceptum
1529 3129 1594 3177 ab
1623 3146 1701 3189 eo,
1738 3129 1831 3192 qui
1860 3128 1905 3173 ei

65 3203 227 3268 fidem
241 3206 440 3268 fecerat
459 3239 473 3265 ,
511 3207 588 3251 ita
621 3204 798 3252 haberi
823 3205 877 3250 in
909 3201 1077 3249 codice
1104 3202 1323 3248 Petavii.
1371 3199 1515 3248 Addo
1547 3197 1735 3264 pariter
1760 3197 1905 3245 foede

78 3274 402 3339 imposuisse,
437 3274 524 3338 qui
555 3275 761 3339 Regium
787 3272 1009 3322 codicem
1034 3273 1103 3320 ita
1133 3272 1319 3320 referre
1350 3277 1560 3319 testatus
1594 3274 1683 3317 est.
1741 3266 1903 3315 Semel

79 3343 246 3408 itaque
271 3351 320 3393 et
343 3345 525 3392 iterum
551 3345 721 3393 dolum
741 3361 916 3411 passus
943 3351 1016 3392 est
1040 3342 1370 3393 Casaubonus.
1419 3340 1498 3388 An
1522 3337 1784 3400 Quietum,
1820 3336 1904 3385 vel

80 3414 325 3474 Quintum
365 3415 497 3478 legas
543 3414 717 3463 edocet
765 3417 1038 3464 Pontacus:
1103 3413 1294 3474 Quinto
1333 3407 1716 3477 pronunciando
1769 3407 1903 3458 favet

81 3483 271 3534 Graeca
295 3484 527 3551 scriptio,
564 3501 691 3550 quae
713 3488 786 3554 τῷ
800 3524 815 3548 ,
850 3485 1081 3553 Κουίντῳ
1102 3483 1226 3532 scite
1246 3479 1604 3531 emendaretur.
