2222 3938
343 175 469 235 316
667 266 699 276 .,
766 181 1079 239 GEORGII
1114 181 1475 240 SYNCELLI
1507 178 1807 238 TEXTUS

482 311 597 376 Pag.
634 316 721 366 26.
760 309 819 358 A.
854 308 1065 358 verbum
1098 307 1365 378 δεθήσεται
1397 320 1558 362 mutat
1594 312 1649 360 in
1685 305 2006 378 βληθήσεται.
2053 310 2173 362 Ani-

341 381 504 433 madv.
526 398 654 464 pag.
684 380 802 436 245.
839 381 894 429 Β.
921 379 974 430 ἔκ
1003 399 1105 432 των
1143 381 1302 450 αγίων
1332 402 1434 434 των
1456 377 1795 467 Ἐγρηγόρων.
1825 383 1951 435 Scal.
1984 382 2039 435 ἐκ
2069 387 2174 434 τῶν

339 447 662 538 Ἐγρηγόρων.
722 449 846 501 ibid.
886 470 946 500 τα
994 470 1169 517 πρωτα
1207 456 1310 503 τῶν
1355 473 1604 520 γιγαντων
1638 448 1904 519 νεμόμεναι
1961 453 2068 519 ipse
2109 450 2172 504 τὰ

340 521 612 605 πνεύματα.
641 523 697 572 D.
726 521 780 572 έν
803 524 874 590 τῷ
896 525 1057 591 καιρῷ
1087 523 1274 574 ἐκείνω.
1298 525 1424 572 Scal.
1452 523 1506 575 έν
1528 529 1600 594 τῷ
1621 527 1780 610 καιρῷ
1804 523 2024 575 ἐκείνων.
2047 522 2172 572 ibid.

338 587 762 656 κατακαιόμενον,
793 592 904 659 ipse
926 575 1361 659 κατακαϊξόμενον.
1387 593 1510 643 ibid.
1533 593 1617 645 καὶ
1645 589 1710 645 ου’
1734 588 1977 644 παύσεται
1997 592 2034 658 ἦ
2051 589 2170 660 ὀργὴ

340 661 468 728 αὕτη
508 657 605 726 αφ’
639 660 817 729 ὁμων,
854 660 994 731 μέχρι
1027 668 1209 733 καιροῦ
1249 668 1448 732 σφαγῆς
1476 668 1578 716 τῶν
1610 665 1740 716 υἷων
1771 663 1946 731 ὐμαΐνε
1985 671 2173 712 cuncta

341 733 607 799 expunxit.

480 804 592 866 Pag.
636 805 724 856 28.
760 802 943 850 Totum
980 803 1182 852 titulum
1210 804 1265 857 ἐκ
1300 808 1392 856 τοῦ
1418 800 1740 892 Ἀλέξανδρον
1769 808 1864 857 τοῦ
1891 804 2173 856 Πολυΐστο-

339 893 428 941 ρος
454 881 549 923 etc.
571 873 642 920 ita
667 873 967 922 contrahit
951 893 1006 922 m
1030 875 1280 942 excerptis
1303 893 1413 944 pag.
1444 876 1492 930 5.
1530 871 1849 943 Ἀλέξανδρος
1876 875 2172 941 Πολυΐστωρ

337 945 394 996 ἐκ
416 947 506 1010 τῆς
529 940 727 1011 πρώτης
749 948 1014 1011 Βηροσσοῦ
1040 948 1348 1032 Χαλδαϊκῆς
1355 947 1590 1015 ἱστορίας.
1615 945 1741 999 ibid.
1766 946 2039 999 έσθίεσθον
2063 961 2172 993 mu-

336 1022 413 1064 tat
435 1015 489 1062 in
513 1013 800 1065 έσθιέσθαιε
835 1024 988 1081 prout
1013 1013 1193 1100 γόγγας
1218 1018 1270 1065 111
1293 1013 1515 1085 γόγγους.

479 1087 591 1150 Pag·
640 1090 724 1139 29
778 1085 833 1134 A.
884 1083 1236 1138 ’ὑποδεικνύειν
1279 1088 1481 1153 reponit
1525 1085 1892 1137 ὖποὸεικνῦναι
1937 1083 2062 1134 ibid.
2103 1080 2171 1147 τὸ,

335 1150 558 1220 ᾮαννην
599 1155 1013 1243 οΧΡι1ηΧ11ἧίόίιί.
1039 1157 1179 1207 ἐκεῖ
1164 1174 1272 1223 ipse
1300 1158 1354 1209 ἐν
1376 1161 1448 1227 τῷ
1473 1152 1689 1221 πελαγει.
1726 1156 1781 1204 Β.
1805 1174 2056 1242 μορφας,
2081 1153 2171 1202 ille

338 1223 562 1294 μορφήν.
593 1224 717 1274 ibid.
749 1227 803 1275 C.
834 1223 972 1293 ἄρχει
1002 1227 1089 1274 ille
1120 1225 1301 1294 ἄρχειν.
1331 1211 1456 1275 ibid.
1497 1229 1783 1293 Ὀμορῶκα,
1814 1225 1901 1274 1110
1936 1219 2171 1291 Ὀμόρκα.

337 1296 464 1345 ibid.
489 1291 927 1362 μεθερμηνεύεται.
956 1297 1044 1345 1110
1067 1293 1551 1363 μεθερμηνεύεσθαι.

382 1367 384 1370 ’
481 1368 593 1430 Pag·
629 1370 713 1420 30-
752 1366 810 1415 A.
851 1358 1137 1433 Ξίσουθρον
1164 1368 1338 1417 scribit
1363 1375 1715 1432 excerptorum
1740 1381 1851 1432 pag.
1881 1369 1930 1419 8.
1962 1364 2172 1416 Σείσου-

336 1443 486 1505 θρον.
517 1437 571 1484 Β.
604 1431 1017 1504 αναγραφεσθαι,
1055 1439 1141 1487 1110
1175 1434 1575 1524 ἄναγεγραφθαι.
1609 1435 1732 1485 ibid.
1759 1436 1976 1502 ἐμβῆναι
2003 1434 2172 1484 reddit

338 1508 591 1556 contrario
619 1525 766 1556 sensu
791 1508 1013 1575 ἐκβῆναι.
1041 1508 1164 1559 ibid.
1154 1505 1417 1599 Ηπόμικίἰκ,
1453 1509 1540 1556 1110
1566 1504 1715 1574 πόμα.
1743 1507 1795 1555 C.
1822 1507 2048 1567 καθίσαι,
2084 1505 2172 1553 ille'

338 1580 549 1630 κατίσαι.
581 1578 703 1626 ibid·
728 1578 1013 1662 Ξίσουθρον
1034 1580 1122 1627 1110
1147 1578 1476 1670 Ξείσουθρον.
1525 1580 1582 1629 D.
1610 1597 1795 1635 ταυτα,
1829 1576 1917 1624 1110
1939 1596 2016 1627 τα.
2044 1574 2168 1623 ibid·

336 1650 488 1698 veiha
521 1648 644 1696 haec
671 1645 915 1716 έκβαντας
946 1653 1104 1715 ζητεῖν
1137 1646 1287 1701 αὐτὸν
1318 1650 1400 1701 ἐπὶ
1430 1644 1672 1715 ὀνόματος
1706 1650 1947 1734 βοωντας.
2001 1666 2089 1698 τον
2113 1643 2169 1697 δὲ

340 1719 659 1786 Ξίσουθρον,
698 1721 962 1784 expunxit
988 1720 1115 1768 ibid.
1141 1716 1268 1787 παρ’
1298 1718 1487 1781 αὐτῶν,
1523 1720 1611 1768 1110
1633 1712 1757 1785 παρ’
1782 1712 1955 1769 αυτόν.

478 1791 590 1853 Pag.
628 1793 712 1843 31.
750 1790 809 1838 A
858 1786 1134 1857 Σισπαρων
1169 1791 1244 1839 bis
1288 1791 1464 1839 scribit
1498 1786 1804 1855 Σιππαρων,
1855 1795 1905 1836 et
1938 1790 2170 1838 κατακλι-

144 1861 195 1903 P·
225 1860 311 1905 517
341 1859 521 1919 θέντος
543 1861 654 1908 vice
683 1860 1107 1926 κατακληθέντοςε
1159 1869 1209 1910 et
1240 1862 1498 1922 lacunam,
1536 1861 1621 1908 ubi
1649 1861 1838 1924 integer
1872 1874 2043 1907 sensus
2076 1865 2167 1921 est,

334 1931 594 1980 interiicit:
636 1938 685 1978 et
707 1951 762 1982 το
787 1931 1022 1996 διαμένον
1043 1932 1156 1980 vice
1186 1931 1434 2017 διαμένειν
1453 1931 1707 1996 supponit.

476 2003 589 2065 Pag.
621 2005 706 2055 32.
744 2003 799 2051 A.
836 2003 984 2051 veiba
1010 2003 1103 2050 ista
1127 2002 1343 2053 λέλεκται
1367 1997 1694 2069 απαγορεύων
1721 1996 1878 2067 μηδὲν
1900 1994 2028 2049 εἶναι
2047 1993 2167 2064 αλη-

335 2070 442 2131 θές.
485 2073 701 2134 Scaligei
730 2081 889 2121 mutat
920 2081 968 2121 et
1007 2081 1211 2121 truncat
1243 2074 1413 2121 Notar.
1450 2090 1559 2138 pag.
1597 2073 1718 2126 246.
1756 2069 1975 2120 λέλεκται
2009 2068 2166 2134 μηδέν

336 2143 467 2194 ἔστιν
482 2138 681 2207 α’ληθές.
706 2142 828 2192 ibid.
849 2163 950 2194 των
973 2163 1070 2226 προ
1081 2164 1188 2207 του,
1213 2151 1402 2191 mutato
1429 2160 1537 2190 50115
1544 2136 1919 2207 ureponitvovg
1936 2158 2032 2206 προ
2058 2143 2164 2190 τοῦ.

335 2214 389 2262 Β.
408 2221 523 2277 post
538 2214 736 2260 verba’
714 2233 766 2264 εν
794 2215 985 2274 ζωδίοις
1007 2210 1085 2280 ιβ’.
1113 2216 1310 2280 μοίραις
1334 2214 1490 2261 lineas
1515 2230 1603 2261 sex
1618 2213 1832 2276 integias
1857 2210 2100 2275 explodit,
2115 2217 2166 2258 et

334 2303 390 2334 το
429 2279 738 2350 γινώσκοντα
781 2301 987 2348 sequens
1022 2292 1183 2332 mutat
1218 2286 1271 2331 in
1305 2298 1657 2351 γινωσκοντας.
1729 2282 1882 2330 Paulo
1917 2280 2162 2346 supeiius,

333 2355 594 2417 lacunam,
634 2372 758 2419 quae
794 2356 934 2403 nulla
967 2363 1066 2418 est,
1104 2355 1201 2403 sibi
1237 2354 1396 2419 fingit.
1435 2355 1488 2404 C.
1515 2354 1725 2402 verbum
1756 2349 1970 2418 ἥμισυν,
2004 2358 2167 2399 mutat

332 2425 388 2472 in
411 2423 600 2493 ημέρας
627 2420 697 2475 ιε’.
722 2425 859 2474 haud
883 2426 1083 2490 quidem
1106 2427 1261 2489 falso,
1298 2425 1385 2474 sed
1411 2426 1578 2473 minus
1613 2424 1676 2472 ad
1703 2422 2010 2471 characteies
2035 2421 2164 2470 fide-

334 2496 477 2558 liter,
516 2498 695 2560 quibus
727 2505 846 2544 nota
876 2511 973 2549 Q:
1010 2493 1168 2563 ἥμισυ
1205 2514 1310 2544 non
1337 2491 1406 2547 ιε’.
1440 2496 1511 2544 εἰσ
1484 2495 1706 2559 gnificat.
1734 2492 1858 2543 ilud.
1889 2491 1974 2543 καὶ
2002 2511 2165 2557 μηνας

337 2563 457 2615 ἑπτα
487 2566 573 2617 καὶ
609 2563 890 2633 ἕβδομαδας
915 2573 1071 2633 τρεῖς.
1123 2568 1222 2616 MS.
1259 2569 1376 2630 Reg.
1406 2568 1538 2615 clare
1561 2567 1746 2628 refert,
1783 2563 1870 2613 secl
1907 2568 2164 2611 contracte

334 2642 473 2686 ποιεῖ
499 2636 606 2697 ε”τος
630 2638 687 2687 ὲν
714 2651 813 2692 Q.
849 2635 906 2705 γ’.
933 2655 1141 2702 quarum
1167 2645 1397 2686 notarum
1424 2637 1566 2704 prior
1588 2644 1660 2685 est
1692 2631 1905 2700 η’μισυς,
1943 2633 2163 2681 secunda

334 2706 422 2753 ubi
450 2707 560 2755 aliis
584 2709 920 2756 numeralibus
949 2709 1236 2772 adiungitur
1260 2703 1513 2797 τριμὸριον
1543 2714 1646 2769 est,
1679 2705 1776 2752 hoc
1806 2711 1880 2752 est
1909 2720 2026 2768 pars
2053 2707 2160 2751 ter..

333 2777 435 2836 tia,
472 2794 521 2826 v.
548 2795 589 2826 0.
617 2773 723 2862 (ὅρα
745 2774 805 2830 α’.
825 2775 882 2847 γ’.
907 2779 1028 2844 legis
1054 2775 1161 2848 ω’ρα
1183 2780 1300 2845 μία,
1336 2778 1422 2829 καὶ
1445 2774 1595 2829 λεπτα
1618 2776 1743 2842 τρία.
1763 2774 1931 2838 itaque
1952 2770 2006 2824 τὸ
2026 2779 2167 2825 ποιεῖ

337 2846 443 2906 ε’τος
465 2848 522 2897 ὲν
547 2860 646 2901 Q·
676 2844 733 2915 γ’.
766 2867 996 2915 possum,
1040 2858 1209 2898 coacte
1235 2850 1357 2898 licet
1385 2863 1632 2914 exponere
1657 2850 1794 2896 ποιεῖ
1823 2845 1928 2903 ἔτος
1951 2845 2038 2907 ἐν,
2073 2843 2161 2895 καὶ

334 2914 516 2983 ἥμισυ,
552 2917 639 2967 καὶ
661 2938 749 2970 του
777 2918 997 2985 ἡμίσεως
1024 2917 1082 2971 τό
1111 2922 1277 2987 τρίτον
1310 2918 1485 2985 μέρος,
1525 2934 1720 2964 annum
1746 2933 1858 2963 cum
1884 2912 2076 2978 medio,
2114 2923 2160 2961 et

335 2987 488 3053 medii
515 2990 716 3050 mente
752 2990 807 3038 id
834 2999 931 3052 est,
971 3008 1085 3038 cum
1114 2989 1359 3037 mensibus
1383 2992 1430 3041 8.
1458 2989 1723 3052 componit.
1793 2988 1859 3034 At
1884 2984 1998 3048 quia
2021 2984 2161 3034 invi-

334 3067 416 3107 tus
441 3058 525 3106 hic
559 3027 729 3107 sensu⁷s
752 3061 1052 3122 accersitur,
1090 3067 1140 3108 et
1167 3060 1272 3108 dies
1297 3058 1517 3123 quinque
1541 3074 1746 3106 numero
1772 3055 2049 3105 desiderato
2074 3073 2160 3104 su-

335 3135 568 3196 persunt.
603 3137 662 3176 ut
686 3130 923 3194 Scaligeri
951 3131 1266 3179 coniecturae
1290 3129 1508 3178 vicinior
1533 3128 1816 3176 accederem
1839 3143 1953 3174 cum
1982 3142 2039 3174 eo
2066 3142 2159 3174 ex-

335 3200 512 3267 posui,
547 3199 630 3248 vel
665 3204 862 3249 correxi
890 3207 1027 3250 ποιεῖ
1061 3200 1169 3260 ε’τος
1200 3201 1258 3250 ὲν
1289 3203 1451 3265 μῆνας
1492 3195 1543 3258 ζ’.
1574 3197 1660 3248 καὶ
1695 3193 1976 3264 ἓβδομαὸας
2010 3203 2154 3262 τρεῖς.

337 3287 499 3319 mense
535 3269 720 3335 quippe
754 3270 806 3317 in
833 3269 1162 3319 hebdomades
1192 3269 1381 3331 diviso,
1418 3276 1582 3335 partes
1621 3269 1722 3318 eius
1748 3277 1879 3330 tres,
1916 3274 2034 3314 sunt
2055 3275 2158 3316 tres

337 3341 697 3389 hebdomades:
747 3339 928 3406 quibus
964 3341 1085 3389 solis
1129 3340 1299 3389 diebus
1339 3341 1390 3394 4.
1431 3340 1641 3404 additis,
1692 3339 1797 3389 dies
1846 3338 2034 3405 pariter
2070 3336 2156 3391 25.

339 3428 687 3460 nanciscimur.

479 3483 593 3548 Pag.
628 3485 713 3536 33.
751 3480 812 3534 A.
847 3485 956 3544 ταῖς
984 3478 1150 3551 ἁγίαις
1175 3484 1411 3550 γραφαῖς.
1452 3479 1581 3530 Scal.
1610 3480 1725 3531 Not.
1751 3495 1865 3547 pag.
1901 3479 2024 3534 260.
2049 3479 2158 3537 ταῖς
