2222 3938
309 192 437 251 366
959 195 1539 251 EMENDATIONES

445 325 529 381 Ἐν
567 331 631 398 τῇ
666 327 823 395 βίβλῳ
844 327 935 390 τῆς
960 319 1206 391 Σωθεος]
1241 326 1308 374 Ut
1338 326 1441 375 Mei
1444 326 1569 375 curii
1592 326 1775 375 Genica
1803 328 2020 392 Scaliger
2042 345 2135 377 ex-

309 400 456 468 ponit
495 400 681 466 primas
717 397 1043 460 Aegyptiacae
1065 399 1222 460 gentis
1262 398 1495 463 Origines·
1517 399 1783 463 aperuisse.
1819 399 1890 446 ita
1911 403 2002 465 τῆς
2028 394 2142 450 Σοί.

310 479 432 532 θεος
466 473 642 537 βίβλον
666 471 758 518 τοῦ
788 470 1022 517 Μανεθῶ
1051 485 1078 514 3
1105 467 1362 515 Sothiacae
1389 469 1583 533 periodi
1609 470 1752 516 initio
1777 485 1947 532 regum
1974 473 2141 534 Aegy-

313 543 535 622 ptiorum
568 537 830 604 Dynastias
873 537 1220 586 Manethonem
1257 539 1518 587 deduxisse
1551 538 1889 587 indubitanter
1927 539 2142 587 affirmat

313 613 493 680 pagina
532 610 650 663 248.
721 609 811 658 Est
844 616 1008 656 autem
1044 609 1141 674 ipsi
1169 609 1350 670 Sothis,
1386 610 1440 657 Io
1473 610 1575 658 filia
1602 610 1797 673 Inachi,
1835 627 1863 657 a
1886 612 2023 658 cuius
2051 627 2141 674 pe-

311 680 647 746 regrinatione
673 679 729 727 in
756 682 1035 744 Aegyptum
1063 698 1308 728 annorum
1333 697 1536 728 suorum
1556 682 1875 730 certissimam
1904 679 2143 746 epocham

313 751 580 816 Aegyptios
614 750 786 798 iniisse
811 758 967 801 tenet.
1037 751 1223 799 Tantus
1247 752 1378 799 inest
1397 752 1507 798 viro
1529 752 1799 817 suppositis
1832 751 1979 799 etiam
2005 751 2143 799 fabu-

313 824 376 871 lis
413 831 463 870 et
497 821 641 868 libris
678 819 1044 886 priniaevarum
1080 823 1322 885 originum
1357 822 1736 871 iudicandarum
1769 823 1934 870 ardor.
2006 821 2144 881 Quid

154 897 210 942 V.
240 898 294 944 13
316 900 449 941 certo
469 891 650 952 Sothis,
689 892 961 956 Aegyptius
984 892 1147 941 Horus
1163 892 1550 957 Hieroglyphico
1573 897 1622 946 3.
1641 894 1936 943 manifestat.
1978 891 2145 942 ἐνιαυ-

312 960 397 1014 τὸν
447 961 501 1013 δὲ
551 958 850 1028 βουλόμενοι
899 964 1145 1051 δηλῶσαι,
1195 961 1321 1014 Ἴσιν
1357 959 1496 1013 τοῦτ’
1544 964 1643 1014 ε’στι
1685 969 1898 1030 γυναῖκα
1950 964 2147 1048 ζωγρα-

317 1037 490 1098 φοῦσι.
540 1036 610 1101 τῷ
636 1032 690 1082 δὲ
716 1029 854 1101 αὐτῷ
875 1032 958 1083 καὶ
983 1052 1075 1098 την
1113 1030 1239 1085 θεόν
1265 1035 1611 1116 σημαίνουσιν.
1651 1031 1770 1094 ’Ίσις
1796 1031 1850 1083 δὲ
1876 1053 1976 1100 παρ
2040 1027 2147 1082 αυ’-

313 1109 419 1164 τοῖς
461 1103 594 1154 ἐστὶν
641 1099 793 1189 ἀστὴρ
837 1104 1136 1170 Αἰγυπτιστὶ
1176 1103 1485 1188 καλούμενος
1525 1108 1729 1164 Σῶθις,
1777 1102 2051 1168 Ἑλληνιστὶ
2092 1099 2147 1152 δὲ

315 1170 657 1239 Ἀστρωκύων,
700 1171 753 1233 ὃς
780 1173 865 1223 καὶ
891 1177 1031 1224 δοκεῖ
1048 1170 1330 1239 βασιλεύειν
1350 1179 1450 1225 τῶν
1473 1178 1664 1224 λοιπων
1690 1169 1926 1240 ἀστέρων.
1983 1176 2146 1219 Porro

316 1262 512 1292 annam
555 1243 894 1291 demonstrate
923 1245 1167 1307 volentes,
1178 1245 1348 1307 Isin,
1393 1246 1487 1292 lzoc
1521 1254 1592 1291 est
1614 1245 1868 1291 mulierem
1896 1244 2147 1314 pingunt:

317 1334 416 1382 qao
468 1317 619 1361 etiam
656 1317 804 1379 signo
846 1317 1014 1363 Deam
1050 1317 1360 1381 signficant.
1431 1317 1528 1363 Est
1558 1325 1727 1362 autem
1761 1313 1907 1379 apud
1937 1331 2016 1361 eos·
2051 1313 2150 1362 Isis

314 1384 505 1450 sydus,
573 1385 712 1449 qaod
761 1384 1011 1451 Aegyptio
1058 1387 1261 1466 quidem
1302 1389 1499 1435 nomine
1545 1387 1740 1444 Sotlzis,
1797 1387 1987 1433 Graeco
2034 1401 2149 1432 vero

314 1458 600 1520 Astrocyon
629 1453 822 1503 dicitu]
834 1494 848 1518 ,
892 1459 983 1522 qui
1006 1466 1052 1503 et
1090 1461 1222 1505 inte]
1255 1459 1456 1523 reliqua
1488 1457 1668 1521 sydera
1700 1458 2052 1521 principatum
2074 1472 2150 1504 νι-

317 1527 466 1574 cleta]
494 1526 742 1574 obtinere:
781 1530 914 1590 quod.
945 1528 1076 1575 circa
1106 1529 1239 1575 canis
1276 1537 1442 1577 ortum
1476 1530 1574 1577 Aeo
1547 1536 1729 1593 gyptus
1766 1543 2010 1575 annorum
2037 1542 2152 1572 suo-

315 1616 426 1648 :tum
452 1597 645 1662 periodi
673 1599 899 1663 posueiit
925 1599 1255 1665 principium:
1296 1601 1356 1648 de
1386 1617 1483 1663 quo
1509 1607 1617 1646 tum
1644 1597 1871 1646 authores
1895 1596 2005 1656 alii,
2040 1603 2151 1643 tum

315 1669 626 1757 Porphyrius
649 1669 783 1734 apud
806 1669 1045 1716 Allatium
1075 1673 1134 1718 de
1154 1671 1387 1718 Mensura
1417 1672 1715 1734 Temporum
1742 1686 1849 1733 cap.
1877 1672 1958 1720 16.
1995 1667 2152 1754 Αἰγυ-

316 1741 480 1798 πτίοις
499 1734 626 1804 ἆρχη
647 1738 784 1798 ε’τους
805 1735 894 1804 οὐχ
917 1736 1174 1806 υδροχόος,
1214 1761 1281 1801 ως
1296 1740 1580 1828 ζῬωμαίοις,
1623 1735 1744 1789 ἄλλα
1767 1735 2005 1805 κᾶρκινος
2025 1756 2154 1804 προς

314 1806 410 1877 γὰρ
429 1813 498 1858 τῶ
519 1811 737 1896 καρκίνῳ
755 1830 787 1875 η
777 1807 1042 1869 Σῶθις,
1020 1809 1087 1876 η“ν
1103 1809 1252 1871 κυνὸς
1278 1807 1455 1895 οἷστέρα
1471 1811 1522 1860 οἱ
1531 1807 1768 1874 Έλληνες
1789 1809 1974 1873 φασίν·
2015 1811 2154 1858 Νου-

314 1881 469 1946 μηνία
494 1876 545 1928 δ’
573 1873 742 1939 αὐτοῖς
765 1878 801 1945 ἦ
824 1876 1046 1940 Σωθεως
1075 1877 1312 1948 οἷνατολή.
1385 1882 1658 1945 Aegypt-iis
1688 1882 1814 1927 anni
1830 1879 2153 1944 principium

313 1968 412 1998 non
437 1949 704 2014 Aquarius
741 1952 1015 2011 2315,de
1039 1953 1319 2014 Romanis,
1358 1951 1449 1999 sed
1478 1950 1694 2000 Cancer:
1722 1960 1883 2015 prope
1909 1965 2153 1995 cancrum

313 2023 445 2068 enim
473 2020 646 2067 Sotlzis
673 2029 773 2083 est,
813 2040 958 2086 quem
993 2023 1175 2070 Graeci
1202 2026 1346 2071 canis
1370 2024 1568 2070 stellam
1606 2021 1803 2069 dicunt.
1877 2020 2154 2068 Neomenia
2190 2049 2196 2051 —

312 2109 426 2142 vero
451 2092 596 2138 canis·
619 2101 817 2138 exortus
842 2101 913 2140 est
935 2095 1076 2156 ipsi-5¹.
1149 2095 1200 2142 Si
1227 2095 1348 2160 quid
1375 2094 1446 2142 ibi
1468 2094 1527 2142 de
1553 2090 1870 2158 Aegyptiacis
1897 2087 2152 2156 Dynastiis

316 2163 546 2211 observat
571 2162 787 2225 Scaliger
811 2163 1046 2212 caecutio.

463 2234 606 2282 Θεῶν
628 2233 714 2282 καὶ
741 2230 971 2300 ἡμιθέων
998 2230 1196 2284 νεκύων
1232 2232 1317 2283 καὶ
1344 2232 1588 2298 θνητῶν]
1629 2233 1766 2292 Quos
1789 2248 1926 2296 reges
1951 2229 2153 2296 Aegyp-

313 2303 377 2351 tii
412 2303 538 2350 Deos
566 2304 900 2353 existimarint
926 2307 1134 2370 exponit
1161 2304 1391 2352 Man'etho
1418 2306 1552 2370 apud
1581 2303 1847 2351 Eusebium
1883 2302 1972 2351 lib.
2002 2307 2050 2354 2.
2089 2301 2152 2348 de

317 2376 543 2438 Praepar.
579 2375 766 2438 Evang.
796 2393 905 2442 cap.
934 2381 982 2429 1.
1010 2375 1234 2424 homines
1262 2375 1498 2423 nimirum
1525 2375 1759 2422 mortales
1790 2373 2010 2422 eiusdem
2037 2388 2152 2419 cum

318 2445 578 2492 caelitibus
603 2445 846 2509 nominis,
884 2454 1093 2512 plopter
1117 2446 1406 2512 sapientiam
1434 2455 1481 2494 et
1505 2445 1787 2493 communia
1813 2445 1866 2492 in
1891 2443 2152 2491 hominum

317 2532 470 2578 genus
506 2516 712 2578 merita,
755 2525 802 2564 et
843 2518 899 2564 111
936 2519 1201 2583 Rempubl.
1238 2518 1432 2565 felicius
1469 2517 1861 2565 administratam
1893 2512 2148 2574 beneficia,

317 2587 678 2634 immortalium
705 2587 976 2636 honoribus
1003 2597 1050 2635 et
1075 2589 1171 2649 aris
1201 2588 1442 2650 donatos3
1482 2587 1756 2647 Semideos,
1795 2585 2019 2633 homines
2044 2582 2150 2629 ani-

317 2673 422 2703 mas
452 2656 680 2705 caelestes
705 2657 885 2707 habere
912 2659 1126 2707 creditos
1154 2676 1417 2723 sacrasque
1448 2667 1664 2720 menteS‚
1701 2657 1756 2702 in
1785 2653 1940 2703 totius
1972 2652 2151 2700 mundi

319 2727 577 2773 commoda
610 2739 926 2793 procreatos,
964 2731 1177 2779 Deorum
1206 2737 1370 2777 tamen
1405 2695 1687 2777 110111111111113
1719 2726 1854 2773 haud
1888 2724 2152 2788 insignitos

319 2795 396 2862 (ut
429 2797 605 2844 scribit
635 2799 901 2868 Eusebius)
939 2801 1140 2865 opinata
1179 2809 1252 2849 est
1292 2800 1561 2865 antiquitas
1599 2796 1732 2863 apud
1775 2796 2052 2860 Gyraldum
2089 2795 2152 2843 de

282 2866 424 2914 ·I)iis
460 2867 690 2915 Gentium
734 2874 1052 2950 syntagmate
1092 2878 1138 2925 1.
1175 2867 1388 2933 νεκύας,
1437 2871 1624 2918 Heroas
1664 2867 1928 2928 Semideis,
1977 2866 2151 2913 eodem

322 2937 545 3002 Gyraldo
579 2946 726 3002 teste,
766 2942 980 2990 minores
1018 2942 1349 3006 interpretor,
1390 2956 1599 3005 quorum
1634 2939 1801 2989 Manes
1831 2932 1936 3005 (eos
1964 2936 2152 3002 quippe

318 3024 429 3057 vox
455 3003 629 3068 νεκύες
656 3010 866 3080 indicat)
899 3020 1011 3078 post
1039 3021 1249 3060 mortem
1275 3012 1426 3058 sacri:
1471 3005 1695 3074 θνητους
1727 3008 1930 3055 tandem
1965 3015 2151 3054 morta·

319 3079 391 3127 les
419 3077 642 3126 homines
677 3082 885 3146 reliquis
929 3083 1239 3142 conditione,
1277 3080 1548 3129 virtutibus
1584 3080 1748 3126 animo
1785 3095 1887 3126 non
1919 3078 2148 3143 impares.

322 3149 500 3199 Melius
528 3151 775 3200 Semideos
802 3153 1000 3201 Author
1023 3152 1229 3200 inferius
1255 3168 1367 3217 pag.
1390 3154 1475 3207 51.
1503 3152 1562 3198 D.
1601 3150 1796 3198 eosdem
1835 3155 2001 3197 censet
2026 3165 2148 3212 quos

324 3229 374 3270 et
406 3216 602 3281 νεκύας.

475 3289 603 3353 Τοὺς
628 3288 724 3362 τψ’
727 3291 763 3356 .]
801 3292 936 3340 Haec
961 3291 1245 3359 parenthesi
1268 3291 1482 3354 inclusa,
1520 3306 1597 3338 me
1619 3290 1801 3352 iudice,
1837 3288 2148 3338 redundant:

329 3379 501 3411 eorum
537 3363 647 3412 vice
686 3364 933 3430 particula
972 3362 1132 3448 ἤγουν
1175 3363 1443 3410 substituta
1480 3362 1685 3427 planum
1726 3360 1893 3409 reddit
1934 3375 2150 3408 sensum.

330 3435 383 3485 οἱ
410 3454 502 3502 γαρ
531 3431 655 3503 παρ’
690 3431 859 3496 αὐτοῖς
882 3430 1198 3486 παλαιότατοι
1223 3434 1512 3498 σεληναίους
1542 3431 1763 3497 ἔφασκον
1791 3427 1948 3493 εἶναι,
1987 3426 2148 3495 η’γουν

329 3509 594 3572 μηνιαίους
611 3526 729 3569 τους
750 3501 1021 3568 ἐνιαυτούς.
1080 3505 1297 3570 Scalige1
1320 3509 1573 3571 expuncto
1599 3523 1713 3567 του,
1750 3504 2018 3570 μηνιαίονς
2040 3515 2148 3565 pag.
