2222 3938
342 144 471 208 546
966 152 1546 211 EMENDATIONES

480 284 774 368 Sereana-079⁹
756 283 840 351 ε’τη
867 278 975 349 1ςῖ]
1011 283 1086 332 'Ita
1117 282 1324 332 Latinus
1356 282 1614 336 Eusebius.
1661 283 1911 349 Scaligei'
1897 301 1953 333 m
1979 285 2172 365 Graeco

341 374 396 407 re
436 357 543 406 onit
568 353 641 419 ιζ.

342 455 344 458 ·
396 375 431 424 Ρ
480 427 536 479 ‘O
564 420 930 493 ματαιόφρων.]
965 423 1081 474 Vox
1110 423 1359 488 Scaligero
1388 423 1664 475 iniucunda
1686 433 1736 475 et
1755 432 2023 491 expuncta.

482 499 595 562 Pag.
631 501 753 550 362.
794 495 1041 555 Φίλιππος
1075 493 1362 563 τοσοῦτον]
1402 497 1657 562 Expungit
1685 498 1900 561 Scaliger
1936 512 2046 561 pag.
2082 499 2172 548 70.

340 569 587 620 scribente
621 567 678 615 111
716 567 980 614 adversum
1017 565 1241 617 Eusebio.
1299 565 1582 632 Philippus
1613 571 1819 633 primas
1856 569 2083 614 omnium
2119 582 2175 615 ex

341 642 492 690 Rom.
518 636 679 703 Impp.
714 634 1189 699 Cleristc'cznusfait.

479 709 595 772 Pag.
627 710 749 761 363.
781 702 866 757 Ἐν
896 700 939 776 ςὸ
967 702 1225 772 Φαβιανός
1248 704 1331 757 ἐπὶ
1361 710 1451 772 τῆς
1472 701 1698 773 Ῥώμης]
1749 706 1886 757 Haec
1921 703 2176 754 Historice

343 779 610 842 Georgius,
646 795 750 826 11011
781 777 1040 825 Chronice.
1080 778 1251 825 Canon
1272 777 1404 826 enim
1433 778 1533 826 Chr
1536 779 1711 826 onicus
1738 779 1802 826 ad
1829 777 1934 826 eius
1962 784 2176 824 mentem

340 857 389 898 et
411 849 564 898 verba
591 849 808 913 digestus
829 847 1092 896 Pontifices
1114 848 1236 896 istos
1262 855 1379 911 tres,
1415 849 1689 897 Fabianum
1712 850 1910 911 Romae,
1936 847 2176 912 Babylam

338 918 656 982 Antiochiae,
694 927 744 967 et
770 917 1106 967 Alexandrum
1130 919 1621 984 Hierosolymorum,
1657 919 1797 968 Decii
1824 918 2027 967 biennio
2054 935 2176 983 spa-

336 991 408 1038 tio
433 1008 537 1038 non
563 990 893 1038 condonando
921 997 1135 1038 semotos
1163 990 1396 1039 ostendit.
1446 990 1754 1039 Sententiam
1778 990 1962 1038 iterum
1991 989 2176 1038 adver-

338 1078 451 1109 sum
475 1078 526 1109 se
551 1062 745 1126 profert
766 1060 862 1108 hac
886 1061 1055 1108 eadem
1081 1076 1191 1126 pag.
1218 1059 1296 1110 lit,
1324 1061 1376 1109 C.

481 1128 625 1182 Κατοὶ
655 1126 958 1197 Ἰουστίναν.]
996 1132 1180 1180 Errore
1215 1130 1415 1179 Graecis
1451 1129 1701 1180 communi
1739 1129 1975 1194 Georgius
2002 1127 2177 1195 impli-

340 1209 499 1251 catur.

477 1272 590 1336 Pag·
627 1271 749 1325 375.
788 1265 1099 1338 Διακονικὴν
1121 1268 1422 1337 ἐπιστολήν]
1461 1272 1600 1320 Inter
1619 1271 1659 1319 F
1661 1278 1892 1333 ormatas,
1921 1276 1971 1318 et
1994 1268 2178 1318 Eccle-

335 1341 555 1391 siasticas
595 1342 791 1405 literas,
830 1359 956 1407 quae
990 1343 1284 1392 Diaconicae
1320 1359 1504 1390 nomen
1538 1344 1785 1407 praeferat
1818 1358 1968 1406 opere
1995 1341 2055 1389 de
2086 1341 2179 1389 iis-

337 1414 450 1461 dem
476 1430 503 1460 a
536 1414 844 1462 Bernardino
868 1414 907 1460 F
909 1431 1101 1461 eurario
1141 1413 1276 1462 edito
1307 1414 1501 1462 nullam
1534 1413 1766 1479 reperias.
1804 1412 1939 1460 Haec
1964 1429 1991 1460 a
2014 1411 2176 1460 tabel-

335 1483 461 1532 lario
487 1484 708 1532 Diacono
739 1483 1031 1532 Diaconicae
1057 1486 1226 1532 forsan
1254 1484 1447 1550 accepit
1463 1501 1663 1534 nomen.
1701 1484 1944 1535 Memorat
1971 1476 2177 1530 eandem

336 1554 673 1619 Hieronymus
713 1555 774 1603 de
813 1555 996 1618 Script.
1034 1555 1223 1603 Eccles.
1259 1556 1434 1603 laudat
1472 1555 1747 1604 Turrianus
1772 1554 1828 1602 in
1866 1553 2080 1602 Scholiis
2113 1552 2177 1601 ad

334 1624 567 1708 Dionysii
591 1625 865 1691 epistolam,
902 1627 1059 1673 Tomo
1091 1631 1136 1679 1.
1167 1625 1501 1673 Bibliothecae
1525 1627 1614 1674 PP.
1646 1626 1965 1676 Graecorum.

480 1690 673 1755 Γαλλος
695 1695 780 1746 καὶ
803 1693 1172 1760 Βολουσιανός.]
1209 1696 1299 1745 His
1321 1697 1494 1744 adde'
1478 1696 1559 1762 ε’τη
1583 1692 1642 1762 β’.

479 1767 590 1828 Pag.
626 1769 746 1818 376.
780 1760 999 1836 Ἀβρύτω
1022 1771 1091 1835 τῷ
1109 1765 1355 1834 λεγομένῳ
1381 1763 1520 1836 φὸρῳ
1543 1765 1854 1835 Θεμπρονίῳ.
1858 1764 1879 1830 ]
1905 1762 2175 1812 Abrittum

332 1833 454 1899 legit
479 1835 722 1883 Eusebius
745 1836 970 1886 Latinus.
1007 1837 1241 1884 Iordanes
1268 1838 1329 1885 de
1350 1838 1480 1885 bello
1514 1838 1687 1888 Gotth.
1725 1837 1836 1885 Abr
1839 1845 2036 1900 aptam.
2073 1834 2176 1882 Alii

333 1906 455 1954 alias
482 1906 622 1971 apud
643 1905 905 1968 Ortelium,
933 1907 1020 1970 qui
1044 1906 1233 1954 Fomm
1268 1908 1565 1970 Ἰὲνεῦνοηὶἱ,
1593 1917 1640 1954 et
1663 1908 1809 1956 Decii
1833 1923 2010 1954 aram:
2037 1905 2178 1969 quod

333 1976 398 2024 ad
440 1992 547 2025 eam
578 1977 754 2026 Decius
786 1984 1022 2041 uterque,
1059 1986 1202 2043 pater
1225 1985 1272 2025 et
1295 1978 1457 2041 filius,
1496 1978 1797 2040 ceciderint,
1834 1978 1906 2024 ita
1942 1984 2175 2027 vocatum

331 2053 560 2096 testatur.

474 2118 590 2181 Pag-
628 2119 748 2170 381.
784 2117 1077 2182 Δομνῖνος.]
1115 2117 1252 2165 Infra
1288 2118 1474 2181 legitur
1509 2112 1708 2199 Δόμνος
1747 2134 1859 2184 pag.
1898 2117 2020 2172 385.
2071 2116 2174 2165 DO-

332 2206 508 2237 mnum
527 2187 715 2254 pariter
740 2187 920 2235 scribit
942 2188 1201 2240 Eusebius

475 2257 803 2347 Συνθὲμενος
819 2257 904 2308 καὶ
927 2277 1020 2323 την
1052 2254 1210 2308 αυτοῦ
1234 2256 1526 2324 στρατείαν.]
1563 2259 1762 2309 Barber.
1784 2267 1834 2307 et
1859 2260 2024 2309 Perez.
2057 2273 2174 2308 συν-

330 2328 552 2396 θέμενος
588 2328 675 2380 καὶ
711 2332 803 2380 τοῦ
839 2324 1074 2394 πλήθους
1113 2329 1432 2416 προδοσίαν,
1481 2326 1551 2395 ἢν
1593 2325 1893 2396 αἰσθόμενοι
1927 2329 2172 2392 Ρωμαῖοι.

332 2400 569 2465 Scaliger.
606 2399 919 2465 συνθέμενος
954 2398 1043 2450 καὶ
1069 2396 1164 2466 τὴν
1187 2394 1348 2451 αὐτοῦ
1372 2401 1632 2468 στρατείαν
1656 2397 1951 2469 προδόσειν,
1990 2395 2064 2452 ων
2089 2399 2174 2450 αἰ·-

333 2466 583 2537 σθόμενοι
602 2469 845 2535 Ῥωμαῖοι.

472 2542 585 2605 Pag.
621 2544 741 2595 382.
775 2536 950 2591 Ἀσίαν
989 2538 1077 2590 καὶ
1110 2541 1312 2592 Λυδίαν
1345 2536 1712 2608 χωρήσαντες]
1765 2540 1902 2601 Quae
1943 2559 1972 2588 a
2008 2539 2173 2589 verbis

331 2610 440 2659 istis
484 2578 570 2659 ado
582 2628 694 2678 pag.
727 2612 847 2667 385.
887 2611 1069 2659 lineam
1107 2620 1410 2676 postremam
1444 2612 1669 2674 inclusa,
1708 2612 1889 2660 desunt
1921 2611 1977 2660 in
2001 2611 2171 2674 Regio.

331 2680 448 2729 Istis
467 2681 577 2728 aliis
607 2682 828 2730 defectus
851 2681 1123 2731 iudicatur.
1160 2683 1367 2734 λείπουν
1393 2682 1620 2749 (baibare
1647 2683 1754 2732 vice
1779 2685 1886 2734 τοῦ.
1922 2679 2171 2746 λείπουσι)

333 2753 552 2816 βασιλεῖς
570 2752 652 2813 ἐξ,
692 2748 860 2815 φύλλα
885 2753 1009 2819 τρία.
1048 2753 1207 2817 Impp.
1243 2771 1351 2815 sex,
1407 2762 1453 2800 et
1471 2755 1620 2817 folia
1653 2755 1760 2801 tria
1797 2750 2169 2802 desiderantur.

335 2822 474 2882 Quae
498 2822 700 2870 deerant
720 2823 868 2873 Barb.
894 2830 943 2870 et
969 2824 1137 2872 Perez.
1162 2832 1526 2887 suggesserunt.

472 2892 586 2955 Peg·
622 2893 742 2946 384.
778 2888 961 2959 Ῥώμης
994 2889 1083 2954 κζ’.
1124 2892 1479 2959 ἔβασίλευσεν.]
1533 2894 1670 2958 Legit
1694 2891 1896 2941 Barber.
1919 2886 2016 2957 κη’.
2062 2891 2185 2956 Ego·

332 2977 450 3010 cum
472 2961 696 3010 Authore
720 2963 931 3013 inferius
956 2965 1262 3018 consulendo
1285 2960 1384 3016 κθ·’.
1409 2965 1544 3030 quod
1566 2963 1843 3024 Quintilius
1869 2979 2033 3029 nuper
2056 2979 2168 3011 me-

332 3040 553 3081 moratus
582 3033 752 3080 locum
774 3038 859 3086 28.
881 3043 1112 3100 occupet.

473 3105 585 3167 Pag.
621 3104 741 3156 385.
786 3106 866 3170 Τῷ
900 3123 1059 3175 καινω
1092 3101 1339 3172 λεγομένῳ
1371 3103 1646 3174 φρουρίω.]
1683 3103 1922 3154 Eusebius
1958 3102 2165 3152 Latinus

334 3172 733 3257 Genophrurium
764 3155 944 3221 reddit.

476 3239 559 3294 Κύ
563 3241 760 3312 ριλλος.]
801 3243 926 3290 Ante
947 3244 1192 3308 Cyrillum
1212 3242 1347 3292 hunc
1373 3261 1504 3292 anno
1522 3244 1710 3294 Christi
1737 3247 1857 3299 283.
1880 3243 1937 3293 111
1961 3242 2165 3292 Eusebii

334 3313 582 3363 Chronico
611 3313 862 3378 signatum
890 3313 1013 3361 alius
1036 3313 1238 3363 nomine
1264 3314 1490 3364 Timaeus
1526 3314 1867 3365 Antiochenae
1895 3313 2024 3365 sedis
2049 3313 2165 3380 epi-

334 3401 513 3451 scopus
537 3384 755 3433 occurrit
785 3383 848 3431 ad
875 3400 1060 3432 annum
1091 3384 1212 3438 274.

475 3449 678 3521 Κόσμον
702 3453 785 3522 ἔτη
808 3448 939 3523 εψο’
942 3452 976 3519 .]
1011 3453 1148 3504 Adeo
1176 3462 1235 3505 ut
1261 3472 1392 3505 anno
1411 3463 1530 3523 post
1559 3455 1729 3546 orbem
1753 3461 1972 3507 creatum
1998 3454 2159 3511 5770
