2222 3938
648 185 751 242 ET
785 181 1369 243 ANNOTATIONES.
1792 169 1922 232 441.

105 318 340 372 successit
360 310 675 369 Phoroneus:
712 317 799 383 qui
826 317 890 366 ad
915 334 1099 366 annum
1134 318 1290 370 3808.
1321 313 1522 363 obtento
1545 324 1724 375 regno,
1759 308 1919 359 inter-

106 393 246 442 iectis
271 390 550 453 sexaginta,
585 406 709 453 quos
734 389 881 436 etiarn
908 389 1081 436 scribit
1105 386 1341 435 Eusebius
1356 423 1372 448 ,
1410 384 1578 434 debuit
1603 383 1826 445 regnare.

244 458 574 528 Σποροίδην.]
626 462 726 507 Per
762 468 996 508 saturam
1043 457 1350 507 reddendum
1401 453 1656 504 contendit
1703 450 1922 515 Scaliger

105 532 220 582 Not.
259 548 367 597 pag.
402 533 522 586 253.
563 530 770 592 clarius,
807 530 1133 577 Miscellanea
1163 527 1321 576 verti:
1369 521 1724 574 Iureconsultis
1760 521 1923 587 prima

106 601 264 652 dictio
289 602 492 659 usitata:
531 601 744 648 secunda
768 599 1128 647 recentioribus
1155 597 1420 646 Historicis
1461 603 1604 644 nota:
1651 594 1784 659 quod
1825 593 1922 639 Pe-

107 672 340 722 scennius
370 673 542 719 Festus
565 670 700 735 apud
726 670 1066 731 Lactantium‚
1105 670 1348 718 referente
1381 667 1627 728 Scaligero
1661 662 1923 712 Animadv.

105 760 217 811 pag.
244 743 362 797 253.
386 742 538 790 libros
563 741 884 790 historiarum
909 759 1004 805 per
1025 749 1255 787 saturam
1278 737 1532 800 digesserit
1548 735 1769 802 priscum
1798 740 1887 781 est.

251 807 491 878 Κρήτης]
531 809 670 878 Κρής
695 831 768 872 τις
803 811 1076 860 correctius
1101 810 1220 874 legit
1247 809 1476 872 Scaliger.
1549 805 1675 856 Vide
1696 806 1924 853 Clemen-

105 891 208 932 tem
229 882 471 930 Alexand.
495 883 646 930 altera
669 891 787 930 nota
811 881 1140 930 referendum.

245 954 360 1017 Pag.
402 957 518 1006 126.
539 950 665 1003 ’Ίσιν
698 952 938 1018 Φαρίαν.]
975 951 1122 999 Haud
1152 947 1368 1013 Syncelli
1403 946 1755 995 authoritatem
1795 960 1929 991 con-

107 1024 330 1086 vellens,
368 1025 454 1071 sed
490 1039 647 1071 meam
684 1023 928 1070 duntaxat
961 1023 1217 1087 proferens
1256 1019 1593 1067 coniecturam
1623 1017 1753 1065 addo
1792 1014 1924 1062 Pha-

106 1095 230 1144 riam
253 1094 369 1142 Isim
394 1093 518 1155 dici,
556 1094 694 1159 quod
720 1093 1000 1157 Aegyptus,
1035 1108 1188 1155 regno
1227 1090 1382 1138 eidem
1413 1089 1621 1149 collato,
1655 1085 1802 1149 regiis
1824 1085 1917 1133 ho-
1948 1087 2005 1133 V.
2035 1088 2094 1134 39

101 1165 316 1214 'nuribus
344 1165 567 1212 coluerit.
613 1165 751 1212 Ioan.
774 1163 1016 1210 Bocacius
1045 1178 1190 1228 opere
1226 1161 1286 1208 de
1322 1159 1615 1208 mulieribus
1652 1156 1797 1204 claris
1832 1155 1927 1203 Isi-

109 1235 223 1283 dem
250 1237 468 1299 reginam
498 1243 547 1281 et
572 1235 723 1282 Deam
750 1241 917 1282 vocat:
955 1251 1042 1280 nec
1073 1234 1266 1294 solum,
1304 1231 1397 1292 ait,
1435 1231 1641 1294 regina,
1675 1225 1765 1274 sed
1785 1243 1926 1275 vene-

108 1306 269 1353 rabile
297 1307 664 1370 Aegyptiorum
694 1322 877 1350 numen
895 1305 1024 1366 fuit.
1098 1302 1296 1365 Regiam
1332 1301 1586 1348 mulierem
1622 1299 1759 1346 illam
1804 1312 1929 1360 quae

108 1375 279 1425 Mosen
317 1374 578 1439 adoptavit
614 1373 841 1422 Phariam
877 1373 1047 1420 vocari
1081 1388 1190 1436 pag.
1222 1375 1336 1424 121.
1370 1372 1426 1418 Β.
1466 1369 1828 1429 animadverte,
1867 1367 1930 1414 de

108 1447 278 1494 eadem
313 1446 494 1493 iterum
535 1444 810 1491 Authorem
845 1459 957 1508 pag.
983 1447 1097 1495 120.
1126 1443 1176 1488 C.
1214 1441 1510 1488 scribentem
1546 1441 1782 1487 observa:
1821 1436 1852 1488 o‘
1875 1430 1929 1487 δ’

109 1512 265 1576 αὕτὸς
289 1514 401 1575 υἱός
422 1518 486 1584 τῇ
511 1513 726 1581 θυγατρὶ
757 1509 944 1579 Φαραώ
982 1506 1304 1578 Θερμούτιδι,
1340 1514 1406 1580 τῇ
1431 1509 1516 1560 καὶ
1553 1511 1743 1578 Φαρίῃ,
1782 1509 1930 1574 βασι-

107 1588 210 1638 M&
233 1583 361 1656 οὔσῃ
388 1586 710 1649 εἰσποιηθείς.
786 1585 838 1630 Si
861 1582 1144 1630 Thermutis
1170 1580 1374 1642 Pharia,
1409 1589 1562 1644 prout
1586 1579 1779 1627 Amosis
1804 1578 1929 1626 Pha-

105 1674 195 1706 rao
223 1663 565 1720 nuncupatur,
607 1654 715 1718 quis
751 1653 976 1701 Phariam
1005 1652 1274 1699 dictionem
1305 1651 1569 1698 mulierum
1596 1650 1806 1713 regiam,
1838 1665 1930 1695 ve-

106 1726 408 1776 lutPharao
432 1725 643 1774 >virilem
685 1724 820 1787 apud
858 1723 1127 1788 Aegyptios
1158 1720 1439 1768 manifestat
1468 1720 1784 1783 dignitatem,
1825 1733 1931 1766 non

107 1799 294 1847 referre
318 1795 512 1862 sapiens
537 1791 784 1843 asseruit?
1099 1814 1103 1818 ·

253 1862 426 1926 Κάσος
446 1864 531 1916 καὶ
553 1863 750 1930 Βῆλος]
797 1861 861 1914 Τὸ
883 1857 964 1913 Κᾶ
972 1878 1056 1923 σος
1082 1868 1366 1926 suspectum
1390 1860 1459 1908 ait
1485 1859 1716 1923 Scaliger.
1755 1858 1933 1922 Suspi-

113 1939 257 1987 cione
280 1938 508 1986 vindicat
530 1936 720 1984 Plinius
748 1934 834 1983 lib.
865 1935 913 1987 5.
943 1950 984 1983 c.
1012 1939 1094 1986 22.
1132 1932 1633 1996 SuperAntioclziam
1657 1947 1799 1978 mons
1829 1927 1935 1978 Ga-

109 2012 223 2057 siu-s·
246 2018 334 2057 etc.
400 2008 550 2055 Hunc
583 2025 610 2053 a
644 2007 765 2053 Caso
801 2003 1084 2052 Cleomachi
1110 2011 1250 2069 patre
1283 2010 1624 2068 nuncupatum
1659 2001 1934 2048 aestimant..

109 2081 192 2129 An
214 2079 345 2127 idem
369 2078 477 2126 Beli
506 2078 684 2138 frater,
720 2075 892 2123 Inachi
920 2075 1082 2122 filius:
1120 2091 1223 2121 non
1253 2081 1460 2121 constat.

256 2153 408 2199 Πᾶσα
432 2142 811 2214 παρ”Έλλησι.]
847 2145 1100 2205 Quaedam
1123 2144 1300 2191 horum
1323 2143 1547 2208 decerpit
1567 2141 1763 2190 Author
1782 2141 1936 2189 Euse-

110 2220 224 2282 bio,
260 2219 323 2266 ad
360 2212 547 2265 annu'm
590 2215 815 2264 Abrahae
845 2220 964 2268 209.
1002 2214 1240 2261 Eusebius
1274 2215 1376 2261 fere
1409 2210 1533 2262 κατοέ
1564 2211 1696 2272 λέξιν
1733 2228 1793 2259 ex
1820 2212 1936 2257 Cle-

113 2297 281 2339 mente
314 2287 655 2336 Alexandrino
694 2290 739 2338 1.
786 2287 966 2332 Strom.
1009 2281 1134 2333 κατοῖ
1168 2282 1258 2348 μὲν
1293 2280 1380 2334 τόν
1425 2282 1661 2348 Φορωνέα
1698 2278 1780 2331 τὸν
1815 2277 1935 2345 μετοῖ

99 2359 326 2425 Ἴναχον,
375 2356 404 2408 ὁ
446 2356 528 2408 ἐπὶ
563 2351 776 2422 Ὠγύγου
811 2350 1184 2418 κατακλυσμὸς,
1231 2352 1316 2402 καὶ
1355 2352 1409 2403 έν
1451 2355 1674 2402 Σικυῶνι
1712 2352 1936 2416 βασιλεία

113 2428 320 2495 πρώτου
349 2426 441 2493 μὲν
457 2426 756 2495 Αἰγιαλέως,
789 2421 891 2475 εἶτα
915 2421 1183 2490 Εὔρωπος,
1219 2419 1321 2473 εἶτα
1354 2426 1594 2488 Τελχῖνος.
1630 2420 1714 2471 καὶ
1737 2420 1777 2485 ἦ
1802 2425 1936 2486 Κρη-

114 2498 200 2560 τὸς
225 2500 279 2550 ἐν
307 2493 496 2566 Κρήτῃ.
546 2493 865 2556 Ἀκουσίλαος
889 2491 983 2560 γὰρ
1012 2492 1250 2559 Φορωνέα
1275 2496 1474 2559 πρῶτον
1501 2490 1776 2558 ἄνθρωπον
1801 2490 1937 2557 γενέ-

117 2577 241 2622 σθαι
267 2567 394 2636 λέγει
425 2565 549 2618 ὅθεν
578 2567 663 2617 καὶ
695 2565 722 2616 ὅ
752 2569 842 2630 τῆς
880 2565 1169 2630 Φορωνίδος
1202 2560 1442 2627 ποιητής,
1483 2559 1611 2613 εἶναι
1647 2557 1798 2612 αὐτὸν
1836 2560 1935 2626 ἔφη

115 2639 303 2706 πατέρα
326 2641 532 2702 θνητῶν
556 2631 861 2702 ἀνθρώπων.
909 2634 1146 2684 ἐντεῦθεν
1175 2632 1205 2684 ὅ
1235 2628 1454 2684 Πλάτων
1483 2633 1535 2683 ἐν
1571 2633 1758 2699 Τιμαίῳ
1787 2651 1935 2681 κατα-

114 2704 439 2775 κολουθήσας
468 2701 768 2774 Ἀκουσιλάῳ
805 2699 1002 2773 γράφει.
1061 2705 1147 2754 καί
1177 2723 1294 2754 ποτε
1323 2708 1624 2770 προαγαγεῖν
1664 2701 1935 2767 βουληθεὶς

119 2777 307 2839 αὐτοὺς
342 2776 456 2844 περὶ
489 2782 590 2828 τῶν
631 2772 849 2843 ἀρχαίων
888 2775 958 2833 εἰς
982 2770 1155 2841 λόγους
1189 2778 1290 2824 ταῖν
1326 2775 1470 2843 τῇδε,
1503 2777 1568 2841 τῇ
1593 2768 1732 2823 πόλει
1758 2769 1818 2821 τοὶ
1846 2767 1935 2837 αἶρ-

117 2845 348 2917 χαιότατα
373 2848 530 2915 λέγειν
551 2848 786 2913 ἐπιχειρεῖ
802 2845 915 2911 περὶ
944 2844 1213 2911 Φορωνέως
1235 2863 1286 2895 τε
1302 2884 1316 2906 ,
1348 2848 1438 2894 τοῦ
1453 2839 1653 2910 πρώτου
1676 2841 1936 2907 λεχθέντος

117 2921 206 2972 καὶ
238 2914 476 2983 Νεώβης-,
516 2917 602 2968 καὶ
629 2915 689 2967 τοὶ
717 2913 836 2982 μετα
866 2910 1223 2979 κατακλυσμόν.
1303 2916 1531 2978 Tempore
1567 2912 1767 2978 quidem
1793 2913 1936 2960 Plio-

120 2992 284 3050 ronei,
327 2991 418 3054 qui
438 2991 553 3052 fuit
581 2997 699 3052 post
735 2986 981 3035 Inachum
992 3023 1006 3048 ,
1042 2988 1159 3049 suit
1194 2983 1466 3032 inundatio
1503 2994 1714 3049 tempore
1753 2985 1936 3046 Ogvgi,

122 3070 171 3107 et
209 3076 418 3123 regnum
453 3058 593 3122 quod
625 3060 738 3120 fuit
774 3060 1003 3120 Sicyone,
1034 3058 1194 3121 primi
1228 3055 1428 3121 quidem
1461 3054 1722 3120 Aegialei,
1763 3052 1938 3099 deinde

120 3129 367 3193 Rumpis,
401 3137 512 3175 tum
545 3128 817 3189 Telclzinis,
857 3136 900 3173 et
921 3145 1131 3193 regnum
1157 3126 1315 3174 Cretis·
1338 3129 1389 3174 in
1423 3127 1589 3176 Creta.
1660 3124 1937 3172 Acusilaus

123 3203 256 3247 enim
293 3197 418 3244 dicit
441 3198 759 3246 Phoroneum
793 3199 958 3259 fuisse
986 3200 1214 3262 primum
1247 3197 1522 3245 hominum.
1613 3193 1750 3242 Unde
1787 3195 1939 3238 etiam

115 3278 273 3334 poeta
312 3267 652 3330 Phoronidis,
690 3269 821 3316 dixit
858 3285 970 3314 eam
1007 3270 1175 3330 fuisse
1204 3277 1406 3331 patrem
1441 3267 1733 3314 mortalium
1763 3263 1940 3308 homi-

125 3356 267 3392 num.
339 3339 481 3384 Hinc
517 3340 673 3386 Plato
697 3341 766 3385 inv
787 3341 987 3388 Timaeo
1014 3348 1217 3385 'secutus
1244 3338 1581 3386 Acusilaum:
1615 3333 1803 3380 scribit.
1872 3333 1942 3378 Ee

126 3426 240 3456 cum
267 3408 412 3455 vellet
432 3424 514 3454 eos
538 3407 822 3472 aliquando
855 3407 1114 3469 inducere,
1147 3418 1205 3455 ut
1226 3407 1441 3455 dicerent
1466 3406 1525 3452 de
1546 3404 1688 3452 rebus
1713 3403 1944 3467 antiquis=

126 3480 287 3526 'liuius
324 3480 575 3525 civitatis.-
612 3477 917 3543 aggreditur
949 3477 1110 3526 dicere
1140 3497 1272 3543 quae
1305 3486 1427 3524 sunt
1455 3474 1844 3537 antiquissima,
1884 3469 1946 3517 de
