2112 3854
789 176 1209 234 PRAEFATIO.
1831 165 1913 226 57

0 323 2 332 ’
44 343 45 346 ¹
69 336 74 338 ἡ
98 306 282 357 cellum
305 305 360 355 in
385 323 545 356 sacras
571 301 801 371 imagines
829 302 1087 375 σύμμαχον
1111 308 1365 357 Germano‘
1379 305 1688 356 Patriarchae
1713 323 1774 356 ex
1791 324 1884 373 pro
1907 314 1917 347 i

24 385 58 426 ie·
98 376 238 426 missi
283 377 515 426 condicto
555 378 682 426 sedis
722 376 979 427 haeredem
1027 379 1248 427 instituit
1291 379 1490 427 isaurus
1528 379 1652 426 Leo:
1708 394 1770 425 ex
1803 395 1917 441 quo,

8 471 56 490 ·-
97 460 244 512 reor,
282 447 503 511 factum,
527 456 585 496 ut
621 448 880 512 Syncellus
912 449 1074 514 quivis
1107 450 1454 512 renunciatus,
1493 448 1630 513 quasi
1656 447 1719 496 ad
1746 448 1912 512 digni-

22 523 50 558 ’ἰ
98 523 248 567 tatem
270 516 377 565 iure
400 525 700 584 comparato,
737 518 1046 568 Patriarchae
1079 536 1330 568 successor
1352 526 1735 584 exspectaretur.
1805 520 1913 567 Ex·-

96 586 218 643 inde
239 587 518 653 Stephanus
543 589 719 636 Leonis
746 589 987 654 Sapientis
1016 590 1166 638 frater
1182 625 1195 648 ,
1233 598 1280 637 et
1304 590 1468 638 Basilii
1494 590 1547 637 F.
1571 589 1626 637 in
1649 588 1811 639 Photii
1831 590 1913 636 lo·-

31 690 37 698 -=
101 673 214 707 eum
240 658 560 707 substitutus:
598 658 1000 724 Theophylactus
1031 676 1224 724 quoque
1249 661 1455 708 Romani
1488 659 1733 725 Lecapeni
1764 660 1912 721 filius,

24 771 25 775 ,
98 727 359 792 Syncellus
401 729 681 794 designatus
721 729 975 778 Nicolaum
1021 729 1354 778 Patriarcham
1391 731 1617 796 excipere
1662 731 1913 796 sperabatz

97 798 419 863 demumque,
457 807 514 848 ut
536 800 671 864 apud
700 801 964 849 Saracenos
999 799 1230 865 Seriphes
1258 801 1492 860 defuncto
1521 800 1751 865 Caliphae
1793 818 1914 848 sur-

98 875 320 931 rogatus,
359 869 432 918 sic
457 870 523 918 -in
550 870 859 919 Patriarchae
881 872 1049 919 locum
1079 870 1359 936 prioribus,
1399 872 1527 919 eirca
1561 879 1790 920 octavum
1819 871 1914 918 sci,

97 938 215 987 licet
241 948 290 987 et
311 957 522 1003 nonum,
561 941 770 990 saeculis
800 941 878 1007 (ut
909 959 1047 990 nuuc
1079 941 1344 989 Coadiutor
1369 939 1638 1009 Episcopo)
1671 942 1724 988 in
1756 941 1914 988 Patri-

99 1007 275 1056 archae
301 1011 488 1058 mortui
512 1012 679 1059 locum
709 1010 816 1078 (qui
839 1030 947 1060 mos
973 1010 1287 1078 sequentibus
1314 1010 1619 1075 antiquatus)
1651 1012 1912 1076 Syncellus

95 1079 411 1143 succedebat3
459 1081 699 1147 inquiunt
737 1084 952 1132 Zonaras
991 1091 1039 1131 et
1075 1082 1323 1130 Cedrenus
1353 1082 1408 1129 in
1445 1082 1770 1130 Constantino
1805 1082 1914 1129 Mo-

96 1149 357 1199 nomacho.
438 1152 660 1216 Syncelli
694 1153 860 1217 plures
889 1153 1162 1219 posteriori
1195 1170 1342 1214 aevo,
1395 1152 1579 1200 ambito
1626 1170 1652 1199 a
1686 1152 1915 1218 pluribus

96 1220 317 1269 eiusdem
349 1221 598 1285 dignitatis
627 1222 840 1285 honore,
879 1225 1028 1272 simul
1065 1223 1248 1284 creati,
1286 1239 1552 1288 eorumque
1578 1223 1914 1271 nobilissimus

97 1287 558 1358 Πρωτοσύγκελλος,
597 1301 868 1359 perpetuus
893 1293 1205 1343 Patriarchae
1228 1311 1254 1340 a
1281 1294 1470 1341 dextris
1492 1294 1621 1341 inter
1642 1310 1778 1341 sacra
1799 1293 1914 1341 niis-

33 1364 37 1369 '
95 1377 260 1409 sarum
302 1363 483 1411 assecla
521 1361 611 1428 1⁰),
662 1364 888 1412 curarum
934 1365 1187 1424 levamen,
1238 1372 1380 1429 pater
1424 1382 1452 1410 a
1502 1363 1912 1422 confessionibus,

95 1432 404 1495 negotiorum
432 1451 489 1481 ac
507 1451 661 1498 paene
675 1434 828 1483 totius
856 1436 1019 1483 oneris
1037 1434 1284 1500 particeps
1314 1434 1612 1498 appellatus:
1652 1434 1793 1482 cuius
1819 1452 1914 1499 pa·-

92 1501 219 1550 riter
248 1519 306 1550 ac
338 1503 587 1551 sociorum
624 1521 681 1552 eo
716 1505 961 1568 processit
998 1504 1226 1565 ambitio,
1262 1511 1324 1551 ut
1354 1504 1406 1550 in
1439 1503 1639 1569 publico
1667 1505 1914 1553 Ecclesiae

71 1579 327 1620 ‘consessu
349 1573 674 1639 Metropolitis
700 1591 752 1621 se
781 1576 1057 1640 praeferre,
1095 1583 1145 1622 et
1171 1591 1455 1638 supremum
1482 1574 1644 1622 locum
1673 1591 1915 1640 occupare

94 1659 200 1691 non
241 1643 343 1691 sint
369 1645 540 1693 veriti:
578 1661 642 1693 ex
666 1661 764 1708 quo
785 1646 1040 1693 confusam
1077 1652 1126 1692 et
1149 1644 1488 1709 perturbatam
1513 1661 1652 1692 sacro
1679 1645 1915 1692 Penteco-

94 1721 193 1761 stes
227 1713 308 1762 die
333 1714 447 1762 festi
471 1714 827 1764 solemnitatem
855 1717 1013 1780 legere
1042 1723 1114 1763 est
1151 1715 1286 1779 apud
1319 1715 1595 1762 cedrenum
1623 1714 1680 1761 in
1703 1715 1913 1763 Romani

93 1783 274 1848 Argyri
317 1784 432 1835 vita.
511 1786 595 1834 Ad·
628 1786 785 1835 instar
825 1786 1251 1846 Patriarcharum,
1301 1784 1435 1833 haud
1475 1785 1675 1849 imperii
1713 1785 1914 1850 quidem

94 1871 430 1917 successores,
474 1857 560 1905 sed
594 1857 783 1904 animae
821 1857 884 1904 ad
915 1858 1146 1923 pietatem
1190 1855 1558 1917 informandae,
1605 1863 1654 1904 et
1693 1856 1913 1904 consiliis

95 1925 272 1973 dandis
302 1925 534 1988 idoneos,
569 1928 982 1992 publicarumque
1009 1944 1175 1976 rerum
1205 1928 1536 1975 moderatores
1564 1927 1911 1991 Syncellorum

92 1995 333 2060 dignitate
360 2006 560 2045 ornatos
597 1999 847 2046 Praesules
881 1999 1119 2063 quosdam
1157 1997 1250 2045 sibi
1279 1997 1397 2045 olim
1425 1997 1747 2062 Imperatores
1779 1998 1914 2046 dele-

93 2082 234 2130 gere;
272 2067 334 2115 de
357 2067 532 2131 quibus
569 2068 818 2117 Cedrenus
841 2087 962 2117 mox
997 2071 1174 2117 citatus
1205 2075 1408 2117 narrat:
1445 2068 1757 2131 dignissimus
1781 2085 1912 2132 quo-

94 2153 192 2202 que
229 2137 502 2186 ac‘litteris
552 2139 916 2188 excultissimus
949 2138 1311 2204 Protosyncelli
1343 2155 1524 2186 nomen
1554 2155 1673 2204 prae
1706 2138 1912 2186 caeteris

93 2207 341 2271 obtinuit3
393 2209 549 2272 qualis
592 2211 858 2274 Gregorius
891 2211 978 2258 ille
1015 2211 1076 2258 de
1111 2211 1328 2258 Romana
1358 2209 1579 2257 Ecclesia
1603 2209 1735 2256 inter
1761 2209 1914 2257 ardua

94 2278 298 2325 concilii
336 2278 609 2328 Florentini
641 2281 834 2344 negotia
865 2281 988 2329 bene
1013 2282 1219 2329 meritus
1246 2279 1442 2328 Ioannis
1469 2279 1783 2345 imperatoris
1803 2280 1914 2334 ,Pa-.-

94 2347 305 2411 laeologi
329 2348 613 2412 Spiritualis
649 2358 792 2416 pater
818 2346 1165 2417 Πνευματικός
1189 2369 1217 2398 a
1245 2349 1463 2398 Phran'ze
1494 2357 1541 2397 et
1564 2349 1915 2413 Protosyncel-

93 2418 175 2466 lus
201 2425 405 2477 vocatus
428 2417 510 2484 u).
583 2421 662 2469 Ex
686 2421 791 2469 istis
815 2438 908 2485 qua
936 2423 1142 2469 laudum
1164 2419 1487 2486 amplitudine
1509 2419 1915 2483 Protosyncellus

92 2496 264 2537 noster
301 2489 539 2553 Georgius
579 2498 808 2540 occurrat
841 2492 1292 2552 commendandus,
1341 2490 1500 2551 dicat,
1539 2490 1624 2554 qui
1658 2489 1916 2537 sublimio*-

91 2575 200 2607 rem
234 2559 436 2608 virtutis
472 2560 705 2624 gradum,
744 2561 924 2610 invicti
957 2562 1108 2609 animi
1141 2560 1497 2622 constantiam,
1535 2560 1765 2624 antiquae
1795 2559 1914 2607 fidei

92 2629 381 2679 retinendae
407 2631 663 2695 ardorem,
702 2641 751 2681 et
782 2650 874 2697 pro
905 2634 1072 2681 eadem
1104 2632 1203 2680 fide
1237 2632 1448 2679 tolerata
1483 2630 1541 2677 ab
1576 2648 1632 2679 eo
1665 2637 1913 2678 tormenta

93 2700 257 2748 minus
291 2701 440 2749 ducet
474 2703 782 2751 advertenda.
854 2704 1035 2751 Virum
1072 2701 1265 2751 difficili
1299 2718 1392 2767 pro
1433 2701 1627 2749 tuendis
1666 2701 1913 2749 Ecclesiae

95 2771 320 2819 sensibus
345 2773 613 2822 certamine
642 2776 958 2838 perfunctum
975 2811 988 2837 .‚
1026 2781 1072 2823 et
1098 2774 1202 2821 eius
1237 2772 1300 2821 ob
1324 2772 1378 2819 id
1401 2771 1455 2818 in
1483 2771 1700 2821 Ecclesia
1728 2772 1913 2820 Graeca

95 2841 409 2905 dignitatem,
457 2859 548 2892 ceu
588 2844 789 2894 virtutis
839 2845 1137 2911 praemium,
1175 2841 1461 2891 Anastasius
1497 2841 1910 2891 Bibliothecarius

92 2919 373 2976 temporum
399 2912 504 2960 eius
533 2932 716 2979 suppar
750 2916 993 2982 scriptor,
1034 2932 1091 2962 ac
1117 2914 1332 2979 Syncelli
1362 2929 1514 2977 paene
1541 2921 1804 2978 perpetuus
1829 2913 1912 2959 in«-

89 2989 282 3046 -terpres
306 2982 534 3053 observat
566 2985 643 3033 his
666 2988 846 3039 verbis,
921 2987 1160 3050 Georgius
1182 2983 1251 3050 l2)
1290 2985 1441 3031 electa
1463 2985 1752 3031 Monastica
1787 2985 1910 3043 vita,

92 3052 378 3118 ‘mundoque
411 3065 713 3121 contempto,
760 3058 950 3106 Christi
983 3074 1034 3103 se
1083 3057 1178 3104 levi
1214 3057 1334 3120 iugo
1371 3063 1416 3103 et
1447 3057 1678 3102 sarcinae
1711 3056 1911 3111 manci,-

88 3126 240 3186 pavit
259 3143 273 3170 ε
298 3134 559 3188 praeterea
592 3137 767 3175 contra
804 3130 1100 3177 Haereticos
1141 3127 1410 3173 incessanti
1447 3143 1609 3189 agone
1637 3121 1909 3184 desudans,

98 3194 273 3240 multis
311 3194 619 3259 verber-ibas,
671 3199 850 3246 mandi
886 3197 1215 3261 Principibus
1247 3205 1424 3243 contra
1464 3196 1715 3242 Ecclesiae
1753 3196 1911 3239 ribam

99 3264 452 3327 saevientibus,
491 3266 798 3334 diversisque
830 3271 1003 3333 poenis
1026 3268 1236 3335 affectus
1262 3276 1348 3314 est.
1422 3268 1506 3314 Sic
1532 3284 1644 3330 ergo
1669 3266 1916 3329 stigmata

159 3430 235 3485 10)
265 3428 555 3496 chrysostomi
576 3433 773 3489 Liturgia
798 3436 875 3476 sub
901 3435 1081 3479 initium,
1210 3436 1287 3490 11)
1328 3435 1437 3479 Acta
1471 3430 1635 3476 concilii
1667 3435 1712 3477 et.
1737 3430 1829 3475 eius
1849 3429 1915 3474 hi-

220 3492 353 3530 storia
373 3502 445 3530 ms.
564 3492 639 3547 12)
668 3491 718 3533 In
743 3493 925 3548 praefat.
955 3491 1051 3535 hist.
1082 3490 1230 3534 eccles.
