2222 3938
643 194 744 248 ET
779 194 1365 255 ANNOTATIONES.
1787 182 1912 243 897

98 329 344 394 populum
374 323 630 391 captivum
665 324 927 389 liberasse,
964 334 1014 374 et
1045 326 1276 392 Aegypto
1317 320 1606 386 excessisse3
1641 322 1791 372 modo
1821 321 1913 372 du-

97 399 211 446 bius
248 396 461 444 natalem
499 394 682 476 Moysis
719 395 849 445 diem
881 396 944 444 ad
982 397 1198 445 eiusdem
1227 395 1357 460 regis
1381 393 1655 475 primordia
1677 410 1917 444 revocare

98 468 299 516 audeat.
336 466 600 532 posteriori
632 465 829 530 quidem
867 466 1091 515 Africani
1123 468 1258 515 dicto
1284 433 1623 514 t'assentientes
1662 465 1723 512 ab
1768 465 1917 513 Amos

95 538 241 587 initio
266 537 330 585 ad
347 535 838 602 Misphragmuthosis
859 537 1009 585 finem
1036 545 1234 586 centum
1259 545 1308 585 et
1324 536 1500 602 viginti
1522 552 1765 585 annorum
1785 553 1918 583 sum-
1944 600 1948 605 .

96 625 229 657 mam
266 608 577 671 colligemus,
612 606 761 654 Amos
789 608 919 656 enim
944 608 1032 656 ille
1057 609 1211 656 nullis
1246 608 1366 655 licet
1393 607 1454 654 ab
1483 606 1720 654 Africano
1757 607 1918 654 dona-

96 686 179 726 tus
221 678 392 740 annis,
440 678 499 725 ab
549 677 760 725 Eusebio
800 678 886 732 25.
928 695 1154 743 regnasse
1190 679 1404 740 dicitur,
1455 677 1535 725 cui
1577 676 1793 726 Chebros
1835 679 1917 732 15.

4 806 6 811 ,
95 747 459 813 Amenophthis
492 752 580 802 21.
634 749 843 796 Amersis
881 754 968 803 22.
1005 747 1270 814 Misaphris
1299 751 1383 802 13.
1425 746 1921 813 Misphragmuthosis

95 820 297 867 tandem
323 823 410 872 26.
446 817 739 866 successisse
766 818 979 881 dicitur3
1018 828 1167 884 atque
1193 820 1314 867 adeo
1339 834 1514 881 regum
1541 817 1755 867 istorum
1782 826 1920 866 aeta-

95 897 170 938 tes
196 905 301 936 eam
325 905 472 953 quam
494 889 656 952 exegit
680 889 872 953 Moyses
909 906 1155 938 annorum
1189 905 1433 937 summam
1471 896 1740 952 exaequat:
1775 889 1918 954 prius

95 967 260 1008 autem
280 959 468 1007 dictum
494 959 759 1024 amplexati
784 960 1046 1024 nequidem
1070 977 1316 1008 annorum
1341 958 1666 1023 quadraginta
1703 959 1918 1024 spatium

97 1030 354 1078 commode
377 1029 652 1095 poterimus
691 1046 887 1092 eruere,
925 1047 1021 1094 quo
1060 1030 1328 1078 terminum
1355 1036 1623 1093 utrumque
1651 1030 1919 1095 dispunga-

90 1117 216 1150 mus·
284 1100 428 1148 Nunc
453 1118 600 1165 quam
626 1108 827 1148 coactus
855 1099 987 1148 inter
1012 1101 1172 1166 Ogygi
1200 1099 1615 1164 Deucalionisque
1636 1099 1918 1148 inundatio-

91 1188 206 1220 nem
232 1171 374 1218 annis
397 1171 516 1224 248.
551 1179 778 1220 teneatur
801 1170 1066 1220 Africanus
1090 1171 1376 1232 admittere,
1411 1169 1555 1219 brevi
1588 1170 1782 1218 ratione
1806 1187 1919 1218 cum

91 1240 318 1290 Authore
350 1242 564 1292 declam.
650 1241 961 1290 Deucalionis
1002 1242 1249 1290 diluvium
1291 1243 1479 1291 Cranao
1515 1241 1738 1288 secundo
1769 1240 1922 1290 Athe-

91 1311 340 1359 niensium
377 1328 491 1375 rege
526 1311 801 1377 imperante
841 1312 1056 1360 Atticam
1091 1313 1342 1375 regionem
1390 1310 1643 1358 obvolvit:
1691 1312 1920 1374 regnavit

95 1383 315 1430 Cranaus
350 1398 529 1431 novem
560 1383 727 1444 annis,
764 1389 1097 1448 praecesserat
1137 1384 1380 1431 Cranaum
1419 1381 1661 1446 Cecrops,
1698 1389 1748 1429 et
1776 1383 1919 1431 annis

71 1455 179 1506 50.
215 1460 535 1516 regnaverat,
572 1461 684 1501 ante
712 1454 976 1518 Cecropem
1001 1461 1134 1501 retro
1163 1454 1324 1519 Ogygi
1347 1451 1595 1501 diluvium
1631 1451 1693 1499 ob
1717 1469 1918 1517 campos

94 1523 337 1587 urbesque
375 1524 651 1571 devastatas
682 1523 858 1572 incolis
890 1524 1181 1588 regibusque
1209 1524 1343 1588 regio
1384 1521 1575 1570 deserta
1616 1531 1920 1572 remanserat

94 1593 238 1641 annis
268 1597 382 1647 189.
411 1594 531 1642 totis
559 1594 712 1658 igitut
740 1595 857 1648 248
895 1602 1187 1660 separantur
1212 1594 1272 1641 ab
1302 1592 1519 1642 invicem
1547 1592 1704 1657 Ogygi
1731 1593 1921 1642 Deuca-

90 1663 339 1728 lionisque
373 1664 573 1712 nomine
602 1671 780 1713 vocata
823 1664 1030 1716 diluvia.
1102 1663 1199 1712 Hic
1226 1662 1450 1712 Africani
1478 1662 1760 1725 discursus,
1796 1662 1923 1712 haec

93 1733 200 1782 eius
228 1742 628 1798 argumentorum
657 1734 908 1799 pondera,
944 1750 1071 1798 quae
1090 1734 1213 1782 licet
1233 1735 1368 1798 apud
1393 1749 1470 1780 me
1493 1733 1659 1796 magni
1682 1735 1924 1782 momenti

94 1805 225 1852 sint:
264 1821 327 1852 ex
351 1822 408 1853 eo
431 1813 608 1853 nutare
632 1805 730 1853 fide
759 1807 1037 1870 persentio,
1074 1804 1211 1869 quod
1245 1802 1495 1852 subtiliter
1519 1820 1614 1867 pro
1649 1820 1818 1867 more,
1857 1821 1922 1854 ne

94 1875 255 1923 dicam
302 1875 494 1933 dolose,
536 1892 596 1924 ex
625 1875 893 1925 adversarii
935 1883 984 1923 et
1016 1874 1222 1940 propria
1263 1891 1352 1922 sua
1397 1872 1637 1921 sententia
1679 1871 1922 1939 impetens

95 1945 335 2009 Georgius
371 1946 736 2010 adversarium,
773 1955 831 1995 ut
862 1953 1152 2010 argumento
1178 1945 1242 1992 ad
1272 1943 1556 2006 hominem,
1598 1945 1730 2007 quod
1760 1945 1922 2010 aiunt,

93 2016 372 2081 composito
406 2017 637 2064 conficiat
669 2016 944 2080 hominem,
984 2016 1122 2080 quod
1152 2016 1336 2081 partim
1372 2014 1696 2077 admittatur,
1733 2017 1922 2080 partim

92 2086 155 2133 ab
192 2087 475 2135 adversario
515 2088 686 2135 debeat
717 2087 911 2150 negari,
949 2094 1213 2152 proponat.
1284 2088 1462 2134 Lector
1493 2092 1708 2132 mentem
1747 2093 1794 2134 et
1831 2087 1920 2135 do-

91 2156 198 2203 lum
223 2157 475 2219 advertet,
510 2157 633 2204 mibi
659 2158 720 2205 de
744 2159 832 2206 illo
858 2157 1106 2205 monuisse
1136 2157 1268 2204 satis.
1339 2157 1412 2203 De
1442 2154 1642 2217 Georgii
1665 2171 1920 2218 argumen-

91 2227 234 2274 tandi
283 2228 645 2275 consuetudine
685 2228 872 2275 redibit
919 2228 1098 2275 iterum
1138 2243 1312 2277 sermo.
1401 2226 1661 2272 Caeterum
1695 2226 1917 2275 Amosim

94 2313 207 2345 cum
226 2296 692 2362 Misphragmuthosi
719 2297 956 2344 confundi
985 2312 1128 2359 posse
1157 2302 1324 2344 monet
1352 2293 1540 2342 Author
1561 2293 1727 2359 pagin.
1750 2300 1836 2349 69.
1859 2298 1915 2348 Β.

89 2366 252 2415 Huius
275 2367 422 2415 etiam
454 2367 715 2432 Dynastiae
748 2368 811 2414 ad
838 2366 1052 2414 Amosim
1076 2365 1237 2429 hunc,
1277 2365 1365 2429 qui
1392 2364 1536 2411 etiam
1559 2363 1918 2429 Misphragmu..

89 2436 250 2485 thosis
274 2438 392 2484 anni
415 2437 726 2486 solummodo
752 2442 835 2491 69.
861 2444 1202 2485 numerantur.
1262 2434 1479 2484 Chebros
1512 2436 1594 2487 13.
1628 2435 1914 2502 Amenoph-
1979 2468 1985 2474 -

89 2506 192 2555 this
219 2511 303 2561 21.
339 2507 583 2571 Amersis,
622 2508 704 2571 qui
733 2524 841 2573 pag·
867 2512 952 2560 71.
1021 2507 1255 2555 Amenses
1288 2506 1490 2569 legitur,
1527 2510 1614 2558 22.
1646 2505 1914 2572 Misaphris

92 2581 176 2631 13.
210 2594 397 2626 summa
435 2582 519 2632 69.
591 2578 670 2626 Ex
705 2578 870 2626 verbis
899 2586 1063 2626 tamen
1095 2594 1205 2644 pag.
1239 2582 1321 2630 71.
1359 2576 1417 2626 D.
1454 2575 1637 2622 clarius
1670 2583 1719 2624 et
1749 2594 1918 2628 corre-

89 2648 220 2696 ctius
243 2649 488 2713 expressis
512 2649 673 2697 fateor
696 2647 782 2696 hic
803 2649 1082 2713 legendum.
1121 2647 1255 2714 ὁμοῦ
1276 2643 1374 2697 α’πὸ
1392 2639 1676 2711 Ἀμωσιος’
1658 2644 1750 2707 ἕως
1778 2651 1916 2700 Μισ-

92 2714 550 2785 φραγμουθῶσεως.
624 2719 892 2767 Annorum
931 2737 1132 2766 summa
1174 2718 1239 2765 ab
1284 2717 1445 2765 Amos
1482 2732 1644 2780 usque
1679 2716 1754 2765 ad
1784 2719 1916 2767 Ms-

82 2789 532 2854 plzragmutlzosim
562 2798 650 2840 etc.
719 2790 811 2839 His
841 2789 1042 2855 Georgii
1082 2786 1444 2854 argumentatio
1486 2788 1791 2838 commodius
1827 2789 1916 2839 ad·

92 2866 309 2924 aptatur.

27 2931 37 2936 “
234 2927 376 2981 Kato}
402 2925 707 2998 Ἀφρικανόν
729 2930 814 2982 καὶ
827 2926 1118 2998 Εὕσέβιον.]
1149 2930 1250 2979 Nec
1275 2928 1537 2978 Africanus
1559 2945 1653 2978 nec
1671 2929 1914 2979 Eusebius

73 3003 158 3047 'ex
178 3001 454 3063 primorum
479 3019 567 3050 sex
593 3003 676 3051 vel
704 3010 918 3067 quatuor
943 3002 1211 3068 Dynastiae
1243 3004 1323 3055 18.
1348 3016 1519 3064 regum
1554 3000 1794 3048 aetatibus
1828 3018 1916 3047 an·

70 3086 273 3117 vnorum
301 3075 415 3126 120.
441 3089 681 3121 summam
707 3073 1008 3139 compingit:
1047 3080 1277 3138 quartum
1306 3070 1437 3120 enim
1464 3070 1631 3119 omisit
1654 3070 1912 3131 Eusebius,

89 3147 343 3204 postremo
385 3142 597 3191 detraxit
632 3160 813 3194 111111111·
850 3144 1117 3192 Africanus
1148 3142 1298 3210 primi
1335 3142 1501 3190 nullos
1535 3142 1705 3206 posuit
1740 3156 1912 3188 annos.

21 3269 22 3272 Ἴ
90 3210 326 3259 Eusebius
345 3218 511 3260 tamen
534 3213 683 3293 primi
708 3213 932 3263 Amosios
960 3215 1045 3270 25.
1079 3213 1342 3275 recensuit,
1378 3211 1599 3277 reliquos
1624 3211 1912 3259 Africanus:

91 3287 143 3327 et
176 3297 240 3328 ex
276 3281 535 3348 utriusque
559 3284 773 3349 privatis
806 3285 1009 3334 calculis
1045 3303 1144 3335 una
1168 3289 1285 3340 120.
1310 3299 1555 3332 annorum
1584 3297 1772 3330 summa
1811 3278 1912 3326 col-

88 3348 217 3398 lecta
250 3358 340 3402 est.

209 3418 331 3486 Ἕτη
357 3441 443 3489 ρκ.
417 3416 465 3488 ’.]
501 3422 877 3475 Emendandum
900 3419 960 3475 κ’.
986 3424 1039 3473 111
1067 3418 1155 3492 ρκ’.
1180 3423 1366 3489 privati
1392 3436 1635 3471 annorum
1668 3418 1909 3482 cuiusque

91 3489 220 3555 regis
253 3492 436 3543 calculi
476 3494 706 3560 probant.
786 3495 1006 3547 Secundi
1045 3494 1411 3562 Amenophthis
1444 3490 1694 3543 Librarius
1736 3488 1910 3556 posuit
