2222 3938
657 210 756 264 ET
791 206 1377 268 ANNOTATIONES.
1801 194 1925 259 425

108 336 265 389 modi.
333 335 482 386 Iacob
519 343 624 386 erat
659 341 775 392 130.
813 358 1057 390 annorum
1092 341 1291 406 quando
1323 338 1457 388 stetit
1483 352 1648 387 coram
1673 333 1928 386 Pharaone

109 409 286 460 Genea.
305 407 390 461 47.
412 425 461 456 v.
482 412 530 461 9.
554 408 733 472 loseph
761 412 932 474 agebat
967 429 1151 459 annum
1180 415 1264 466 39.
1336 409 1590 459 Tricennis
1623 408 1753 455 enim
1792 407 1931 456 stetit

109 495 276 526 coram
314 477 570 527 Pharaone
609 479 781 528 GeneS.
804 482 888 534 41.
914 500 964 532 v.
987 483 1071 536 46.
1093 490 1140 530 et
1164 490 1351 547 septem
1392 481 1510 528 anni
1547 478 1843 539 fertilitatis,
1881 485 1931 526 et

107 549 211 598 duo
253 549 527 596 sterilitatis
561 557 702 597 erant
736 552 907 616 elapsi.
981 553 1194 601 Sublatis
1218 553 1370 616 igitur
1402 552 1463 600 de
1502 553 1615 604 130.
1642 549 1784 597 annis
1820 548 1931 597 tri-

106 619 468 683 gintanovem,
503 628 761 668 remanent
786 639 917 670 unus
943 631 992 670 et
1013 624 1296 686 nonaginta,
1334 639 1460 688 quae
1487 629 1591 669 erat
1615 629 1743 668 aetas
1766 620 1928 681 Iacob,

105 689 306 754 ¹quando
333 690 502 754 genuit
530 690 734 755 Ioseph,
773 710 918 757 quem
947 711 1010 741 ex
1028 693 1239 741 Rachele
1263 693 1505 758 suscepit,
1542 699 1659 757 post
1683 707 1930 739 annorum

106 761 487 824 quatuordecim
515 762 828 826 servitutem,
868 764 1045 828 quibus
1071 781 1132 811 ex
1164 781 1264 812 uno
1299 772 1348 811 et
1376 763 1641 826 nonaginta
1678 760 1931 822 detractis,

105 831 417 895 septuaginta
439 839 624 896 septem
651 832 861 881 absoluti
889 843 1172 900 supersunt.
1243 834 1377 883 Viris
1412 834 1619 881 eruditis
1652 832 1828 897 paucis
1854 847 1932 879 re-

105 902 319 965 spondet
357 902 596 966 Georgius
632 912 826 967 noster,
874 903 911 970 ἦ
946 903 999 955 δὲ
1034 903 1204 971 γραφή
1246 899 1473 968 ου’δαμοῦ
1514 904 1745 966 φαίνεται
1782 905 1931 953 τοῦτο

102 969 331 1038 λέγουσα.
402 972 561 1021 Instat
595 973 746 1037 igitur
783 991 931 1039 quam
962 983 1157 1038 argute,
1205 983 1254 1022 et
1287 974 1439 1021 hosce
1485 974 1703 1020 calculos
1732 973 1936 1020 demon-

104 1048 233 1089 strat
245 1084 253 1091 ,,
270 1042 484 1092 fallaces.
559 1043 604 1093 εἰ
636 1050 783 1096 τοῦτο
822 1047 987 1111 δῶμεν
1021 1045 1154 1096 ἔσται
1204 1045 1229 1097 ὅ
1257 1041 1440 1110 Ἰωσήφ
1470 1041 1596 1095 navo}
1625 1040 1678 1094 τὸ
1705 1038 1796 1101 ἦς’.
1829 1041 1935 1102 ἔτος

103 1115 196 1162 τοῦ
228 1106 400 1179 Ἰακώβ
436 1116 727 1182 γεννηθείς.·
789 1117 923 1180 quod
959 1117 1062 1164 eius
1096 1117 1295 1165 nomine
1329 1115 1540 1164 declaro.
1612 1113 1758 1161 Iacob
1799 1129 1930 1159 anno

103 1183 276 1230 aetatis
320 1188 405 1237 77.
437 1186 839 1250 Mesopotamiam
876 1187 1148 1251 ingressus,
1202 1188 1340 1235 aiunt
1372 1184 1646 1234 doctissimi
1681 1184 1932 1231 annalium

38 1262 44 1266 “
103 1253 418 1314 conditores,
454 1255 594 1302 annis
634 1257 716 1308 14.
761 1257 1025 1305 Rachelem
1055 1266 1289 1323 procatus
1323 1273 1494 1304 socero
1521 1256 1687 1304 Laban
1711 1253 1933 1310 servivit,

104 1323 170 1370 ad
195 1324 364 1370 aetatis
390 1340 572 1370 annum
600 1330 683 1376 91.
709 1344 806 1388 quo
830 1328 1081 1376 adamatae
1106 1328 1333 1376 Rachelis
1357 1327 1602 1375 connubio
1629 1326 1818 1391 potitus
1842 1330 1931 1371 est.

103 1393 247 1440 Tunc
280 1400 441 1440 autem
478 1394 697 1458 primum
735 1413 865 1443 anno
909 1397 1148 1444 nimirum
1188 1403 1270 1451 92.
1308 1397 1488 1461 Ioseph
1527 1397 1689 1444 filium
1726 1412 1787 1443 ex
1826 1394 1933 1441 eius

103 1463 413 1528 amplexibus
456 1465 732 1529 suscepisse
770 1466 879 1530 quis
917 1467 1154 1528 affirmet,
1202 1467 1296 1515 nisi
1340 1468 1427 1530 qui
1469 1464 1932 1532 scripturae-verba

102 1551 209 1582 non
230 1533 524 1596 advertisse,
561 1536 642 1583 vel
664 1537 981 1602 perpendisse
1004 1539 1245 1588 fateatur:
1289 1536 1476 1586 Videas
1502 1539 1759 1586 Dominus
1794 1532 1937 1601 quod

100 1604 258 1653 >Iacob
299 1603 565 1669 despiceret
595 1608 754 1653 Liam
788 1610 991 1671 aperuit
1014 1610 1224 1658 vulvam
1255 1610 1391 1670 eius,
1430 1626 1596 1656 sorore
1629 1607 1790 1654 sterili
1806 1623 1933 1671 per-

104 1684 347 1723 manente.
386 1676 558 1723 Genes.
593 1681 675 1729 29.
707 1693 757 1725 v.
790 1681 873 1730 31.
911 1695 1027 1727 mox
1063 1696 1170 1743 cap.
1197 1682 1280 1732 30.
1309 1695 1358 1728 v.
1390 1683 1437 1732 1.
1514 1680 1725 1728 Cernens
1767 1685 1934 1723 autem

104 1745 303 1794 Raclzel
325 1745 466 1810 quod
489 1746 801 1807 infoecunda
823 1758 946 1795 esset
982 1748 1176 1817 (saltem
1207 1749 1319 1796 initi
1358 1749 1574 1812 coniugii
1612 1765 1741 1795 anno
1783 1747 1933 1794 tertio

101 1817 189 1864 vel
214 1814 411 1885 quarto)
449 1815 635 1865 invidit
662 1821 824 1867 sorori
853 1837 978 1866 suae
1000 1830 1086 1868 eto.
1115 1827 1166 1868 et'
1187 1836 1238 1869 v.
1265 1822 1312 1872 3.
1383 1820 1586 1881 Habeo,
1619 1817 1813 1883 inquit,
1843 1818 1935 1879 fa-

103 1887 302 1933 mulam
333 1887 528 1934 Balam
553 1887 808 1954 ingredere
833 1889 906 1937 ad
930 1892 1101 1953 illam,
1139 1900 1196 1937 ut
1221 1892 1406 1955 pariat
1432 1909 1579 1956 super
1596 1906 1770 1954 genua
1806 1905 1934 1949 mea,

105 1966 154 2003 et
174 1957 389 2006 habeam
412 1976 466 2005 ex
489 1959 587 2006 illa
603 1961 766 2024 filios,
828 1961 1011 2009 Genuit
1032 1969 1193 2010 autem
1221 1963 1329 2008 Dan
1357 1969 1404 2009 et
1425 1960 1755 2027 Nephthalim‚
1794 1958 1935 2005 annis

103 2027 171 2075 ad
195 2028 360 2076 minus
384 2030 591 2092 geminis
630 2032 968 2096 currentibus,
1001 2041 1049 2080 et
1079 2034 1211 2080 vitae
1236 2032 1380 2079 Iacob
1418 2033 1500 2087 95.
1524 2032 1604 2079 vel
1634 2036 1716 2084 96.
1739 2029 1932 2094 elapsis.

115 2098 425 2164 {laudemque
447 2099 740 2148 recordatus
764 2104 1024 2151 Dominus
1042 2103 1284 2151 Raclzelis
1308 2103 1566 2152 exaudivit
1592 2119 1704 2148 eam
1733 2109 1778 2147 et
1812 2117 1934 2163 ape-

104 2171 214 2216 ruit
243 2171 451 2217 vulvam
490 2173 629 2219 eius:
680 2191 805 2236 quae
839 2177 1059 2237 concepit
1093 2183 1139 2220 et
1158 2176 1354 2237 peperit
1376 2175 1583 2237 fllium,
1624 2171 1771 2219 Iacob
1800 2187 1931 2216 anno

103 2242 191 2292 96-
213 2239 294 2286 Vel
313 2243 395 2291 97.
433 2235 555 2305 ὅπερ
582 2236 828 2293 ἀδύνατον
859 2245 1028 2291 scribit
1051 2244 1314 2306 Georgius:
1352 2245 1471 2291 alias
1496 2260 1621 2290 anno
1648 2239 1826 2306 loseph
1846 2240 1931 2293 40.

103 2308 254 2357 Iacob
290 2312 406 2362 136.
446 2320 744 2375 superesset:
785 2315 921 2376 quod
955 2331 1102 2378 quam
1124 2314 1409 2377 Scripturas
1446 2315 1762 2372 adversetur,
1802 2311 1932 2358 fate-

103 2378 296 2427 buntur
316 2380 493 2440 iidem,
532 2381 619 2444 qui
646 2385 941 2431 contrariam
964 2385 1138 2431 ineunt
1162 2385 1468 2435 sententiam.
1542 2383 1719 2430 Subdit
1737 2379 1932 2429 Author

107 2450 414 2497 accuratiore
439 2451 648 2503 calculo,
719 2457 786 2521 τῷ
811 2451 893 2520 ογ’.
920 2453 1013 2504 ἔτει
1041 2458 1130 2518 τῆς
1157 2453 1337 2504 ἑαυτοῦ
1359 2457 1486 2518 ζωῆς
1514 2452 1705 2519 ἀπέδρα
1726 2446 1928 2517 Ἰακώβι

107 2528 286 2584 coepto
310 2520 559 2582 videlicet,
574 2530 624 2568 at
646 2525 872 2571 nondum
898 2525 1149 2585 absolut03
1187 2532 1244 2571 ut
1264 2532 1379 2587 post
1405 2523 1655 2572 servitutis
1679 2522 1931 2586 geminum

105 2590 422 2655 septennium
454 2599 501 2638 et
537 2593 729 2656 aliquos
762 2610 823 2640 ex
852 2595 938 2640 Lia
970 2601 1222 2659 susceptos
1244 2593 1402 2657 filios,
1442 2595 1708 2659 expetitam
1734 2593 1929 2640 Rache-

104 2661 202 2709 lem
241 2669 599 2725 consequatur,
636 2670 684 2710 et
722 2663 822 2711 eius
852 2664 1060 2729 probata
1096 2665 1376 2724 sterilitate,
1415 2665 1615 2714 demum
1647 2664 1737 2712 Dei
1772 2663 1930 2728 gratIa

106 2731 289 2797 Ioseph
335 2732 469 2796 patri
512 2733 774 2798 plusquam
817 2735 1147 2799 nonagenario
1197 2742 1446 2784 nascatur.
1517 2735 1766 2783 Adversus
1807 2734 1931 2781 haec

106 2803 190 2851 vel
209 2801 479 2850 Authorem
494 2838 507 2862 ‚
540 2812 738 2869 recepta
761 2805 958 2853 Eusebii
983 2813 1031 2853 et
1054 2805 1280 2853 Africani
1303 2805 1571 2868 sententia,
1607 2805 1682 2853 nil
1721 2805 1933 2869 opponit

106 2874 326 2936 Scaliger
357 2874 469 2924 Not.
506 2891 615 2938 pag.
651 2878 737 2927 21.
782 2893 1058 2941 quanquam
1100 2875 1298 2939 Georgii
1339 2876 1666 2938 obiectionem
1704 2877 1935 2923 admittat

106 2962 158 3011 p.
208 2946 326 2999 253.
404 2944 532 2994 Vide
584 2944 894 2995 Scholiasten
942 2947 1036 2995 sibi
1089 2953 1138 2996 et
1183 2945 1384 2995 authori
1430 2947 1635 3014 proprio
1686 2945 1934 2995 contraria

108 3014 412 3065 sentientem.
667 3075 669 3077 ι

255 3082 354 3135 Tdv
389 3082 500 3136 Δοῖν
535 3088 605 3156 τῷ
647 3081 739 3138 πὲ.
777 3084 861 3139 τὸν
904 3086 1204 3152 Νεφθαλεὶμ
1238 3091 1308 3157 τῷ
1349 3081 1466 3152 πς’.]
1516 3089 1696 3151 Parce,
1734 3085 1930 3147 Georgi,

107 3154 298 3220 nuptiis
330 3155 516 3203 Rachel
547 3175 677 3204 anno
707 3158 836 3206 vitae
856 3158 1002 3207 Iacob
1034 3163 1120 3212 87.
1161 3158 1325 3221 initis,
1361 3158 1659 3224 posteriores
1684 3164 1800 3205 sunt
1827 3157 1932 3202 Dan

109 3235 159 3274 et
191 3224 538 3291 Nephthalim:
595 3228 823 3292 quintum
853 3237 1019 3278 tamen
1057 3237 1107 3278 et
1144 3237 1340 3278 sextum
1367 3228 1590 3278 ordinem
1632 3228 1761 3275 inter
1800 3225 1930 3273 filios

109 3296 255 3346 Iacob
291 3296 531 3346 obtinent.

252 3367 363 3429 Pag·
403 3369 518 3419 106.
553 3362 824 3433 Ἰώσηππος
845 3368 968 3437 λέγει
993 3366 1042 3431 ζ.
1074 3369 1305 3437 ἡμέρας]
1345 3369 1639 3435 Oppositum
1666 3368 1773 3428 lego
1799 3365 1932 3431 apud

110 3435 371 3500 Iosephum
407 3436 494 3484 lib.
530 3442 593 3491 1.>
618 3438 822 3503 Antiqu.
848 3458 955 3505 cap.
981 3445 1064 3494 29.
1089 3442 1223 3489 unde
1244 3442 1327 3490 vel
1358 3442 1416 3488 ab
1448 3438 1678 3502 imperito
1708 3435 1930 3488 Librario

112 3507 370 3556 interserta
388 3543 402 3570 ,
438 3508 518 3556 vel
542 3525 570 3555 a
597 3508 805 3574 Georgio
832 3512 962 3565 circa
988 3511 1182 3577 Iosephi
1205 3528 1386 3560 nomen
1409 3508 1728 3557 hallucinato.
