2222 3938
551 186 954 243 EXCERPTIS
993 182 1510 249 COMPARATIO.
1823 177 1946 237 301

116 324 193 374 bis
219 323 339 375 Νῶε
363 315 629 387 γενόμενος
654 318 778 370 ἐτῶν
801 312 870 382 φ’.
898 318 961 365 ad
984 335 1086 383 seq.
1109 332 1223 384 pag.
1249 319 1307 369 B.
1334 315 1516 380 verba,
1556 313 1688 383 ὅμοῦ
1703 313 1766 368 τοὶ
1788 314 1953 369 πάντα

117 395 201 461 {lm
226 388 395 463 .“ZVG'·
428 397 601 440 extant
622 397 792 438 textus
817 389 1083 436 Eusebiani
1106 407 1155 453 p.
1184 393 1231 442 8.
1259 390 1323 437 ad
1347 390 1548 437 calcem.
2017 394 2020 396 ’

255 465 368 527 Pag.
405 463 489 516 84.
528 462 581 509 C.
619 478 647 507 a
670 460 834 510 verbis
860 457 994 526 ὀροῖν
1017 458 1070 510 δὲ
1099 460 1153 511 ἐν
1183 464 1248 529 τῇ
1279 453 1730 528 συγκεφαλαιῶσει,
1768 459 1833 509 ad
1858 476 1954 526 pe·-

1 514 21 612 ..
115 535 312 602 ricopes
335 534 485 582 finem
510 532 660 580 habes
684 530 949 579 Animadv.
974 547 1084 596 pag.
1109 533 1227 584 249.

257 606 369 668 Pag.
406 604 490 659 85.
526 603 586 652 A.
624 620 653 649 a
690 601 862 651 verbis
901 598 1027 652 κατοὶ
1061 598 1118 651 τό
1160 597 1296 667 παροέ
1331 600 1693 668 Σαμαρείταις,
1731 600 1798 649 ad
1830 599 1955 649 haec

117 676 241 735 alia,
278 670 445 726 πάντα
474 673 555 738 ἔτη
578 668 704 742 lon-K.
734 679 1008 720 occurrunt
1033 679 1200 719 textus
1232 671 1408 719 Euseb.
1433 689 1543 736 pag.
1559 676 1609 725 9.

257 748 371 810 Pag.
408 749 491 799 86.
530 746 585 792 Β.
624 762 653 791 a
677 744 842 793 verbis
875 739 998 809 μετα
1032 739 1086 792 δὲ
1121 738 1209 793 τόν
1237 739 1605 807 κατακλυσμόν,
1643 741 1707 789 ad
1730 758 1841 806 pag.
1871 744 1956 796 88.

117 817 178 867 D.
203 819 355 866 verba
379 812 507 867 κατὰ
525 812 620 881 τὴν
640 817 743 864 ταῖν
768 809 824 864 ο’.
852 813 1132 880 ἑρμηνείαν.
1182 813 1420 877 Excerpt.
1443 813 1620 860 Euseb.
1647 830 1698 877 p.
1723 817 1771 865 9.
1797 820 1846 860 et
1874 816 1956 865 10.

118 888 398 954 conspicies
420 923 433 946 ‚
470 894 520 934 et
554 902 799 933 annorum
838 901 1052 932 summas
1078 884 1350 930 nonnullas
1375 901 1428 947 p.
1462 887 1543 936 19.
1573 882 1698 931 ibid.
1727 884 1779 931 C.
1803 883 1956 932 verba
2014 912 2018 915 -

116 960 224 1008 sola
261 955 387 1009 κατα
416 954 471 1008 δὲ
506 952 761 1021 Εὕσέβιον
783 949 957 1024 ,βῆπᾝ
982 954 1045 1002 ad
1074 952 1299 1002 Africani
1334 960 1530 1001 textum
1557 970 1585 1000 a
1617 953 1830 1018 Georgio
1863 971 1956 1020 ap-

117 1030 283 1096 posita
308 1030 539 1077 observat
563 1027 790 1076 Animad.
817 1042 926 1090 pag.
953 1025 1071 1079 249.

258 1101 371 1164 Pag.
409 1103 492 1154 89.
528 1099 586 1146 A.
625 1116 652 1145 a
688 1097 883 1158 verbis,
936 1092 1059 1146 ὥστε
1096 1089 1288 1162 ἀνάγκη
1320 1095 1679 1161 διαμαρτῆσαι,
1722 1093 1785 1142 ad
1822 1093 1959 1159 peri-

120 1186 269 1236 copes
290 1171 441 1218 finem
467 1169 586 1233 legis
612 1186 724 1235 pag.
751 1167 981 1228 Animad.
1007 1166 1125 1220 252.
1155 1165 1280 1214 ibid.
1305 1166 1356 1212 G.
1379 1183 1406 1212 a
1427 1164 1592 1213 verbis
1615 1162 1739 1215 κατοέ
1759 1162 1879 1224 τούς
1901 1159 1957 1215 ο’.

117 1238 181 1292 τοὶ
209 1239 324 1307 μὲν,
363 1242 427 1289 ad
461 1240 614 1289 verba
647 1237 709 1290 τοὶ
733 1235 899 1288 πάντα
925 1238 1008 1301 ἔτη
1037 1232 1212 1304 ,γρπδῖ
1253 1243 1428 1286 extant
1452 1236 1685 1285 Animad.
1712 1253 1763 1301 p.
1791 1238 1873 1289 13.
1909 1242 1959 1283 et

123 1319 290 1361 textus
315 1311 582 1360 Eusebiani
607 1328 658 1376 p.
689 1313 770 1362 19.
792 1309 922 1355 linea
948 1312 1031 1361 32-

261 1384 374 1447 Pag.
412 1388 496 1437 90.
533 1382 585 1430 C.
626 1399 654 1428 a
684 1380 851 1429 verbis
885 1379 937 1430 οἱ
961 1379 1205 1429 Χαλδαῖοι
1229 1380 1422 1445 πρῶτοι
1448 1376 1512 1424 ad
1543 1375 1693 1426 verba
1731 1377 1961 1443 Ζίνζιρος

123 1453 205 1519 ἔτη
230 1449 317 1518 με’.
344 1461 516 1501 extant
535 1451 699 1516 pagin.
725 1458 892 1500 textus
920 1449 1099 1498 Euseb.
1129 1450 1210 1502 14.
1236 1450 1293 1496 D.
1320 1467 1347 1495 a
1371 1448 1536 1497 verbis
1561 1447 1841 1509 διεδέξαντο
1862 1444 1956 1513 τήν
1984 1453 2039 1497 P.
2067 1453 2154 1498 507

120 1525 393 1575 λΧαλδαίων
434 1523 717 1589 βασιλείαν,
755 1522 817 1568 ad
842 1522 1102 1586 pericopes
1135 1527 1184 1567 et
1219 1520 1386 1584 pagin.
1412 1518 1590 1580 finem,
1629 1520 1806 1567 eodemv
1829 1519 1961 1567 loco.

266 1597 501 1658 Pag.·91.
541 1595 598 1640 A.
636 1610 663 1639 a
700 1591 863 1641 verbis
888 1586 1151 1658 Αἰγύπτου
1188 1593 1279 1655 τῆς
1315 1586 1471 1639 πάλαι
1492 1591 1785 1658 Μεστραίας
1812 1591 1962 1656 βασι-

121 1671 223 1729 λεῖς
247 1667 311 1715 ad
336 1682 447 1731 pag.
473 1665 624 1711 finem
648 1663 777 1726 leges
803 1660 1250 1726 ExcerptAEuseb.
1283 1676 1396 1725 pag.
1429 1663 1515 1713 18.

263 1739 375 1800 Pag.
415 1740 498 1789 92.
534 1735 590 1783 B.
642 1752 670 1781 a
709 1733 870 1782 verbis
908 1734 945 1798 ἦ
977 1735 1078 1782 τῶν
1120 1726 1346 1797 Ἀράβων
1390 1731 1455 1778 ad
1495 1729 1620 1778 haec
1662 1729 1961 1781 Χαλδαίωνε

121 1826 295 1859 rursus
323 1826 350 1854 a
375 1806 541 1855 verbis
567 1801 756 1870 ταύτην
780 1798 1062 1868 Ἀσσυρίων
1079 1840 1092 1864 ,
1131 1803 1194 1849 ad
1218 1801 1341 1849 haec
1370 1801 1466 1848 alia
1492 1801 1546 1852 οἷ
1564 1799 1651 1853 καὶ
1675 1796 1962 1868 ἄρξᾶμενοι,

122 1881 303 1929 iterum
335 1878 396 1926 ab
422 1876 499 1925 his
529 1870 629 1926 οΞπό
664 1879 759 1926 τοῦ
787 1869 989 1939 πρώτου
1027 1868 1194 1924 αὐτῶν
1227 1867 1396 1938 Βήλου
1431 1872 1495 1919 ad
1521 1872 1783 1938 pericopes
1811 1872 1964 1920 finem

122 1950 273 1999 habes
306 1956 476 1997 textus
515 1947 691 1995 Euseb.
730 1964 780 2012 p.
826 1945 907 1998 14.
941 1946 992 1994 C.
1034 1962 1062 1991 a
1099 1942 1267 1992 verbis
1292 1939 1544 2009 Εὕσὲβιος
1574 1946 1646 2011 τῷ
1675 1937 1850 2012 ,γρπδᾞ
1899 1943 1964 1992 ad

122 2021 248 2070 haec
272 2019 505 2087 ἐγέννησε
528 2014 612 2069 τόν
639 2012 816 2084 Θάρῤα
836 2016 1052 2082 reperies
1079 2014 1306 2063 Animad.
1330 2031 1380 2079 p.
1408 2018 1490 2069 13.
1516 2021 1565 2061 et.
1592 2014 1715 2069 252.

265 2093 378 2154 Pag.
420 2094 506 2143 96.
544 2088 603 2140 A.
643 2106 671 2136 a
699 2086 865 2136 verbis
903 2086 1226 2155 Αἰγυπτίων,
1261 2085 1324 2133 ad
1356 2101 1467 2150 pag.
1497 2088 1582 2138 98.
1616 2086 1674 2134 A.
1702 2085 1827 2134 haec
1869 2083 1965 2133 alia

124 2161 195 2214 ἔτι
221 2162 492 2228 διατρίβων
517 2159 572 2210 ἐν
601 2162 667 2228 τῇ
692 2158 909 2224 πατρίδι.

267 2233 384 2295 Pag.
423 2234 508 2283 99.
547 2229 605 2277 A.
655 2246 683 2275 a
718 2229 885 2276 verbis
924 2222 1052 2295 ἆρχή
1092 2231 1185 2279 τοῦ
1222 2222 1320 2293 μα’.
1355 2221 1695 2292 Ἰουβηλαίου,
1743 2226 1807 2274 ad
1841 2224 1964 2273 haec

125 2300 253 2352 ibid.
278 2301 361 2365 ἔτη
390 2295 496 2368 Ιβν’.
528 2298 649 2362 legis
679 2306 847 2346 textus
872 2299 1049 2368 Euseb.
1074 2316 1123 2362 p.
1152 2301 1233 2351 19.
1260 2298 1311 2345 C.
1339 2315 1368 2344 a
1393 2297 1558 2346 verbis
1586 2295 1738 2347 ἔνθεν
1764 2293 1965 2363 ἄρχεται

124 2377 226 2423 τῶν
251 2371 498 2438 Ἑβραίων
530 2367 569 2435 ἡ
604 2384 748 2434 προσ.
787 2369 852 2415 ad
888 2369 1039 2417 verba
1082 2366 1207 2416 ibid.
1244 2370 1336 2418 τοῦ
1372 2366 1739 2434 προειρημένου
1775 2366 1963 2432 reperis

126 2443 345 2492 eiusdem
382 2448 553 2488 textus
574 2455 687 2504 pag.
728 2443 778 2492 9.
805 2439 862 2485 D.
893 2456 920 2484 a
944 2438 1105 2487 verbis
1138 2431 1386 2503 Εὐσέβιος
1410 2433 1470 2488 τοὶ
1498 2433 1586 2486 υλ’.
1623 2436 1714 2503 ἔτη
1733 2437 1797 2486 ad
1821 2437 1962 2504 peri-

129 2530 276 2579 copes
303 2512 456 2560 finem
482 2510 632 2558 habes
657 2508 884 2556 Animad.
905 2525 1016 2573 pag.
1043 2512 1124 2560 17.

267 2583 383 2647 Pag.
425 2585 541 2635 100.
580 2578 636 2631 Α.
674 2597 702 2626 a
725 2578 892 2627 verbis
922 2574 1146 2646 Ἀβραοῖμ
1169 2571 1236 2643 ἦν
1261 2576 1386 2630 ἐτῶν
1408 2572 1504 2636 σις’.
1540 2577 1602 2625 ad
1627 2576 1728 2625 hoc
1751 2595 1963 2644 μετονο-

128 2649 376 2722 μάσαντες
417 2651 654 2718 quaedam
700 2648 1236 2717 nonnihil-immutata
1277 2647 1517 2714 proponit
1560 2655 1730 2697 textus
1782 2649 1962 2696 Euseb.

127 2743 179 2791 p.
215 2729 297 2779 19.
327 2724 381 2772 C.
418 2741 446 2771 a
478 2721 642 2772 verbis
665 2714 984 2787 Ἀφρικανοῦ.
1024 2721 1202 2784 Λιμοῦ
1225 2714 1577 2785 κατασχόντος,
1614 2719 1678 2767 ad
1701 2735 1812 2785 pag.
1846 2723 1963 2772 102.

131 2797 185 2844 C.
217 2795 368 2844 verba
400 2793 698 2844 Σικυωνίων
729 2788 778 2841 ε’.
806 2790 1123 2856 ἐβασίλευσεν
1151 2790 1369 2851 Θελξίων
1407 2789 1490 2855 ἔτη
1518 2784 1614 2856 νβ’.
1653 2790 1711 2838 D.
1745 2807 1773 2837 a
1798 2790 1966 2839 verbis

130 2861 308 2932 Σᾶρῤα
335 2865 459 2916 ἐτῶν
489 2858 608 2932 ρκζ.
636 2862 699 2910 ad
723 2861 846 2910 haec
871 2861 996 2910 ibid.
1038 2856 1266 2927 ω’νήσατο
1294 2859 1321 2912 ὁ
1342 2855 1580 2929 Ἀβραάμ.
1605 2859 1808 2910 exhibet
1838 2860 1966 2909 Scal.

129 2936 185 2984 in
210 2937 446 3002 Excerpt.
470 2954 519 3000 p.
548 2937 632 2989 20.

273 3008 383 3070 Pag.
424 3009 540 3060 103.
584 3005 639 3053 A.
675 3021 703 3052 a
723 3003 889 3053 verbis
911 2998 1075 3054 Ἰσαοέκ
1097 3001 1159 3050 ad
1183 2999 1281 3049 hoc
1303 2998 1571 3068 Βαθουῆλ,
1608 3000 1776 3050 reddit
1796 3008 1965 3048 textus

134 3077 309 3125 Euseb.
351 3095 399 3141 p.
438 3082 521 3130 20.
547 3077 605 3123 Β.
643 3092 671 3121 a
709 3075 873 3123 verbis
900 3069 1170 3142 Ἀσσυρίων
1199 3074 1443 3139 βασιλεῖς,
1481 3073 1545 3121 ad
1578 3071 1701 3121 haec
1724 3073 1783 3121 D.
1814 3073 1962 3123 δυνα-

133 3148 296 3205 στείας
320 3145 398 3212 ἔτη
427 3142 544 3197 σνδ’.
568 3146 717 3194 habes
742 3163 790 3210 p.
819 3150 901 3199 20.
928 3153 976 3193 et
999 3162 1100 3210 seq.
1977 3137 1980 3143 “

274 3218 386 3279 Pag.
426 3217 542 3271 104.
577 3218 634 3265 B.
672 3233 699 3263 a
728 3216 892 3266 verbis
920 3216 1212 3283 Αἰγυπτίων
1240 3208 1329 3274 σις’.
1360 3213 1426 3263 ad
1459 3230 1574 3280 pag.
1604 3212 1789 3261 calcem
1812 3209 1963 3258 habes

134 3287 345 3351 Excerp.
370 3287 544 3334 Euseb.
575 3305 624 3352 p.
655 3292 738 3340 21.

220 3422 223 3424 ,
275 3358 387 3420 l’ag-
440 3359 555 3410 105.
606 3375 633 3403 a
667 3356 834 3406 verbis
877 3354 1008 3417 τινὲς
1046 3352 1136 3407 τόν
1171 3351 1459 3421 αὐτόχθονα
1495 3357 1695 3419 Κρῆτα,
1745 3348 1807 3396 ad
1842 3346 1964 3395 haec

134 3426 258 3479 ibid.
301 3427 351 3488 ἐξ
389 3421 547 3477 αὐτοῦ
570 3423 973 3494 προσηγορεύθη.
1021 3433 1188 3474 textus
1231 3426 1410 3474 Euseb.
1437 3443 1486 3490 p.
1513 3429 1595 3476 21.
1630 3421 1681 3467 C.
1714 3413 1963 3485 Ἑβδομή-

132 3516 284 3551 κοντα
310 3494 434 3550 ἔπτὰ
461 3496 613 3559 ἐτῶν,
649 3497 713 3545 ad
732 3497 856 3546 haec
882 3496 951 3558 ὥς
975 3496 1030 3549 ἐκ
1051 3502 1141 3563 τῆς
1164 3501 1365 3564 γραφῆς
1388 3495 1592 3544 ibidem.
1632 3488 1761 3540 Ibid.
1789 3507 1818 3538 a
1844 3505 1961 3539 ver-
