2222 3938
357 184 480 246 476
953 193 1530 252 EMENDATIONES

354 327 463 392 guit
486 325 618 375 idem
645 325 895 376 Eusebius.
969 325 1192 374 Credidit
1217 324 1463 389 Scaligero
1491 326 1719 377 Petavius
1755 335 1806 377 et
1837 327 2005 378 Deioci
2041 330 2173 385 solos

352 401 437 452 32.
465 415 620 446 annos
646 397 912 461 Georgium
933 395 1166 444 tribuisse
1184 396 1307 444 falso
1328 396 1532 445 edoctus
1555 399 1729 447 asserit
1750 398 1839 451 lib.
1866 405 1914 455 9.
1942 400 2002 448 de
2029 400 2170 448 Doct.

354 470 523 533 Temp.
563 484 671 531 cap.
697 468 785 519 34.
825 466 1026 531 Astyagi
1062 466 1250 531 pariter
1287 484 1314 513 a
1353 467 1600 530 Scaligero
1642 470 1893 535 deceptus.
1918 473 2002 524 36.
2030 471 2173 518 -dun-

352 547 495 587 taxat
520 554 675 585 annos
701 538 938 600 assignat:
975 537 1108 584 unde
1130 537 1388 585 Medorum
1410 555 1579 602 regum
1611 541 1823 588 collecta
1854 541 1975 595 259.
2013 558 2172 589 anno-

353 627 466 660 rum
489 624 678 656 summa
702 613 786 661 22.
815 608 1060 666 defectum
1091 607 1298 672 patitur.

492 672 808 728 Μακεδόνων
834 677 1087 744 βασιλεῖς.]
1127 677 1489 740 cognoscendis
1515 677 1821 728 Macedonici
1847 679 1987 744 regni
2019 696 2173 730 exor-

353 749 448 798 diis
486 747 551 795 ad
585 747 785 795 Eusebii
812 756 1072 813 excerpta,
1109 749 1171 796 ad
1198 747 1336 796 hunc
1373 749 1612 798 nimirum
1634 749 1873 798 Authoris
1902 752 2065 798 nostri
2089 751 2176 798 lo-

352 836 492 879 cum,
526 819 763 867 lectorem
801 835 946 866 suum
986 818 1342 868 eruditissimus
1371 820 1613 870 Petavius-
1640 815 1853 870 remittit
1891 821 1977 869 lib.
2018 818 2066 876 9.
2110 821 2174 870 de

349 888 578 938 doctrina
597 890 899 954 Temporum
936 907 1041 955 cap.
1067 893 1153 943 36.

486 959 810 1027 ‘'Eoodocvaiw]
849 961 1076 1024 Scaliger.
1113 955 1412 1027 Δαρδάνων.
1471 960 1585 1009 Scio
1619 961 1893 1010 Dardanios
1931 962 1994 1009 ad
2034 962 2175 1009 Pan-

347 1031 549 1079 noniam
589 1038 638 1078 et
676 1030 1014 1078 Macedoniam
1056 1031 1206 1078 sitos:
1257 1038 1308 1077 at
1341 1048 1454 1078 cum
1491 1032 1682 1079 Eordos
1715 1033 1843 1080 inter
1876 1032 2172 1080 Macedones

347 1110 576 1150 numeret
604 1101 779 1149 Strabo
806 1101 890 1151 lib.
913 1106 960 1153 7.
990 1118 1031 1148 e.
1056 1104 1140 1153 21.
1172 1108 1221 1148 et
1246 1104 1327 1154 23.
1354 1119 1380 1148 a
1408 1103 1506 1153 MS.
1533 1102 1631 1150 fide
1663 1119 1765 1149 non
1788 1103 1980 1154 recedo·

491 1169 603 1239 Πρό
633 1175 726 1237 τῆς
759 1166 961 1237 πρώτης
992 1165 1331 1236 Ὀλυμπιάδος
1370 1171 1493 1222 ἔτεσι
1524 1168 1635 1238 κε’.]
1673 1173 1749 1219 lta
1784 1173 2059 1221 necessario
2085 1190 2171 1221 re-

345 1243 657 1308 ponendum:
694 1241 768 1288 Ab
806 1258 935 1289 anno
980 1240 1164 1306 quippe
1193 1242 1347 1294 4701.
1384 1259 1482 1305 quo
1514 1242 1844 1290 Macedonum
1870 1243 2009 1306 regni
2042 1243 2171 1291 iacta

347 1321 464 1360 sunt
490 1332 516 1360 a
545 1314 733 1360 Carano
763 1312 1110 1371 fundamenta,
1148 1311 1209 1358 ad
1237 1312 1444 1375 primam
1474 1312 1821 1377 Olympiadem
1860 1323 1989 1361 anno
2014 1313 2171 1367 4726.

349 1383 551 1432 affixam
583 1384 666 1436 25.
704 1382 1010 1430 recensendi.
1057 1382 1293 1445 Scaliger,
1333 1383 1419 1445 qui
1451 1390 1618 1430 manet
1657 1383 1711 1429 in
1740 1383 1840 1432 MS.
1877 1379 1957 1448 ιη’.
1991 1400 2171 1432 nume-

348 1471 462 1502 rum
489 1454 698 1515 retinet,
736 1460 785 1500 et
818 1453 877 1499 ab
909 1453 1118 1500 Eusebio
1152 1458 1322 1499 monet
1348 1454 1678 1502 observatum.
1748 1453 1812 1501 At
1841 1471 1952 1501 cum
1993 1455 2172 1502 Carani

346 1541 555 1587 regnum
589 1524 652 1571 ad
684 1522 930 1571 Abraham
954 1526 1107 1576 1203.
1136 1523 1303 1585 alliget
1338 1523 1608 1583 Eusebius,
1646 1523 1952 1589 primamque
1983 1525 2172 1589 Olym-

188 1600 243 1644 V.
263 1602 319 1648 51
349 1596 545 1660 piadem
573 1595 628 1642 in
652 1594 869 1642 eiusdem
898 1594 1047 1647 1240.
1075 1593 1390 1654 submoveat,
1429 1593 1550 1640 alios
1570 1593 1743 1657 viginti
1772 1612 1926 1642 annos
1960 1596 2170 1660 proprio

348 1683 558 1714 numero
590 1665 885 1729 complendo
912 1663 1213 1711 necessarios
1243 1672 1458 1728 apponat
1479 1681 1676 1711 necesse
1702 1673 1791 1715 est.

470 1732 606 1795 “Eros
634 1731 960 1800 Ἀλεξάνδρου
981 1737 1073 1783 τοῦ
1088 1734 1322 1798 κτίστου]
1349 1734 1504 1782 Annis
1534 1752 1559 1781 a
1589 1735 1797 1783 conditu
1813 1734 1988 1782 mundi
2014 1734 2171 1789 4700.

348 1824 376 1853 a
404 1806 584 1870 quibus
609 1805 786 1870 elapsis
816 1805 1141 1852 Macedonum
1163 1821 1372 1867 regnum
1411 1805 1673 1853 exorditur
1711 1805 1892 1854 additis
1923 1806 2042 1860 455.
2076 1823 2171 1853 an-

346 1893 442 1925 nus
471 1877 625 1930 5156.
653 1892 751 1939 quo
780 1876 941 1939 coepit
967 1891 1171 1938 regnare
1195 1875 1501 1937 Alexander,
1537 1875 1764 1940 proxime
1787 1876 2050 1927 obtinetur.

490 1942 681 2006 Κοινὸς
705 1945 798 1995 ἔτει
818 1943 929 2010 κη’.]
968 1945 1123 2008 Regni
1143 1945 1245 1991 eius
1265 1944 1465 1992 initium
1491 1946 1687 2007 vulgari
1711 1947 1843 1994 orbis
1865 1963 1993 1995 anno
2010 1947 2168 2000 4731.

345 2015 460 2065 finis
485 2016 638 2070 4758.
668 2016 862 2079 figitur:
901 2015 1017 2063 solis
1047 2032 1159 2076 ergo
1185 2019 1271 2068 28.
1299 2032 1400 2062 11011
1433 2019 1516 2068 29.
1547 2015 1689 2062 annis
1719 2018 1956 2079 regnavit.

497 2084 605 2145 Τῖὁς
637 2082 834 2151 αὕτοῦ.]
874 2086 951 2133 Ad
976 2086 1081 2133 Ioas
1104 2085 1226 2132 haec
1251 2084 1350 2132 duo
1373 2086 1525 2132 verba
1551 2087 1784 2134 referrem
1802 2123 1816 2148 ‚
1853 2087 1907 2134 ni
1947 2103 2070 2150 quae
2105 2086 2168 2135 de

347 2157 455 2206 Ioas
485 2157 712 2221 loquitur
734 2155 971 2221 periocha
999 2172 1108 2220 pag.
1137 2159 1254 2208 ’187.
1281 2155 1332 2205 C.
1367 2155 1522 2202 nimio
1547 2156 1606 2203 ab
1629 2155 1727 2204 illis
1755 2156 2026 2205 dissideret.

474 2224 686 2295 ’Ἄνδρες
719 2221 796 2295 y'.]
846 2227 1020 2274 Certus
1053 2242 1305 2274 caesorum
1347 2242 1582 2274 numerus
1617 2227 1667 2279 4.
1715 2227 1831 2291 Reg.
1864 2228 1947 2282 14.
1994 2228 2075 2279 vel
2111 2234 2163 2282 2.

346 2298 504 2348 Paral.
532 2299 617 2351 25.
653 2314 756 2345 11011
776 2305 1077 2345 recensetur.

488 2369 602 2432 Pag.
644 2372 764 2422 199.
806 2364 989 2433 Πρώτη
1021 2362 1294 2431 Ὀλυμπιάς
1321 2363 1502 2432 ’ἤρξατο
1533 2362 1699 2428 Ὀζίου
1734 2366 1828 2419 ἔτει
1851 2363 1960 2434 με’.]
2014 2369 2165 2418 Oziae

345 2439 475 2501 regis
504 2439 710 2503 quintus
757 2456 908 2503 supra
957 2437 1383 2501 quadragesimum
1433 2454 1591 2484 annus
1634 2455 1943 2486 communem
1989 2440 2165 2488 mundi

344 2509 498 2562 4726.
539 2517 914 2557 concurrentem
948 2509 1161 2570 obtinet,
1212 2524 1309 2572 quo
1342 2507 1549 2572 primam
1584 2509 1926 2573 Olympiadem
1959 2526 2022 2557 ex
2055 2513 2164 2558 Au-

343 2577 504 2626 thoris
540 2587 688 2627 textu
720 2579 1066 2644 praemisimus
1108 2578 1448 2641 statuendam,
1495 2585 1607 2626 ante
1641 2578 1970 2627 Christianam
2001 2598 2163 2630 aeram

345 2649 487 2696 annis
526 2651 645 2703 775.
684 2667 798 2699 cum
837 2667 928 2698 sex
961 2651 1063 2697 sere
1102 2649 1364 2697 mensibus.
1451 2649 1632 2696 Verum
1659 2650 1721 2696 ob
1763 2667 2007 2697 annorum
2048 2659 2160 2698 octo

345 2719 563 2782 spatium
593 2719 854 2768 Gotholiae
874 2719 1143 2785 tyrannidi,
1192 2735 1316 2782 quae
1339 2720 1588 2782 septennis
1616 2727 1808 2767 tantum
1833 2720 1946 2777 fuit,
1971 2720 2031 2766 ab
2052 2721 2162 2768 Au·-

345 2787 490 2836 thore
525 2791 792 2839 oscitanter
829 2791 1150 2851 attributum,
1200 2805 1314 2837 cum
1340 2790 1651 2852 sequentium
1675 2806 1845 2852 regum
1864 2790 1981 2837 luda
2005 2790 2163 2839 inau-

344 2859 624 2922 gurationes
647 2878 748 2908 uno
764 2879 894 2908 anno
921 2878 1060 2909 secus
1087 2858 1274 2925 positas
1305 2867 1526 2920 constet-2
1561 2859 1621 2906 iis
1646 2860 1699 2906 in
1723 2876 1908 2906 annum
1931 2862 2162 2925 superio-

345 2945 452 2977 rem
470 2931 715 2979 revocatis
741 2932 915 2993 Oziae,
952 2932 1036 2994 qui
1063 2929 1288 2992 Azarias‚
1327 2929 1534 2993 quintus
1563 2946 1707 2992 supra
1731 2930 2160 2993 quadragesimum

345 3000 523 3048 mundi
555 2999 707 3054 4725.
746 3001 1003 3050 confestim
1044 3007 1283 3064 occupat,
1337 2999 1423 3063 qui
1462 2998 1642 3046 certior
1685 3007 1782 3057 est,
1831 3016 1894 3047 ex
1939 3001 2159 3049 Africani

347 3077 578 3135 computo
615 3071 935 3135 Olympiados
975 3071 1164 3136 primae
1201 3069 1368 3129 sedeS,
1419 3085 1447 3114 a
1486 3085 1582 3131 qua
1615 3068 1844 3135 deinceps
1877 3071 1940 3118 ad
1974 3089 2158 3119 annum

347 3140 523 3189 mundi
547 3140 698 3194 5472.
726 3149 775 3187 et
797 3141 1046 3188 Actiacam
1069 3138 1330 3188 victoriam
1362 3140 1631 3201 completos
1662 3143 1778 3193 187.
1806 3141 2160 3207 Olympiadum

347 3211 517 3274 cyclos
540 3218 768 3258 numerat
780 3211 1042 3259 Africanus
1063 3225 1173 3274 pag.
1195 3211 1312 3261 308·
1338 3208 1393 3255 D·
1429 3209 1684 3262 Caeterum
1711 3210 1773 3256 ad
1798 3229 1979 3259 annum
2005 3229 2160 3259 mun-

350 3281 405 3328 di.
425 3282 678 3344 vulgarem
711 3281 864 3334 4725.
902 3280 1106 3328 Azan-iae
1137 3279 1395 3341 septimum
1419 3285 1466 3324 et
1489 3279 1909 3343 quadragesimum
1934 3283 1985 3329 1η
2007 3299 2157 3346 prae-

348 3352 464 3399 fatis
491 3350 877 3415 castigatioribus
898 3349 1081 3396 tabulis
1107 3348 1346 3410 illigatum
1370 3348 1489 3396 licet
1511 3350 1771 3398 observare
1786 3391 1800 3414 ,
1837 3353 1972 3415 quod
1993 3369 2157 3399 semo-

349 3422 442 3485 tis,
478 3423 742 3487 plusquam
779 3438 870 3486 par
904 3421 1033 3468 soret
1068 3437 1095 3465 a
1130 3417 1377 3483 principio
1403 3418 1526 3466 Iuda
1555 3420 1774 3484 regibus,
1822 3422 1952 3470 inter
1973 3422 2155 3470 Ioacim

190 3496 243 3539 P.
265 3496 325 3540 56
355 3508 536 3543 annum
571 3500 805 3560 quartum
841 3488 1040 3556 etCyri
1074 3488 1279 3539 exordia
1317 3506 1556 3540 annorum
1594 3491 1898 3558 septuaginta
1940 3492 2155 3559 spatium
