2222 3938
662 212 758 268 ET
794 213 1378 285 ANNOTATIONES.
1795 207 1917 267 531

99 346 270 406 aperte
291 338 432 389 velut
453 339 651 391 firmam*
671 337 912 410 epocham
933 361 1045 411 pag.
1066 347 1187 399 311.
1204 345 1257 395 C.
1297 343 1501 395 Numeri
1526 342 1703 394 mutati
1725 363 1921 397 causam

96 410 282 459 ibidem
304 410 586 460 adiecimus.

235 475 497 534 Ἐνιαυτοῦ
530 486 622 534 τοῦ
649 477 757 546 τξε’.
794 487 994 551 πρῶτον
1029 483 1274 552 ἡμερῶν]
1319 486 1481 534 Locus
1515 494 1809 552 corruptus,
1845 487 1918 535 ita
1954 488 2003 540 V.
2029 495 2088 539 70

95 550 347 615 quondam
372 559 433 600 ut
457 554 672 603 arbitror
696 555 928 620 scriptus,
991 554 1223 606 ἐνιαυτοῦ
1247 559 1338 606 τοῦ
1359 551 1469 618 τξε’.
1493 560 1693 625 πρῶτον
1716 556 1919 624 ’ἡμερῶν

95 617 274 684 ὄντος,
310 620 399 672 καὶ
421 622 537 691 περὶ
560 620 618 675 δ’.
652 620 713 674 α’.
739 624 958 692 ’ἠμέρας-ε
995 642 1059 674 ex
1093 643 1192 691 quo
1218 627 1340 675 vitio
1366 620 1513 687 οὗτος
1535 623 1672 694 παροῖ
1694 624 1779 678 λα’.
1802 633 1921 694 μιᾶς

94 699 191 741 etc.
230 708 446 755 expanse
480 695 757 759 reponitur.
796 695 1029 746 ἐνιαυτοῦ
1057 701 1149 748 τοῦ
1176 698 1475 763 τριακοσίων
1504 693 1740 762 ἐξήκοντα
1772 698 1919 751 πέντε

91 764 294 830 πρῶτον
315 761 519 830 ἡμερῶν
548 762 713 828 ὄντος,
750 765 835 815 καὶ
858 765 974 832 περὶ
995 762 1376 834 τεταρτομόριον
1401 770 1519 833 μιᾶς
1540 767 1742 834 ἡμέρας.

221 827 369 893 Ἵίτις
394 832 521 884 κατὰ
544 833 636 900 τήν
661 831 763 887 κθ’.
781 840 875 887 τοῦ
899 831 1196 906 Αὐγούστου
1223 835 1382 903 μηνός
1404 837 1703 903 συμπίπτει]
1739 840 1920 902 Mente,

91 908 152 950 ut
172 902 413 967 arbitror,
453 921 557 953 non
584 908 737 956 facto.
807 906 981 955 Annus
1006 908 1138 955 enim
1162 908 1432 973 Aegyptius
1458 908 1631 956 diebus
1657 910 1775 956 solis
1802 911 1922 963 365.

93 980 325 1021 constans
341 1013 356 1037 ,
394 992 488 1023 nec
511 975 901 1024 intercalationis
929 978 1027 1026 diei
1053 986 1168 1042 post
1193 995 1348 1026 annos
1384 987 1599 1042 quatuor
1624 985 1922 1045 componen-

93 1042 160 1090 do
185 1060 273 1091 sex
297 1043 534 1093 horarum
560 1063 812 1095 excessum
836 1047 1101 1096 admittens
1124 1056 1236 1096 ante
1258 1048 1463 1112 Augusti
1493 1056 1734 1114 tempora,
1772 1051 1923 1098 adeo-

98 1129 197 1177 que
229 1122 345 1179 post
372 1116 751 1180 quadriennium
777 1117 942 1166 Thoth
961 1135 1108 1166 suum
1129 1120 1433 1167 transferens
1454 1118 1509 1167 in
1532 1119 1650 1167 anni
1677 1119 1769 1167 fixi
1793 1119 1925 1170 diem

93 1184 422 1249 anteriorem,
470 1188 800 1237 revolutionis
834 1205 950 1237 suae
979 1189 1313 1256 principium,
1349 1198 1399 1237 et
1433 1189 1687 1238 redeuntis
1728 1192 1925 1255 periodi

94 1271 342 1303 annorum
388 1258 540 1311 1460.
585 1259 804 1323 primum
839 1260 1106 1308 terminum
1146 1277 1394 1325 nusquam
1428 1260 1547 1309 olim
1580 1260 1754 1308 habuit
1791 1261 1924 1309 diem

92 1323 307 1389 Augusti
333 1331 419 1381 29.
449 1328 722 1392 quinimmo
747 1330 988 1379 circuitus
1017 1331 1151 1379 illius
1184 1330 1334 1379 cardo
1357 1331 1438 1379 vel
1463 1330 1655 1396 primus
1678 1331 1819 1379 limes
1858 1331 1924 1380 ad

93 1395 359 1444 Caniculae
391 1399 580 1463 Sydus,
630 1399 808 1448 Sothin
845 1402 904 1449 ab
948 1401 1204 1466 Aegyptiis
1242 1410 1589 1467 nuncupatum
1624 1401 1765 1448 annis
1807 1409 1922 1449 ante

91 1466 384 1515 memoriam
409 1469 689 1519 labentibus
721 1472 1050 1533 referebatur,
1093 1479 1152 1519 ut
1184 1472 1425 1536 Georgius
1452 1470 1633 1520 author
1661 1479 1736 1519 est
1762 1489 1810 1536 p.
1837 1474 1923 1526 40.

91 1536 148 1585 B.
183 1537 414 1602 idemque
433 1540 600 1589 Horus
621 1541 803 1607 Apollo
820 1579 834 1605 ,
873 1550 923 1589 et
945 1541 1255 1608 Porphyrius
1283 1543 1336 1590 in
1362 1544 1520 1590 Antro
1539 1549 1801 1590 testantur.
1837 1543 1923 1590 Pe-

89 1606 227 1655 riodi
251 1615 415 1656 tamen
430 1611 561 1659 illius
579 1629 822 1661 annorum
850 1613 1000 1666 1460.
1027 1613 1288 1660 exordium
1308 1612 1601 1661 viderentur
1623 1611 1748 1661 haec
1761 1613 1923 1661 Geor-

91 1677 161 1741 gii
189 1679 342 1727 verba
369 1681 431 1728 ad
455 1682 661 1745 Augusti
687 1683 816 1730 diem
845 1687 928 1736 29.
952 1683 1237 1746 astringere,
1259 1683 1359 1730 nisi
1380 1684 1607 1746 neglecto
1629 1699 1748 1748 prae
1771 1691 1924 1731 vetu-

90 1755 217 1796 state
240 1750 398 1814 priori
426 1752 692 1800 Caniculae
723 1753 923 1802 cardine
939 1791 954 1814 ‚
991 1753 1128 1816 quod
1146 1753 1244 1800 iam
1272 1753 1390 1800 anni
1414 1753 1704 1817 Aegyptiaci
1729 1753 1925 1816 princi-

88 1817 232 1883 pium
254 1821 307 1867 in
331 1822 544 1885 spatium
567 1823 786 1872 anterius
805 1840 908 1871 non
930 1822 1230 1882 retrahatur,
1267 1823 1392 1871 alius
1412 1823 1498 1871 hic
1524 1824 1644 1883 dies,
1684 1823 1925 1871 nimirum

89 1891 308 1952 Augusti
337 1896 421 1944 29.
452 1901 509 1940 ut
534 1894 651 1940 anni
678 1894 766 1941 fixi
795 1892 1036 1941 terminus
1059 1902 1131 1941 est
1153 1893 1391 1941 immotus
1413 1900 1463 1941 et
1483 1893 1699 1955 stabilis,
1735 1892 1806 1940 ita
1827 1911 1922 1958 pa·
1951 1894 2000 1936 P.
2032 1893 2088 1938 77

89 1959 217 2008 riter
241 1961 286 2008 si
308 1977 462 2025 vagus
487 1971 615 2011 esset
637 1971 685 2012 et
708 1965 928 2012 incertus
943 1998 957 2022 ,
1006 1963 1227 2011 eiusdem
1249 1964 1302 2011 in
1339 1972 1504 2028 partes
1531 1964 1724 2029 priores
1755 1971 1924 2012 retro-

91 2046 259 2078 cessus
289 2031 430 2080 limes
456 2034 650 2098 primus
683 2043 733 2083 et
762 2035 913 2083 cardo
937 2042 1054 2098 post
1076 2034 1289 2098 Augusti
1314 2034 1532 2082 Caesaris
1555 2042 1752 2099 tempus
1781 2034 1924 2098 cogi-

88 2100 282 2149 tatione
306 2103 673 2168 conciperetur.

229 2170 315 2231 Ὼς
350 2171 516 2237 ἔτυχεν
553 2169 992 2238 ἀποκαταστῆναι]
1031 2173 1143 2221 Νοη
1176 2180 1453 2221 restaurata
1476 2179 1526 2220 et
1549 2172 1789 2221 redeunte
1828 2190 1924 2221 an-

91 2256 276 2289 norum
317 2242 468 2294 1460.
503 2243 568 2291 ad
604 2244 734 2291 diem
769 2243 979 2304 Augusti
1004 2248 1091 2296 29.
1124 2242 1360 2307 periodo,
1398 2242 1484 2290 sed
1512 2244 1630 2289 anni
1657 2242 1824 2291 Thoth
1857 2244 1923 2292 ad

91 2327 206 2359 eum
233 2311 361 2358 diem
382 2313 434 2359 in
463 2322 758 2378 perpetuum
789 2313 1044 2376 colligato,
1081 2313 1126 2360 si
1155 2329 1279 2376 quae
1302 2312 1534 2377 deinceps
1569 2312 1776 2377 fingitur
1813 2313 1920 2362 eius

88 2382 250 2447 priori
268 2399 406 2430 more
429 2384 706 2446 divagantis
738 2382 1099 2444 inconstantia,
1139 2383 1280 2431 velut
1307 2382 1392 2430 hic
1425 2383 1642 2447 primum
1673 2384 1917 2441 instituta,

90 2452 152 2498 ab
177 2452 275 2500 hoc
300 2469 494 2517 quoque
520 2454 681 2518 primo
702 2454 917 2501 termino
952 2452 1206 2501 effluxisse
1239 2453 1494 2517 cogitetur.
1567 2447 1921 2522 ἄποκαθιστᾷν

91 2522 223 2570 enim
248 2540 352 2570 non
380 2519 740 2575 ἀνακαλεῖσθαι
755 2525 901 2572 modo
917 2561 930 2586 ,
968 2523 1053 2570 sed
1079 2531 1128 2570 et
1149 2520 1509 2584 ἐπισκευάζειν,
1548 2530 1598 2570 et
1616 2525 1920 2590 καταρτίζειν

91 2609 224 2654 esse,
267 2609 360 2640 nec
383 2611 484 2641 non
513 2595 715 2659 insuper
741 2588 1140 2644 ἀποκατάστασιν
1167 2611 1269 2641 non
1304 2593 1379 2641 rei
1402 2600 1594 2641 tantum
1620 2593 1674 2640 in
1697 2595 1920 2660 priorem

90 2670 274 2710 statum
303 2664 690 2727 restitutionem,
730 2665 815 2712 sed
851 2672 898 2712 et
928 2664 1241 2711 turbulentae
1276 2671 1326 2712 et
1358 2671 1632 2712 commotae
1656 2664 1922 2712 subsiden-

89 2733 212 2780 tiam
250 2740 299 2781 et
335 2735 646 2799 pacationem
683 2735 962 2798 significare
995 2734 1296 2782 demonstrat
1336 2733 1592 2782 Budaeus:
1642 2751 1797 2798 quare
1833 2734 1920 2798 qui

88 2820 242 2867 vagus
271 2811 319 2851 et
345 2821 513 2853 errans
539 2806 762 2867 sistitur,
800 2813 848 2853 et
883 2805 946 2852 ad
969 2805 1261 2869 deputatum
1295 2806 1562 2852 terminum
1595 2804 1785 2853 stabilis
1821 2821 1920 2852 co·-

89 2873 292 2922 hibetur
317 2891 476 2924 annus
491 2912 505 2939 ,
541 2875 664 2923 mihi
688 2876 824 2942 apud
847 2873 1120 2923 Authorem
1153 2869 1561 2942 ἀποκαταστῆναι
1578 2873 1703 2926 bene
1733 2890 1918 2941 appre-

88 2943 343 2993 henditur.

196 3026 201 3031 ’
234 3012 378 3066 Kato}
403 3011 515 3067 τόδε
536 3010 697 3086 ,ευοαῖ
727 3015 834 3076 ἔτος
849 3018 945 3066 τοῦ
961 3011 1186 3081 κόσμου.]
1221 3013 1398 3064 Varius
1426 3021 1524 3078 est,
1561 3030 1654 3063 nec
1682 3014 1776 3063 sibi
1797 3030 1918 3062 con-

91 3092 229 3132 stans
255 3085 310 3131 in
337 3087 552 3135 numeris
582 3087 854 3150 Georgius,
893 3103 1005 3134 cum
1032 3086 1245 3133 maxime
1264 3101 1370 3134 rem
1396 3102 1501 3134 eam
1524 3091 1731 3147 tractat,
1769 3083 1914 3131 cuius

91 3163 356 3220 computus
377 3173 479 3204 non
500 3157 629 3205 idem
647 3158 741 3206 sibi
765 3174 877 3205 cum
900 3156 1180 3205 Authorum
1207 3163 1458 3221 computo,
1494 3171 1707 3220 quorum
1729 3153 1915 3218 scripta

92 3241 204 3273 eum
238 3226 467 3274 evolvere
503 3228 600 3275 suit
629 3244 839 3278 necesse.
911 3228 1152 3292 Exemplo
1177 3234 1297 3275 sunt:
1318 3226 1441 3274 haec
1478 3225 1629 3274 verba
1654 3220 1778 3273 κατοὶ
1801 3218 1915 3274 τόδε

91 3291 254 3364 ,wool-
293 3295 426 3358 ἔτος,
465 3313 575 3345 curn
602 3299 865 3346 nonnullas
896 3306 1009 3346 ante
1041 3298 1193 3346 lineas
1218 3294 1342 3348 κατοὲ
1366 3293 1423 3347 τὸ
1452 3290 1612 3364 ,ευοβῖ
1652 3292 1757 3352 ἔτος
1791 3291 1914 3341 ecri-

91 3366 264 3430 pserit.
314 3366 409 3414 Hic
437 3367 661 3431 Georgii,
700 3370 826 3417 alter
859 3368 1104 3417 Panodori
1128 3384 1363 3416 numerus
1388 3365 1647 3431 propriust
1683 3370 1732 3410 et
1750 3362 1919 3427 figuris

91 3434 210 3483 licet
250 3436 422 3484 affines
463 3438 623 3501 spatio
664 3446 835 3487 tamen>
860 3455 1105 3487 annorum
1129 3446 1315 3504 septem
1343 3436 1426 3484 vel
1453 3441 1566 3481 octo
1608 3432 1768 3480 dissiti
1805 3449 1833 3479 a
1868 3446 1920 3481 se

93 3504 309 3555 invicem
333 3515 628 3571 arguuntur.
685 3510 780 3558 Res
805 3509 1084 3576 paradoxa,
1120 3517 1267 3558 acuta
1299 3504 1498 3569 Georgii
1520 3519 1660 3553 mens
1677 3538 1692 3567 ‚
1727 3510 1775 3551 et
1794 3519 1919 3567 quae
