2222 3938
281 198 407 259 374
917 199 1497 258 EMENDATIONES

420 330 732 396 Ἀσενναῖον,
771 331 821 394 ἐξ
849 352 910 383 ου
937 326 1214 398 Δαλμαται.

422 402 676 472 Ἀράδιον,
715 403 764 464 ἐξ
788 397 850 453 οὗ
873 402 1125 475 Ρωμαῖοι,
1166 402 1220 454 οἱ
1238 401 1326 455 καὶ
1348 405 1591 465 Κιτιαῖοι,
1623 405 1853 455 Λατῖνοι.

425 479 746 542 Σαμαραῖον,
789 473 838 534 ἐξ
863 475 923 524 οὐ
950 474 1186 559 Λίγυρες.

421 543 473 598 'A
475 550 682 612 μαθεῖς,
718 543 769 604 ἐξ
795 546 855 594 οὐ
852 539 1227 624 Ἀμαθούσιοι.

427 613 697 683 Λουδιειδ,
734 613 785 675 ἐξ
810 607 908 678 οὗ.]
948 616 1020 662 De
1042 615 1305 662 nationum
1333 612 1578 679 capitibus
1600 613 1713 662 istis
1743 620 1857 661 octo
1882 612 2122 681 Iosephus

286 705 438 754 supra
473 691 792 733 memoratus.
852 687 955 735 τῶν
998 682 1054 735 δὲ
1088 682 1253 735 ἄλλων
1290 686 1584 750 Λουμαίου,
1635 683 1723 735 καὶ
1755 679 1987 766 Ἐναμία,
2036 684 2121 734 καὶ

286 759 551 824 Λαβίμου,
591 758 684 805 τοῦ
712 749 868 821 μόνου
898 751 1291 822 κατοικήσαντος
1308 755 1362 806 ἐν
1386 751 1563 821 Λιβύι,
1598 755 1683 806 καὶ
1707 751 1801 821 τὴν
1837 749 2004 821 χώραν
2031 750 2124 805 ἄπ’

288 825 447 881 αὐτοῦ
471 824 797 888 καλέσαντος,
836 825 1077 891 Νεθέμου
1114 845 1190 889 τε,
1217 825 1305 876 καὶ
1333 826 1707 891 Φαθρωσίμου,
1743 824 1829 876 καὶ
1853 826 2125 891 Χεσλίμου,

286 897 373 949 καὶ
412 891 731 982 Χερθωμου,
767 895 882 962 περὶ
917 916 1018 948 των
1058 892 1324 982 ὅνοματων
1363 892 1514 948 ουὸὲν
1546 897 1704 961 ι’σμεν
1761 894 1787 948 5
1820 893 1914 963 γοῖρ
1941 897 2124 946 Αἰθιο-

284 964 428 1028 πικὸς
452 962 691 1054 πόλεμος,
727 965 842 1034 περὶ
870 961 934 1018 οὗ
961 963 1253 1033 δηλώσομεν
1287 963 1529 1034 ὕστερον,
1569 962 1875 1027 ἄναστατους
1906 985 1995 1027 τας
2026 961 2126 1017 πό-

285 1044 387 1099 λεις
431 1057 600 1089 αυτων
638 1037 889 1103 ἐποίησεν.
959 1040 1213 1100 Lumaei‚
1260 1040 1541 1100 Εηαηιὶὶιε,
1589 1038 1809 1099 Ᾱαόίηί,
1873 1039 1965 1102 qui
1999 1039 2128 1084 solis

210 1120 215 1126 '
287 1111 501 1157 coloniis
521 1109 808 1168 inLibyam
835 1107 1006 1155 ductis
1028 1112 1278 1174 regionem
1305 1128 1338 1156 a
1359 1127 1410 1155 Se
1425 1108 1723 1173 dominavit,
1749 1117 1860 1154 tum
1879 1108 2125 1171 Netlzeml,

286 1180 655 1244 Plzetlzrosimi,
685 1176 939 1241 Cheslz'mi,
971 1179 1320 1243 Clzeplztlzomi‚
1343 1189 1452 1226 tam
1478 1198 1569 1240 res,
1598 1196 1754 1244 qaam
1777 1181 1985 1226 nomina
2009 1188 2127 1226 sunt

285 1255 340 1300 in
367 1251 593 1300 obscure.
632 1250 780 1297 Bello
807 1252 938 1297 enim
951 1249 1271 1314 Aethiopiae,
1299 1249 1359 1297 de
1386 1268 1486 1315 quo
1514 1268 1607 1296 sao
1624 1251 1731 1297 loco
1758 1247 1967 1307 dicetur,
1984 1250 2128 1297 urbe-s*

284 1339 456 1373 eorum
475 1329 823 1370 suntseversae.
895 1321 1135 1386 Iosephus
1158 1320 1436 1385 hucusque.
1499 1321 1814 1382 Sobactenos,
1850 1319 2126 1385 Chettneos,

283 1393 545 1452 Arameos,
568 1398 617 1438 et
630 1391 834 1439 Sinaeos
857 1391 984 1439 locis
1005 1393 1105 1440 suis
1121 1392 1316 1439 deside1
1319 1399 1426 1440 atos
1443 1409 1505 1439 ex
1524 1392 1723 1439 eodem
1709 1408 1762 1438 m
1780 1392 1996 1454 margine
2011 1410 2126 1458 sup-

287 1463 448 1529 plevi:
486 1462 703 1526 reliquas
729 1462 889 1510 varias
915 1479 977 1510 ex
995 1463 1128 1511 edito
1159 1463 1384 1511 Cedreno
1407 1463 1637 1511 editionis
1664 1461 1839 1526 Regiae
1856 1461 2125 1528 desumpsi.

429 1534 542 1596 Pfig·
581 1533 668 1587 49.
707 1527 1064 1594 Καππαδοκες.
1078 1533 1097 1598 ]
1154 1533 1438 1582 Chronicon
1489 1533 1889 1589 Alexandrinum
1926 1535 2128 1600 reponit

291 1607 539 1658 Κελταῖοι.

431 1673 610 1724 Κέλτοι
635 1673 688 1724 οἵ
706 1670 1069 1739 καὶΓαλαται.]
1115 1674 1268 1725 Idem.
1319 1668 1638 1740 Ἀκυρτανοιι
1674 1673 1939 1724 Restituta
1987 1670 2128 1728 Ἀκυ-

291 1763 451 1795 τανοι.
488 1741 619 1832 τινὲς
654 1744 708 1794 ἐκ
732 1747 826 1795 τοῦ
848 1742 1047 1811 Μαγώγ
1068 1764 1187 1804 τους
1226 1739 1432 1805 Γόθους
1464 1744 1689 1813 λέγουσι,
1725 1743 1811 1796 καὶ
1841 1764 1960 1806 τους
1996 1751 2128 1816 Σαρ-

292 1810 479 1883 μάτας,
521 1816 608 1866 καὶ
632 1834 751 1874 τους
774 1812 988 1875 Σκύθας
1011 1819 1333 1882 γεγενῆσθαι.

433 1883 648 1949 Μῆδοι]
685 1885 838 1932 Idem.
890 1886 1147 1969 Βρετανοί.

416 1951 695 2020 ““Ἐλληνες.]
734 1955 887 2008 Idem.
950 1951 1197 2017 Σπάνιοι,
1233 1954 1322 2006 καὶ
1353 1949 1639 2024 Τυράννιοι.

433 2025 1272 2089 Θετταλοί.]Ι(16111.Μακουακοί.

426 2091 695 2162 Ἱλλυριοι]
734 2097 1185 2148 1116111.Γετουλοί.

434 2165 669 2235 Θρᾷκες]
709 2166 859 2215 Idem.
884 2163 1089 2255 ’Ἀφροι.
1208 2194 1210 2196 ’

432 2237 734 2303 Χετταλεὶμ,
774 2237 826 2300 ἐξ
862 2230 924 2290 οὗ
951 2233 1287 2302 Μακεδόνες.]
1341 2235 1529 2284 Scribit
1562 2236 1708 2287 illud
1771 2231 1946 2308 Ἐρκα,
1984 2241 2035 2304 ἐξ
2067 2235 2130 2293 οὗ

288 2307 559 2367 Bam-loves.

426 2377 675 2463 Ῥηγῖνες.]
710 2377 846 2426 1111111
868 2377 1017 2431 idem.
1073 2373 1315 2439 Μαζικες.

427 2445 797 2536 Σαυρομάται.]
840 2449 993 2499 [dem.
1044 2446 1366 2534 Γαραμαντες
1393 2443 1637 2516 ἐξώτεροι.

427 2514 719 2585 Ἀρμένιοι]
759 2521 910 2570 Idem.
960 2516 1201 2587 Βοράδες.

415 2590 679 2677 Σικελοί]
718 2590 871 2642 Idem.
922 2595 1150 2675 Μαῦροι.

415 2656 651 2740 ’Ἰβηρες.]
690 2658 1007 2729 Γαράμαντες
1029 2657 1277 2728 ἒσώτεροι.

429 2726 648 2796 Ῥόδιοι]
683 2730 939 2798 Ρωμαῖοι,
979 2731 1131 2783 οἱκαὶ
1156 2735 1387 2783 Λατῖνοι.

432 2800 696 2865 NationeS,
731 2803 984 2867 regiones,
1030 2804 1218 2851 insulas
1245 2809 1449 2851 cunctas
1473 2800 1625 2850 habes
1650 2799 1704 2848 in
1732 2799 1980 2849 Chronico
2011 2800 2127 2850 Ale-

292 2869 723 2931 xa1>1drino,cum
752 2891 849 2938 quo
881 2875 1028 2922 etiam
1069 2873 1403 2938 comparanda
1441 2889 1565 2936 quae
1603 2872 1663 2919 de
1692 2869 1973 2919 nationibus
2011 2880 2127 2936 post

294 2939 538 2988 diluvium
571 2941 624 2990 in
659 2950 815 2991 terras
846 2943 1082 3009 d1sperS1s
1094 2982 1108 3007 ,
1158 2952 1207 2992 et
1242 2943 1524 3006 regionibus
1554 2942 1613 2989 ab
1647 2943 1830 2991 eisdem
1869 2943 2126 3008 occupatis

293 3010 585 3059 Eustathius
610 3013 806 3062 Eusebii
834 3011 1102 3088 σύγχρονος
1132 3014 1332 3078 scripsit
1356 3014 1410 3059 in
1437 3013 1763 3062 Hexaemero.

434 3082 545 3144 Pag.
584 3082 668 3135 51
719 3081 892 3144 Οὕτως
925 3105 1018 3134 ουν
1051 3081 1155 3134 ὖπό
1185 3087 1279 3134 τοῦ
1314 3086 1433 3132 Νωε
1465 3087 1558 3148 τῆς
1594 3078 1755 3149 όλης.]
1804 3084 1968 3132 Pauca
2000 3101 2125 3150 quae

294 3158 573 3215 sequuntur
600 3154 752 3201 sacris
790 3172 1010 3202 consona
1039 3154 1241 3214 litteris,
1280 3160 1328 3200 et
1355 3153 1627 3218 Aegyptim
1631 3171 1712 3202 um
1741 3154 2125 3203 Chaldaeorum-

297 3239 390 3285 que
411 3222 656 3270 fabulosas
683 3224 893 3286 origines
923 3224 1262 3289 oppugnantia
1282 3225 1518 3288 praeterit
1543 3225 1775 3289 Scaliger,
1793 3225 1888 3273 alia
1912 3227 1971 3274 de
1991 3227 2123 3274 Deo-

294 3309 405 3339 lum
432 3292 568 3376 apud
593 3294 860 3359 Aegyptios
884 3312 1034 3356 regno
1065 3302 1342 3342 commenta
1366 3311 1476 3359 pag
1504 3300 1553 3348 6.
1585 3303 1633 3342 et
1666 3301 1716 3350 7.
1756 3305 2122 3361 resumpturus.

423 3357 691 3429 Αὕριτῶν.]
741 3366 979 3413 Eusebius
1015 3365 1076 3412 de
1117 3367 1347 3430 Praepar.
1385 3366 1474 3416 lib.
1517 3370 1597 3418 10.
1638 3383 1745 3435 cap.
1785 3371 1865 3421 12.
1907 3365 2120 3435 Αὕαριν,

296 3432 572 3499 Iosephus'
572 3432 773 3502 Ἀβαριν
801 3443 1067 3483 memorat·
1104 3453 1131 3482 a
1161 3453 1255 3500 qua
1279 3437 1448 3484 folsan
1473 3435 1689 3487 Auritae.

438 3507 582 3557 Θεων
615 3506 877 3575 βασιλεία]
916 3507 987 3555 De
1019 3506 1199 3572 quibus
1228 3524 1288 3555 ex
1317 3507 1528 3557 Eusebio
1554 3508 1637 3561 lib.
1671 3515 1721 3565 2.
1753 3525 1862 3574 cap.
1892 3512 1938 3561 1.
1973 3523 2120 3573 supe—
