2112 3854
172 141 298 199 226
671 195 676 202 ,
769 153 1075 208 GEORGII
1111 153 1458 213 SYNCELLI

189 281 296 318 Anni
313 293 338 317 a
361 293 470 318 mun-
611 285 817 322 Medorum
839 284 985 333 Reges.
1191 291 1477 330 Chaldaeorum
1498 294 1640 343 Reges.
1763 290 1975 346 Aegyptio-

206 339 250 376 αἱ
277 340 452 376 θθηᾶῖῑα·
819 356 1072 393 Emendatum
1431 362 1686 403 Emendatum
1740 366 1827 391 ΝΜ
1854 356 1999 404 Rege&

817 413 1057 451 laterculum.
1437 423 1675 460 laterculum.

851 568 1059 605 Medorum

870 625 958 661 Rex
975 627 1011 664 7.

835 684 1057 718 CYAXARRS

846 741 961 776 annis
981 740 1036 775 32.

275 960 349 1008 Ab
398 957 495 1007 hoc
522 975 649 1005 anno
678 959 742 1006 ad
771 959 886 1024 Cyri
911 960 1126 1026 plimum
1151 959 1207 1009 in
1241 961 1495 1023 vulgarem
1524 961 1700 1008 mundi
1725 962 1881 1018 4952.
1909 963 1996 1012 in-

172 1030 416 1080 cidentem
457 1033 544 1082 70.
582 1029 911 1078 nurnelantur
945 1031 1062 1078 anni
1097 1032 1184 1095 qui
1222 1031 1522 1098 captivitatis
1558 1032 1825 1081 dicuntur:
1865 1035 1996 1083 circa

169 1119 318 1167 quam
344 1117 588 1148 annorum
612 1100 932 1164 captivitatis
941 1118 1206 1149 summam.

270 1187 475 1235 Errores
502 1184 557 1231 in
585 1183 821 1232 Authoris
845 1193 1080 1248 computo
1108 1192 1422 1233 occurrentes
1449 1192 1567 1232 sunt
1598 1185 1696 1234 isti.

272 1274 318 1323 1.
357 1269 487 1318 Anni
521 1268 822 1332 captivitatis
849 1287 877 1315 a
900 1268 1062 1333 primo
1087 1269 1547 1318 Nabuchodonosor
1573 1270 1850 1336 incipiunt:
1885 1272 1993 1338 ipse

164 1357 283 1388 velo
306 1338 769 1388 Nabuchodonosor
804 1339 1017 1402 quinque
1046 1340 1187 1387 annis
1219 1340 1410 1388 tardius
1439 1340 1701 1407 imperium
1727 1343 1992 1409 sumpsisse

163 1409 248 1458 hic
270 1411 531 1467 scribitur,
564 1427 692 1456 anno
718 1410 874 1462 4888
907 1426 1015 1474 pag·
1038 1415 1158 1463 220.
1190 1411 1244 1458 Β

267 1497 462 1544 Primus
489 1493 792 1559 captivitatis
818 1511 974 1542 annus
1007 1494 1256 1560 1eperitur
1279 1493 1364 1543 hic
1397 1511 1500 1544 esse
1524 1458 1875 1562 Nabopalasari
1898 1515 1988 1547 se-

161 1566 347 1632 ptimus
375 1574 424 1614 et
446 1566 679 1614 decimus.

261 1640 308 1690 3.
346 1637 540 1684 Primus
584 1633 885 1699 captivitatis
923 1651 1082 1682 annus
1117 1642 1191 1682 est
1218 1635 1399 1684 Ioacim
1436 1643 1668 1702 quartus:
1704 1635 1786 1685 hic
1821 1646 1985 1686 autem

162 1723 322 1756 annus
360 1708 446 1754 ille
476 1705 671 1768 vulgari
695 1705 868 1752 mundi
893 1704 1047 1759 4883.
1083 1706 1314 1754 astrictus
1346 1707 1403 1754 in
1430 1706 1640 1755 Ioachaz
1663 1723 1872 1770 reguum
1899 1709 1985 1756 in·-

158 1794 359 1826 currere
385 1777 706 1840 dignoscitur.

266 1861 313 1915 4.
355 1862 592 1909 Erranter
619 1859 820 1907 omnino
845 1860 1152 1924 captivitatis
1178 1879 1331 1910 annos
1359 1870 1589 1910 numerat
1619 1861 1858 1925 Georgius
1882 1861 1980 1913 hoc

157 1940 333 1996 pacto:
380 1931 563 1980 Ioacim
601 1948 754 1977 annos
789 1933 836 1982 8.
876 1931 1161 1993 Iechoniae,
1201 1932 1287 1996 qui
1314 1932 1529 1980 Ioachim
1567 1937 1611 1986 1.
1639 1933 1868 1980 Sedeciae
1897 1939 1978 1988 11.

157 2002 613 2050 Nabuchodonosor
638 2001 719 2054 24.
754 2000 932 2048 Evilad
957 2002 1189 2050 Merodac
1212 2003 1259 2055 5.
1287 2003 1572 2066 Niriglesari
1597 2006 1646 2055 3.
1675 2010 1723 2050 et
1752 2003 1977 2068 Astyagis

157 2077 238 2126 17.
277 2074 394 2138 Cyri
430 2072 667 2139 primum.
741 2072 940 2143 Summa
975 2077 1059 2126 70.
1129 2072 1325 2122 Etenim
1363 2090 1493 2122 anno
1519 2072 1977 2125 Nabuchodonosor

1418 2241 1652 2284 Chaldaeor.

1397 2302 1484 2338 Rex·
1507 2305 1558 2340 15.
1583 2305 1666 2340 NA-

1423 2371 1629 2396 Bucuovo—

1413 2428 1543 2454 soson
1565 2430 1634 2454 ‹zn-

1450 2476 1514 2511 nis
1534 2476 1589 2515 43.
1646 2520 1650 2524 ,

214 2561 352 2614 4883
560 2563 627 2611 46
903 2571 937 2619 2
1181 2563 1243 2612 17
1341 2542 1344 2548 '
1523 2575 1547 2623 1

205 2978 344 3031 4884
550 2978 619 3027 47
895 2982 927 3030 3
1172 2990 1238 3040 18
1509 2993 1543 3040 2

1682 3118 1952 3165 Aegyptiorum
2013 3115 2017 3118 ’

1725 3175 1809 3212 Rex
1837 3179 1893 3216 84.

1693 3231 1920 3271 Psmnnn-

1697 3299 1796 3325 cmm
1820 3291 1922 3328 alter

1701 3348 1813 3384 anuis
1841 3348 1891 3384 17.

195 3453 332 3505 4885
511 3422 606 3508 ’48
723 3481 733 3545 5
883 3460 915 3509 4
1162 3463 1224 3513 19
1496 3468 1527 3518 3
1800 3473 1826 3521 1
