2112 3854
180 170 267 231 52
780 167 1009 233 GOARI
1043 175 1416 233 EPISTOLA.

186 317 272 360 tur
290 345 306 374 ‚
340 307 596 371 lustrabit,
635 306 793 356 oculis
819 313 1079 370 percurret
1105 306 1321 369 scrinia,
1358 315 1573 356 transtra
1588 346 1601 369 ,
1638 307 1828 356 tabulas
1858 323 2009 356 num-

185 380 280 430 mis
317 397 438 429 auro
477 386 529 429 et
561 385 761 442 argento
797 376 1054 440 conflatis,
1092 384 1152 425 ut
1204 377 1449 426 sideribus
1490 378 1678 425 caelum
1697 415 1710 440 ,
1749 378 2009 426 distinctas

186 458 236 500 et
272 449 621 499 scintillantes:
658 455 734 510 et,
770 445 856 495 hie
897 447 1203 513 priscorum,
1247 448 1408 510 dicet,
1446 456 1756 513 temporum,
1806 449 1891 496 ille
1919 465 2007 512 po-

187 520 384 570 stremi:
429 520 733 567 Graecorum
759 515 871 581 hic,
906 518 994 566 ille
1027 518 1361 566 Romanorum
1386 518 1579 584 imperii
1606 525 2010 565 monumentum:

187 592 380 655 signum
414 590 550 639 illius
587 588 873 648 Orientale,
906 587 1188 637 Occiduum
1226 587 1396 637 istius:
1435 605 1625 637 sacram
1658 589 1776 651 iste,
1815 587 2012 635 civilem

187 662 312 710 alius
334 676 440 708 rem
467 666 517 707 et
543 666 708 707 actum
735 659 918 707 referti
951 665 1087 707 totus
1122 658 1208 707 hic
1247 660 1370 707 ordo
1404 658 1543 722 regni
1577 658 1724 707 unius
1763 657 2013 723 principes

187 738 471 791 enumerat3
510 728 768 794 oppositus
794 729 951 793 gentis
981 729 1181 778 alterius
1209 746 1345 793 reges
1372 730 1639 777 collocatos
1666 736 1800 776 tenet
1830 728 1892 776 ad
1913 728 2016 775 fli-

189 800 370 849 storiae
401 798 678 849 veritatem.
752 798 888 859 Quid
927 807 1157 863 cunctos,
1196 801 1279 848 vel
1313 801 1476 865 plures
1514 797 1823 847 memorem?
1863 799 1960 847 Vix
1986 815 2014 846 e
2082 809 2085 813 ’

189 869 396 934 singulis
425 887 557 918 unus
590 858 684 917 auf
703 869 828 918 alter
856 877 955 933 est,
992 870 1078 934 qui
1105 870 1215 919 ‘viri
1243 870 1517 935 cuiuspiam
1546 870 1667 917 meis
1697 868 1895 933 scriptis
1928 884 2015 916 ce-

187 939 367 989 lebrati
391 941 615 1003 vultum,
649 940 900 1003 habitum,
938 957 1140 1003 nomen,
1178 940 1258 989 vel
1278 942 1379 988 eius
1405 949 1537 1003 gesta
1559 939 1820 1004 praecipua
1838 975 1852 1001 ,
1888 957 2016 1004 pro-

190 1012 504 1076 speritatem,
555 1019 761 1060 eventus
804 1028 911 1058 non
951 1018 1298 1075 repraesentet.
1379 1011 1515 1071 Quot
1550 1010 1619 1059 ibi
1676 1010 1891 1073 figurae,
1938 1016 2015 1058 tot

190 1080 625 1146 chronographiae
649 1097 785 1128 meae
813 1081 1166 1145 exprimuntur
1191 1090 1493 1144 argumenta.
1567 1081 1707 1129 Alter
1735 1080 1820 1128 hic
1845 1095 2014 1128 reces-

189 1170 270 1201 sus
296 1153 486 1202 variam
514 1151 635 1200 artis
671 1151 1051 1217 supellectilem,
1090 1159 1141 1200 et
1171 1152 1431 1199 Indiarum
1464 1152 1656 1200 fructus
1683 1158 2015 1216 portentosos,

190 1223 273 1274 vel
298 1222 548 1271 rusticana
575 1229 738 1270 servat
763 1230 1078 1269 ornamenta:
1118 1229 1166 1268 et
1195 1220 1318 1268 haec
1348 1219 1598 1270 Historiae
1628 1221 1908 1268 testimonia
1934 1229 2016 1268 to-

190 1294 361 1354 tidem,
398 1300 447 1340 et
466 1292 672 1339 totidem
693 1291 796 1339 eius
818 1299 1117 1356 spontaneae
1140 1290 1532 1340 lucubrationes.
1603 1290 1813 1340 Posthac
1836 1289 1900 1338 ad
1923 1307 2033 1348 ex-¹¹

191 1371 354 1412 aratos
381 1379 530 1410 manu
556 1361 753 1409 codices
786 1377 1084 1409 conversus:
1118 1362 1244 1409 istae
1271 1368 1410 1421 sunt,
1448 1361 1670 1426 inquiet,
1706 1361 2018 1410 venerandae

192 1432 504 1497 antiquitatis
539 1431 777 1497 reliquiae
811 1431 1064 1479 immensis
1105 1432 1331 1497 expensis
1376 1431 1579 1480 Oriente
1613 1439 1723 1479 toto
1765 1432 2014 1494 collectae,

193 1511 250 1552 ut
282 1519 450 1553 earum
485 1510 677 1568 partem
692 1518 807 1572 (non
834 1502 1245 1550 contemnendam
1273 1519 1448 1565 magno
1485 1502 1714 1567 Reipubl.
1748 1502 2017 1550 litterariae

193 1574 373 1623 damno
407 1572 720 1636 naufragium
746 1572 1039 1620 obliterarit.
1109 1571 1297 1620 Isthinc
1323 1572 1461 1636 Regii
1490 1573 1600 1638 typi
1624 1589 1806 1620 nomen
1834 1580 1884 1620 et
1905 1573 2018 1620 sub-

193 1644 374 1693 sidium
395 1643 690 1707 quandoque
714 1642 927 1691 mutuati
956 1649 1100 1690 sunt:
1138 1642 1419 1707 aderitque,
1456 1644 1592 1707 quod
1621 1651 1766 1709 opto,
1803 1650 2017 1708 tempus,

195 1731 291 1780 quo
328 1713 620 1775 iamedita,
657 1713 739 1761 vel
775 1713 1000 1761 nondum
1029 1713 1134 1761 visa
1167 1714 1418 1762 Musarum
1453 1709 1683 1780 κειμήλια
1715 1714 1778 1760 ad
1804 1713 2018 1762 istorum

193 1785 437 1834 iudicium
477 1791 526 1832 et
559 1799 819 1844 censuram
853 1784 914 1832 ab
955 1783 1159 1832 eruditis
1191 1784 1511 1849 experiantur
1547 1801 1599 1833 se
1627 1783 1899 1849 perpoliri,
1935 1783 2020 1833 vel

196 1856 251 1904 in
278 1855 528 1920 publicam
551 1853 813 1902 utilitatem
848 1854 1088 1919 depromi.
1160 1853 1320 1915 Quam
1350 1855 1537 1917 avidis,
1576 1872 1724 1918 quam
1758 1854 2018 1920 perspica-

198 1926 339 1974 cibus
375 1924 532 1973 oculis
556 1924 689 1972 inter
723 1925 843 1972 istos
880 1924 1181 1989 perquisitus
1224 1942 1280 1972 eo
1306 1925 1497 1973 demum
1523 1942 1601 1973 me
1621 1925 1750 1974 sensi
1770 1925 1860 1974 fati
1882 1925 2017 1979 dono

194 1996 471 2058 beandum,
518 2002 576 2042 ut
611 1994 942 2043 Bibliothecae
980 1995 1157 2057 Regiae
1198 1997 1412 2043 secundo
1447 1996 1610 2044 editus
1646 1996 1780 2058 sinu,
1827 1997 2019 2060 Segue-

194 2067 363 2116 rianae
398 2064 652 2130 exciperer
688 2065 922 2125 subinde,
959 2082 1017 2113 ac
1056 2067 1251 2115 foverer
1289 2068 1583 2131 complexu,
1623 2083 1778 2131 eaque
1814 2067 2016 2119 tandem

195 2137 414 2201 signatus
453 2136 610 2183 tutela
647 2135 900 2183 felicitatis
935 2153 1070 2184 meae
1104 2153 1277 2197 usum,
1328 2145 1377 2184 et
1414 2137 1696 2186 Defensoris
1735 2137 2018 2185 comitatem

194 2209 303 2256 orbi
338 2206 661 2272 publicarem.
731 2205 868 2254 Haec
903 2207 992 2254 sub
1030 2207 1228 2270 Georgii
1266 2208 1483 2272 Syncelli
1519 2225 1730 2273 persona
1769 2207 2016 2273 interpres

195 2279 299 2327 eius
331 2276 479 2326 sortis
513 2275 790 2343 particeps,
829 2277 1044 2341 seposita
1077 2276 1312 2341 fictione,
1351 2280 1597 2341 excogitat
1633 2295 1684 2326 se
1718 2295 1860 2343 posse
1893 2278 2016 2328 fari:

195 2356 244 2397 et
271 2365 324 2396 ea
354 2365 501 2396 causa
525 2363 575 2394 se
598 2345 710 2393 Tibi
740 2347 1004 2411 profitetur
1027 2346 1318 2396 obstrictum
1335 2385 1350 2407 ‚
1389 2350 1523 2413 quod
1548 2349 1649 2397 eius
1685 2349 1848 2413 operis
1875 2349 2018 2398 labor

197 2419 288 2467 sub
310 2418 403 2466 Tui
426 2416 642 2466 nominis
663 2417 925 2482 splendore
949 2418 1002 2465 in
1025 2420 1282 2482 publicum
1306 2421 1605 2483 productus,
1645 2427 1703 2467 ut
1726 2420 1904 2483 perdiu
1930 2436 2015 2467 ex-

196 2489 408 2555 petitum
433 2488 599 2553 palam
628 2489 822 2552 profert
844 2489 1128 2553 Syncellum
1145 2525 1158 2551 ,
1194 2489 1265 2537 ita
1297 2490 1407 2538 Tibi
1443 2490 1811 2538 commendatus
1833 2506 1884 2539 se
1905 2507 2013 2556 spe-

193 2567 274 2610 ret
305 2559 496 2608 cunctis
520 2557 805 2606 litterarum
831 2559 1065 2608 studiosis
1093 2561 1201 2609 fore
1227 2561 1388 2610 multo
1412 2561 1692 2625 gratiorem.

330 2682 694 2735 mustrissimae
721 2684 1038 2734 Celsitudinis
1065 2687 1214 2751 Tuae,

1329 3106 1669 3159 Deditissimus
1695 3125 1866 3160 servus

1018 3205 1073 3255 F.
1112 3205 1383 3258 IACOBUS
1421 3206 1599 3256 GOAR
1637 3207 1755 3261 Ord.
1789 3209 2005 3258 Praedic.

244 3339 283 3382 Ε
307 3340 527 3386 Conventa
551 3342 900 3388 Praedicator-um

241 3397 379 3444 Paris.
408 3401 480 3444 via
508 3401 558 3444 S.
587 3401 813 3448 Honorati.
