2222 3938
654 191 751 244 ET
785 189 1366 251 ANNOTATIONES.
1782 180 1914 263 ¹439

104 324 239 382 vice,
269 314 419 388 mpii.
451 320 754 384 reposueris,
799 328 857 368 ut
892 319 1118 369 Amosios
1153 321 1297 370 istius
1330 319 1474 382 anni,
1517 335 1627 366 cum
1664 318 1914 382 sequentis

105 389 376 438 Chebronis
411 397 565 438 aetate
604 390 726 438 fiant
774 391 1059 441 concordes.
1145 393 1356 440 Consule
1395 391 1454 439 de
1496 389 1752 440 Chebrone
1783 388 1915 435 scri-

102 460 277 508 benda.
347 459 457 507 Non
481 461 917 526 praetermittenda
943 461 1030 509 hic
1055 461 1117 508 ad
1146 462 1340 510 tabulas
1374 459 1756 523 Chronologicas
1783 475 1912 505 anno

102 533 256 583 3736.
283 530 498 594 scripta:
536 538 584 578 et
607 531 820 580 maxime
848 549 973 596 quae
1007 531 1181 579 scribit
1216 533 1408 581 Author
1431 548 1542 596 pag.
1571 534 1653 584 62-
1685 529 1737 580 C.
1766 528 1915 592 Moy-

103 599 305 679 sen-sub
328 598 477 649 huius
504 600 728 650 Amosios
749 610 944 668 tempus
967 601 1102 650 haud
1126 610 1324 667 natum,
1362 603 1446 651 sed
1472 609 1662 651 tantum
1688 599 1915 650 iuvenem

102 677 341 718 extitisse.
465 723 467 726 Α
1886 717 1895 724 ³

245 742 585 808 Πεντεαθυρὶς
606 741 687 808 ἔτη
715 738 834 808 μβ’.]
874 742 1011 802 Quae
1032 743 1354 808 praecedunt,
1392 742 1474 789 vel
1497 747 1796 805 sequuntur,
1831 738 1917 786 in-

104 819 240 874 tegra
265 819 406 858 sunt:
445 813 505 860 de
530 814 634 860 solo
665 830 873 860 numero
898 809 971 869 ις”.
1000 831 1027 859 a
1054 813 1276 861 Librario
1312 812 1475 878 posito
1505 812 1706 858 dubium
1746 827 1797 858 se
1829 811 1919 858 of.-

103 882 216 931 sert.
284 881 574 931 Mendosum
600 884 778 948 probat
801 885 904 931 eius
929 883 1171 945 brevitas,
1208 891 1267 931 ut
1294 882 1380 946 qui
1404 883 1464 928 ab
1490 899 1619 929 anno
1643 884 1710 934 37
1714 886 1796 934 26.
1830 880 1918 943 qui

103 949 486 1016 Penteathyreos
509 971 660 1016 regno
691 953 829 1001 dedit
853 953 1056 1000 initium
1080 955 1141 1000 ad
1165 957 1320 1007 3768.
1350 969 1444 1016 quo
1481 952 1595 999 finis
1630 951 1732 998 eius
1765 949 1919 1015 poni-

103 1030 214 1083 tur,
249 1038 354 1100 non
378 1024 539 1087 possit
561 1040 667 1073 esse
690 1023 910 1086 medius,
946 1023 1044 1070 nisi
1077 1029 1163 1078 26.
1198 1023 1407 1088 recipiat
1440 1029 1770 1086 augmentum.
1816 1021 1918 1068 Re-

101 1108 235 1158 pono
262 1094 358 1157 μβ.
939 1111 941 1113 ’

244 1163 359 1225 Pag.
401 1162 516 1215 124.
552 1156 816 1215 Βασιλεύει
843 1159 897 1213 δὲ
915 1159 1144 1228 ’Ίναχος.]
1181 1163 1315 1211 Haec
1340 1161 1548 1210 Eusebio
1570 1161 1773 1208 adversa
1798 1161 1922 1206 Sca-

102 1232 226 1295 liger
250 1233 436 1279 omittit
469 1249 576 1296 pag.
600 1236 684 1286 23.
709 1233 901 1297 reliqua
936 1234 1141 1281 resumit
1165 1234 1224 1280 ab
1250 1233 1359 1281 istis
1385 1233 1564 1281 verbis.
1605 1230 1631 1283 ὅ
1652 1229 1703 1281 δὲ
1727 1226 1922 1296 χρόνος.

105 1302 254 1362 Quod
281 1320 431 1366 porro
460 1302 673 1364 Scaliger
699 1303 832 1350 idem
861 1320 1022 1367 nuper
1051 1304 1252 1368 scripsit
1272 1301 1464 1367 Ἴναχος
1498 1301 1810 1368 ἐβασίλευσεν
1841 1299 1922 1363 ἔτη

102 1368 165 1436 η’.
201 1368 440 1420 mendufn
479 1379 582 1431 est,
622 1380 668 1418 et
700 1369 761 1436 η’.
788 1373 947 1419 simile
972 1370 1029 1423 ν’.
1057 1375 1298 1437 scriptum
1320 1373 1534 1437 putavit.
1615 1372 1687 1418 Ita
1727 1370 1923 1434 scripsit

103 1441 342 1492 Eusebius
370 1459 524 1488 annos
551 1444 634 1494 50.
665 1442 839 1489 Inachi
862 1459 1013 1505 regno
1040 1443 1305 1507 imputans.
1381 1441 1624 1504 Georgius
1662 1449 1830 1488 noster
1862 1440 1924 1485 ad

105 1515 190 1566 56.
225 1513 482 1576 protendit
511 1511 683 1559 Inachi
719 1512 982 1577 imperium
1016 1514 1163 1578 paulo
1205 1512 1442 1562 inferius:
1482 1512 1618 1576 quod
1644 1510 1924 1573 marginalis

105 1582 463 1631 emendationis
491 1599 638 1629 causa
663 1582 770 1634 fuit,

236 1650 357 1717 Ἕτη
383 1647 526 1716 υος’.]
563 1651 816 1700 Librarius
840 1652 964 1700 falso
1003 1659 1051 1699 et
1077 1652 1311 1700 mendose
1333 1646 1456 1717 vvy'.
1505 1651 1629 1696 Cum
1663 1649 1794 1696 enim
1820 1647 1925 1696 As·-

105 1722 355 1787 syriorum
379 1723 515 1785 regni
543 1722 863 1769 fundamenta
888 1722 1141 1769 communi
1162 1722 1339 1769 mundi
1362 1738 1492 1768 anno
1520 1723 1674 1773 3216.
1704 1735 1768 1766 ex
1795 1718 1925 1765 scri-

105 1793 206 1858 ptis
231 1809 341 1857 pag.
369 1797 452 1845 92.
478 1800 527 1839 et
549 1797 632 1845 96.
656 1793 713 1839 D.
744 1792 844 1839 sint
875 1792 1037 1855 posita
1057 1829 1071 1854 ,
1109 1799 1157 1839 et
1185 1791 1493 1854 Argivorum
1512 1805 1717 1852 regnum
1752 1787 1926 1835 mundi

104 1866 261 1917 3692.
294 1862 559 1927 sumpserit
587 1862 812 1912 initium:
848 1862 1021 1926 utique
1052 1869 1170 1928 post
1186 1856 1310 1922 vog'.
1338 1862 1456 1916 476.
1494 1876 1649 1907 annos
1680 1858 1740 1907 ab
1766 1859 1925 1923 Assy—

105 1933 296 1982 riorum
323 1932 543 1981 exordio.

247 2000 392 2052 Κατοέ
413 1999 528 2062 τούς
546 1996 810 2066 πολλούς]
846 2001 925 2049 Ex
952 2001 1164 2049 aliorum
1199 2008 1331 2049 certe
1362 2006 1540 2049 mente.
1589 1998 1823 2046 Diversus
1850 2005 1926 2045 est

107 2073 237 2122 enim
254 2073 492 2120 Authoris
517 2080 778 2137 computus
802 2088 911 2136 pag.
931 2075 1045 2125 156.
1069 2071 1126 2120 A.
1138 2071 1215 2118 his
1240 2071 1418 2120 verbis.
1441 2069 1533 2130 ἕως
1555 2065 1734 2119 τούτου
1759 2064 1924 2136 ,δσμγ’.

107 2147 350 2208 κοσμικοῦ
376 2142 514 2202 ἔτους
534 2143 753 2209 γίνονται
781 2146 870 2205 τῆς
889 2136 1122 2208 Ἀργείων
1151 2141 1402 2206 βασιλείας
1435 2139 1516 2204 ἔτη
1544 2133 1675 2202 φνοί.
1716 2137 1925 2201 Reliqua

106 2213 191 2261 hic
229 2212 485 2260 subiuncta
529 2213 588 2258 ab
624 2211 863 2260 Authoris
901 2227 1045 2259 sensu
1088 2211 1288 2276 penitus
1338 2210 1496 2257 aliena
1537 2214 1926 2257 commonstrant

107 2282 405 2346 Argivorum
435 2298 604 2343 regum
627 2282 882 2330 latercula.

252 2346 413 2411 Οὗτος
435 2348 717 2416 Ὀλυμπίων
735 2347 992 2414 προέστη]
1031 2349 1196 2396 Ludos
1224 2347 1515 2414 Olympicos
1544 2346 1603 2393 ab
1626 2345 1770 2393 Idaeo
1794 2344 1926 2392 Her-

109 2423 222 2471 cule
254 2430 508 2486 repertos,
545 2438 572 2467 a
596 2421 776 2484 Pelope
800 2421 854 2466 in
883 2418 1012 2467 Iovis
1042 2419 1340 2466 instauratos
1369 2417 1607 2465 honorem
1626 2450 1638 2472 ,
1675 2424 1724 2462 et
1755 2415 1815 2462 ab
1847 2415 1925 2463 al-

107 2501 216 2541 tero
242 2492 458 2539 nominis
491 2491 707 2538 eiusdem
733 2490 948 2537 Hercule
971 2505 1168 2536 rursum
1197 2488 1494 2547 observatos,
1534 2503 1591 2533 ac
1618 2485 1816 2532 demum
1840 2501 1926 2532 re·-

108 2571 319 2611 novatos
343 2562 402 2609 ab
427 2560 592 2626 Iphito
609 2597 622 2620 ,
660 2559 923 2608 Pausanias
953 2558 1130 2606 author
1158 2565 1230 2605 est
1255 2557 1310 2604 in
1346 2556 1543 2604 Eliacis.
1627 2556 1696 2602 De
1728 2554 1923 2602 instau-

108 2633 232 2682 ratis
257 2631 534 2697 Olympicis
560 2629 788 2680 Petavius
813 2629 994 2678 diserte
1027 2629 1112 2681 lib.
1141 2632 1190 2683 9.
1227 2627 1290 2677 de
1325 2627 1468 2675 Doct.
1502 2626 1670 2691 Temp.
1699 2641 1807 2691 cap.
1837 2627 1922 2677 38.

110 2710 163 2751 et
191 2719 292 2766 seq.

251 2767 510 2822 Βασιλεύει
547 2767 601 2820 δὲ
635 2769 717 2835 ἔτη
746 2765 855 2833 νς’.]
893 2766 1240 2816 Emendandus
1262 2765 1512 2815 Librarius
1536 2782 1705 2814 errans
1728 2780 1791 2812 ex
1817 2762 1923 2811 Au-

111 2842 256 2890 thore
281 2842 460 2889 iustam
482 2839 653 2888 Inachi
678 2847 884 2887 aetatem
909 2839 1057 2903 paulo
1088 2837 1296 2885 inferius
1317 2837 1592 2896 referente,
1630 2843 1679 2882 et
1710 2833 1921 2882 Eusebio

111 2911 282 2960 Inachi
317 2927 471 2959 annos
495 2912 579 2964 50.
604 2910 861 2959 scribente.
907 2908 1124 2971 Scaliger
1147 2907 1230 2955 hic
1251 2908 1336 2961 53.
1373 2923 1539 2954 errans
1568 2905 1756 2970 pariter
1783 2903 1923 2950 iudi-

114 2983 320 3049 candus.
396 2981 535 3039 Quae
569 2997 719 3045 porro
757 2979 841 3028 hic
866 2987 1033 3026 textus
1065 2977 1337 3026 obscuritas
1366 2975 1610 3040 occurrit,
1647 2992 1710 3023 ex
1735 2975 1923 3022 Pausa-

112 3051 280 3113 sania,
314 3051 523 3099 Eusebio
555 3050 618 3098 ad
651 3067 835 3099 annum
869 3047 1092 3098 Abrahae
1115 3052 1233 3101 700.
1267 3054 1315 3094 et
1341 3045 1699 3109 chronologiae
1724 3050 1921 3091 sanctae

115 3120 323 3169 authore
345 3121 524 3168 Iacobo
550 3121 795 3168 Auzolaeo
818 3120 982 3167 lucem
1002 3118 1199 3182 accipit.
1271 3117 1638 3181 Peloponnesus
1660 3115 1797 3180 prius
1824 3115 1922 3159 Ae-

114 3191 260 3254 gialia
286 3191 436 3239 variis
463 3190 658 3238 subdita
693 3189 876 3254 regulis
902 3189 1043 3252 Argis
1069 3187 1264 3252 quidem
1286 3186 1462 3235 habuit
1480 3186 1749 3244 Acrisium,
1775 3196 1921 3245 quem

22 3314 28 3317 ,
114 3261 304 3309 inscius
343 3261 545 3308 Perseus
581 3277 735 3325 nepos
774 3259 1056 3319 interfecit,
1100 3259 1277 3307 Perseo
1332 3265 1477 3305 natus
1529 3264 1603 3304 est
1645 3251 1919 3310 Sthenelus,

116 3330 349 3378 Sthenelo
386 3328 714 3394 Eurystheus,
751 3329 839 3394 qui
875 3345 1081 3391 regnum
1122 3328 1354 3392 Mycenas
1389 3327 1447 3374 ab
1486 3342 1578 3374 avo
1625 3321 1919 3370 translatum

114 3400 290 3448 stabile
311 3400 447 3449 fecit.
517 3400 673 3448 Pisam
697 3401 876 3464 Pelops
899 3398 1130 3458 obtinuit,
1161 3406 1210 3446 et
1232 3398 1494 3445 OEnomao
1515 3409 1682 3441 socero
1707 3390 1920 3451 sublato,

116 3486 320 3535 regnum
342 3478 392 3519 et
415 3470 696 3535 Olympiam
719 3470 892 3521 urbem
919 3468 1050 3518 ludis
1076 3467 1353 3534 olympicis
1380 3462 1724 3514 celebrioribus
1747 3459 1919 3511 reddi·-
