2222 3938
316 204 441 266 354
953 212 1528 268 EMENDATIONES

314 338 530 430 τήκοντα
553 344 605 405 ἐξ
625 383 638 406 ,
673 340 758 394 καὶ
783 338 954 408 ἥμισυ
967 342 1053 393 καὶ
1074 341 1262 408 ἡμέρας
1287 342 1429 407 δέκα,
1466 345 1548 394 vel
1576 343 1763 396 ενδεκα.
1799 341 1897 392 hoc
1924 344 2143 410 quidem,

316 416 359 464 si
385 411 475 467 ιω’.
499 415 552 462 111
583 409 660 464 ια’.
687 421 988 461 commutes:
1029 414 1157 461 illud
1185 409 1229 464 ι’.
1256 409 1320 479 μ’.
1347 415 1401 462 id
1426 423 1523 478 est,
1554 412 1599 466 ι’.
1637 414 1827 499 ημὲρας
1850 432 2044 464 censeas
2066 433 2143 464 re-

314 485 617 567 ponendum.
667 483 883 546 Scaliger
908 485 1170 549 exsclipsit
1194 501 1305 549 pag.
1335 490 1383 537 7.
1408 485 1488 550 ἔτη
1515 481 1602 545 νς’,
1632 480 1721 535 ιω’.

459 550 656 620 Κρόνος
683 553 763 617 ἔτη
792 549 858 619 μ’.
887 553 972 604 καὶ
1002 551 1193 619 ἥμισυ]
1234 555 1448 604 Exhibet
1467 558 1567 604 MS.
1592 553 1854 619 Regium''
1826 574 1908 620 ετη
1934 550 1998 621 μ’.
2028 551 2146 620 ἥμι-

317 641 397 678 συ.
418 624 630 673 Reddit
654 624 871 688 Scaliger
898 623 979 690 ἔτη
1014 620 1415 691 μ’.Με(116111113
1441 635 1609 675 notam
1633 627 1766 675 hanc
1794 640 1866 680 ω
1906 642 2006 690 esse
2039 626 2145 674 dis-

317 694 587 745 simulavit.

337 816 339 818 ,
454 760 796 830 Ἐβασίλευσεν
822 760 1016 830 ’Όσιρις
1035 764 1121 815 καὶ
1144 762 1306 829 ’Ίσις.]
1347 765 1502 814 Osiris
1529 766 1784 832 Typhonis
1810 767 1962 814 frater
1993 765 2054 812 ab
2087 782 2143 813 eo

316 835 419 884 vita
438 851 688 899 regnoque
708 834 931 899 privatus
958 853 1020 884 ex
1045 835 1257 884 Eusebio
1283 836 1374 885 lib.
1398 842 1446 889 2.
1476 837 1535 884 de
1557 839 1729 902 Praep.
1757 837 1943 900 Evang.
1967 853 2073 901 cap.
2100 841 2145 889 1.

312 906 546 963 ineunte,
587 913 634 952 et
655 921 717 952 ex
740 906 943 969 Synesio
971 907 1054 954 lib.
1084 911 1132 959 1.
1160 907 1220 954 de
1253 907 1567 955 Providentia
1601 909 1690 956 sub
1720 907 1922 954 initium
1950 907 2147 954 nullum

312 975 489 1024 habuit
523 976 657 1023 inter
689 992 740 1022 se
772 977 1071 1041 fratremque
1102 977 1395 1042 Aegyptiaci
1426 978 1562 1041 regni
1588 995 1952 1038 successorem,
1991 993 2147 1042 quare

313 1045 568 1109 Anonymi
602 1045 744 1093 istius
773 1063 926 1094 annos
955 1047 1097 1094 Isidis
1123 1065 1273 1110 regno
1312 1055 1424 1113 post
1460 1049 1557 1096 viri
1584 1057 1792 1096 mortem
1825 1065 1928 1095 non
1958 1047 2147 1113 impru-

315 1117 491 1165 denter
526 1117 839 1180 assignavero
861 1156 874 1178 ,
909 1118 992 1166 vel
1026 1126 1142 1183 post
1180 1120 1443 1166 Saturnum
1479 1136 1642 1182 regem
1681 1126 1940 1182 quartum,
1977 1118 2147 1165 Iovem

316 1187 575 1252 quintum,
613 1195 809 1234 sextum
838 1187 1046 1249 Osirim,
1086 1195 1135 1235 et
1157 1189 1356 1235 tandem
1381 1189 1644 1252 septimum
1664 1187 1956 1253 Typhonem
1986 1187 2148 1235 collo-

316 1274 429 1305 care
465 1274 567 1304 non
602 1257 912 1323 dubitavero·
984 1258 1029 1304 ls
1068 1262 1139 1306 est
1177 1259 1306 1305 enim
1327 1259 1531 1306 illorum
1563 1259 1684 1306 ordo
1714 1260 1772 1305 ab
1797 1258 2007 1306 Eusebio
2033 1259 2148 1306 loco

315 1327 465 1374 citato
502 1327 711 1375 relatus:
764 1336 812 1374 et
841 1328 1065 1391 quamvis
1101 1330 1292 1393 Iupiter
1326 1337 1630 1377 memoretur
1653 1330 1784 1377 infra
1811 1330 1926 1377 sede
1957 1329 2148 1377 decima

312 1405 479 1459 sexta,
517 1398 593 1444 nil
626 1405 792 1445 tamen
825 1397 1063 1463 impedit,
1104 1400 1226 1463 quin
1253 1399 1390 1446 hunc
1422 1401 1705 1461 diversum,
1744 1408 1791 1447 et
1827 1407 1886 1447 ut
1907 1407 2149 1466 tempore,

310 1468 382 1515 ita
421 1475 690 1533 potestate,
737 1468 996 1531 dignitate,
1045 1468 1320 1517 honoribus
1359 1470 1595 1519 maiorem
1645 1471 1971 1518 aestimemus.
2042 1471 2148 1535 Ty-

310 1538 530 1604 phonem
560 1556 756 1603 quoque
786 1506 998 1588 Deorum
1023 1541 1245 1604 catalogo
1280 1558 1537 1606 expungo,
1577 1558 1719 1604 quem
1747 1549 1920 1588 tenent
1947 1541 2147 1606 Aegyp-

311 1609 372 1656 tii
411 1610 870 1657 scelelatissimum:
915 1610 1148 1659 mendose
1190 1611 1376 1676 quippe
1404 1613 1604 1677 scripsit
1639 1612 1888 1659 Librarius
1914 1611 2029 1678 περὶ
2058 1613 2148 1661 δυ-

312 1683 556 1730 ναστειων
581 1675 657 1737 ις’.
683 1678 795 1744 ἤτοι
820 1683 960 1730 Θεῶν
980 1701 1082 1731 των
1104 1681 1348 1746 μηδέποτε
1371 1678 1643 1748 γεγονότων
1669 1679 1716 1742 ζ.
1745 1683 1856 1730 vice
1885 1675 1939 1741 ζ’.
1956 1699 2145 1746 sepono

314 1744 372 1807 ς’.
410 1749 606 1797 Author
644 1752 774 1797 enlm
798 1750 946 1797 habet
973 1751 1182 1799 inferius
1216 1753 1487 1800 emendate.
1516 1770 1567 1817 p.
1599 1758 1681 1805 41.
1706 1753 1761 1802 B.
1785 1772 1871 1812 τας
1895 1753 2148 1834 βασιλείας

313 1838 416 1870 των
442 1815 566 1886 παρ’
598 1816 768 1880 αὐτοῖς
793 1817 1196 1884 βασιλευσαντων
1219 1826 1358 1872 θεῶν
1383 1841 1492 1890 γενε
1472 1842 1568 1873 ων
1595 1817 1652 1880 ς’.
1678 1822 1732 1873 ἐν
1759 1823 2070 1883 δυναστείαις
2092 1818 2147 1880 ς’.

455 1891 748 1956 Αἰγυπτίων
772 1886 827 1948 ς’.
853 1890 1210 1957 ἐβασίλευσεν]
1249 1893 1366 1940 Eius
1392 1911 1572 1941 nomen
1598 1901 1646 1940 et
1671 1911 1827 1941 annos
1850 1894 1903 1941 in
1923 1893 2149 1958 Excerp-

313 1959 380 2007 tis
421 1960 610 2008 Latinis
646 1961 881 2024 Scaligeri
929 1963 1124 2026 reperio
1162 1979 1277 2027 pag.
1319 1968 1401 2017 60.
1443 1965 1572 2011 inter
1619 1965 1770 2011 verba
1810 1963 1946 2015 haec.
2020 1967 2146 2011 Post

312 2031 450 2078 hunc
476 2031 642 2078 Solem
670 2032 818 2094 [festi
847 2029 959 2097 (τοῦ
980 2030 1274 2100 Ἡφαίστου)
1314 2052 1398 2084 an.
1425 2039 1507 2087 77.
1568 2036 1695 2080 Post
1724 2037 1882 2081 istum
1910 2035 2155 2083 Osinost-.

307 2104 407 2148 rim
436 2119 518 2148 an.
546 2102 667 2154 420.
738 2104 864 2150 Post
891 2102 1028 2149 laune
1057 2104 1193 2151 Oron
1215 2104 1577 2150 Ptoliarelmm
1602 2123 1681 2156 an.
1709 2109 1794 2158 28.
1856 2107 1982 2152 Post
2006 2105 2145 2151 stunc

167 2178 225 2223 V.
254 2179 283 2222 9
321 2172 560 2237 ΊῘγΡΙιοηα
591 2173 741 2219 annis
775 2172 859 2224 45.
911 2173 1133 2222 Observa
1166 2174 1304 2221 Oron
1341 2173 1680 2223 Ptoliarchum
1713 2176 1846 2223 inter
1879 2174 2062 2223 Osirim
2096 2183 2146 2223 et

307 2242 602 2308 Typhonem
643 2242 894 2291 recenseri
930 2244 1177 2291 medium:
1229 2245 1339 2304 Qua
1366 2246 1568 2292 ‘ratione
1607 2263 1853 2293 annorum
1879 2262 2144 2294 numerum

310 2314 497 2361 Graeca
521 2321 569 2360 et
595 2313 769 2361 Latina
804 2321 1039 2379 excerpta
1068 2314 1320 2363 diversum
1341 2315 1585 2375 reddant,
1620 2316 1915 2380 investigare
1944 2333 2049 2364 non
2073 2323 2147 2365 est

307 2383 458 2432 huius
485 2383 603 2433 loci.

458 2458 537 2522 Τῷ
567 2449 711 2523 αμβ’
748 2452 840 2504 ἔτει
861 2456 952 2504 τοῦ
977 2449 1206 2520 κόσμου]
1245 2455 1512 2504 Emendata
1541 2456 1691 2504 lectio
1719 2449 1893 2524 αρμβ’.

447 2524 559 2588 Pag·
587 2530 672 2578 20.
695 2523 998 2590 ’Τπερβῆναι
1021 2522 1109 2575 τὸν
1134 2525 1527 2591 κατακλυσμον’
1510 2527 1592 2592 ε’τη
1620 2522 1682 2577 ιδ’
1685 2526 1718 2591 .]
1745 2529 1890 2574 Anno
1915 2544 1942 2573 a
1966 2526 2146 2574 mundi

309 2561 544 2641 conditu&
533 2598 685 2648 1287.
704 2595 980 2642 Mathusala
995 2604 1163 2642 natum
1179 2602 1498 2651 statuunt70.
1536 2599 1672 2645 Inte1
1673 2605 1853 2663 pietes
1870 2597 2143 2661 exindeque

301 2681 463 2711 -annos
487 2668 606 2718 969.
633 2666 948 2730 superstitem
981 2666 1044 2713 ad
1071 2684 1256 2714 annum
1287 2668 1462 2714 mundi
1492 2669 1644 2722 2256.
1680 2668 1854 2729 egisse:
1893 2667 2141 2714 diluvium

307 2734 499 2797 itaque,
560 2737 695 2798 quod
739 2753 800 2783 ex
842 2753 1014 2784 eorum
1054 2738 1260 2785 calculis
1296 2755 1426 2785 anno
1465 2739 1620 2791 2242.
1659 2737 1903 2784 mundum
1938 2737 2138 2799 delevit,

307 2804 448 2851 annis
499 2806 875 2867 quatuordecim
935 2807 1205 2871 superavit.
1290 2807 1570 2855 Absurdum
1619 2823 1736 2854 saue
1788 2816 2139 2865 commentum,

307 2874 446 2939 quod
482 2874 603 2921 olim
637 2877 852 2923 famosae
878 2885 925 2924 et
954 2877 1174 2924 omnium
1201 2878 1535 2925 Ecclesiarum
1563 2894 1646 2924 ore
1680 2877 1944 2925 ventilatae
1972 2878 2140 2943 dispu-

306 2943 487 2991 tationi
513 2945 651 2992 dedit
671 2955 1040 3009 argumentum3
1082 2947 1376 3011 quibusdam
1406 2947 1582 2994 Graeci
1609 2955 1776 2994 textus
1812 2963 2026 2995 errorem
2056 2966 2142 2995 as-

308 3013 610 3077 serentibuS,
649 3016 757 3063 aliis
792 3034 906 3064 cum
951 3018 1253 3064 Graecorum
1284 3028 1391 3063 tum
1425 3017 1711 3065 Latinorum
1745 3016 2021 3065 Mathusala
2057 3019 2140 3066 di-

307 3084 445 3133 luvio
485 3093 707 3149 ereptum
754 3087 1181 3135 contendentibus,
1253 3086 1456 3134 Dissidii
1493 3086 1779 3135 huiusmodi
1826 3095 1975 3136 testes
2020 3096 2139 3136 sunt

308 3154 640 3219 Hieronymus
668 3165 856 3219 quaest.
895 3157 1043 3205 Hebr.
1080 3157 1130 3203 in
1159 3156 1419 3218 Genesim,
1453 3164 1501 3204 et
1524 3157 1832 3222 Augustinus
1864 3159 1944 3212 15.
1972 3159 2033 3207 de
2058 3159 2138 3206 ci-

307 3225 397 3274 vit.
429 3226 518 3272 Dei
542 3242 651 3291 cap.
678 3230 759 3278 11.
788 3234 836 3273 et
861 3230 940 3279 13.
2014 3279 2020 3285 ,

435 3293 561 3360 ”Em
591 3290 686 3361 ιδ’.]
726 3295 1116 3355 Quatuordecim
1141 3295 1384 3344 duntaxat
1409 3314 1563 3344 annos
1585 3295 1862 3345 Mathusala
1887 3298 2137 3347 diluvium

312 3367 608 3426 excessisse,
657 3365 746 3431 qui
785 3371 869 3419 70.
942 3367 1277 3431 Interpretum
1318 3375 1594 3431 sequuntur
1630 3375 1822 3415 textum
1848 3404 1863 3429 ,
1911 3385 2137 3434 posuere,

312 3453 404 3483 nec
434 3437 697 3485 Africanus
733 3436 1210 3501 quintumdecimum
1238 3439 1403 3503 potuit
1435 3438 1720 3486 admittere.-
1770 3439 1903 3486 unde
1932 3438 2133 3500 mirum,

316 3523 433 3567 cur,
474 3523 587 3555 cum
607 3507 662 3555 in
689 3514 834 3555 textu
860 3524 971 3572 pag.
999 3508 1048 3561 4.
1073 3515 1181 3555 tum
1206 3509 1261 3555 in
1284 3508 1427 3557 Notis
1455 3525 1564 3574 pag.
1587 3509 1706 3562 243.
1757 3509 2004 3572 Scaligero
2025 3508 2134 3573 pla-
