2222 3938
632 196 732 250 ET
767 192 1357 251 ANNOTATIONES.
1786 181 1913 249 459

80 329 160 380 vis
179 319 444 379 Eusebium
468 325 525 375 in
547 325 659 393 ipso
685 327 898 376 Eusebio
927 327 1231 392 Scaligerum
1251 324 1454 389 legisse,
1493 332 1543 374 et
1565 324 1744 389 Mosis,
1782 343 1914 376 anno

76 401 238 467 primo
258 400 312 448 in
337 399 441 448 eius
466 397 653 446 Latinis
679 398 943 447 Chronicis
973 398 1205 464 reperiri:
1243 397 1327 445 Ab
1365 397 1460 444 lzoe
1495 397 1603 445 loco
1644 415 1805 462 usque
1845 395 1920 445 ad

78 473 394 520 Salomonem
416 477 463 516 et
486 468 867 534 adfflcationem
896 471 1070 535 templi
1092 477 1423 517 numerantur
1454 470 1581 517 anni
1616 468 1736 523 480.
1777 467 1916 516 Idem

77 560 208 590 anno
245 540 521 590 Salomonis
543 548 717 605 quarto
743 541 826 590 vel
853 542 1030 606 quinto
1057 540 1304 588 inculcari
1332 540 1528 589 addam.
1600 539 1735 600 Quid
1760 539 1916 603 igitur

77 630 177 661 uno
195 612 364 660 minus
381 647 396 673 ,
433 611 554 664 479.
582 611 852 673 nimirum,
892 611 1032 676 quasi
1057 629 1120 659 ex
1139 611 1337 660 Eusebii
1361 610 1527 659 verbis
1558 610 1746 660 refert?
1784 610 1917 658 Ana-

79 683 424 738 chronismon,
462 681 685 746 inquies,
721 682 910 747 reperit
939 682 994 730 in
1018 683 1229 730 Eusebio
1264 683 1380 731 Not.
1418 698 1529 751 pag.
1562 685 1647 736 31.
1685 681 1765 730 his
1796 699 1918 731 ver-

76 754 179 803 bis:
217 771 375 802 unum
397 752 687 819 suffuratur
711 754 978 802 intervallo
1007 752 1072 800 ab
1094 752 1299 815 Exodo,
1337 752 1411 800 ad
1440 751 1703 800 conditum
1730 754 1918 817 templi.

78 825 346 887 observet,
383 841 474 888 per
503 832 713 872 cunctos
746 825 891 887 licet,
926 824 1123 872 Eusebii
1161 824 1381 872 defectus
1418 832 1467 872 et
1490 831 1771 885 recenseat3
1823 841 1921 872 cu·-

77 896 266 944 mulate
315 895 623 959 applaudent
663 895 900 943 litterati:
960 902 1154 942 textum
1199 895 1366 960 ipsum
1418 902 1603 943 temere
1644 895 1920 956 emendare,

77 974 300 1028 mutare,
348 967 654 1031 depravare,
691 966 963 1032 prohibent
997 982 1197 1029 omnes,
1251 982 1402 1030 aeque
1445 982 1499 1012 ac
1539 983 1677 1014 sacra
1715 965 1923 1016 violares

76 1037 156 1085 Ad
185 1042 305 1091 600.
341 1052 605 1086 numerum
629 1037 842 1085 Eusebio
871 1037 1183 1085 asserendum
1204 1036 1368 1084 redeo.
1442 1037 1566 1084 Cum
1587 1037 1665 1084 illi
1687 1054 1792 1084 non
1819 1054 1920 1084 una

76 1106 172 1155 hac
206 1124 332 1156 voce
359 1108 601 1172 Georgius
639 1116 934 1169 attestetur,
970 1124 1153 1156 verum
1181 1108 1422 1173 repetito,
1464 1108 1551 1155 sed
1585 1115 1633 1155 et
1661 1107 1812 1155 tertio
1849 1107 1920 1155 ita

77 1178 324 1244 scriptum
352 1179 591 1243 Georgius
617 1178 681 1228 sit
702 1179 1040 1227 affirmaturus
1056 1216 1070 1241 ‚
1105 1179 1241 1243 quod
1261 1178 1498 1226 nimirum
1525 1185 1602 1227 tot
1626 1178 1920 1226 asserendos

77 1249 355 1311 iudicaret,
396 1250 460 1297 ob
498 1249 645 1296 aliam
686 1258 855 1298 tamen
883 1249 1129 1298 rationem
1163 1258 1361 1298 tantum
1392 1249 1608 1314 spatium
1637 1250 1791 1299 vellet
1815 1250 1920 1297 Eu·-

78 1320 240 1368 sebius
272 1319 586 1368 contrahere:
626 1337 740 1369 cum
765 1320 983 1382 Scaliger
1015 1320 1150 1385 ipse,
1191 1321 1275 1370 vel
1299 1319 1404 1382 sui,
1440 1321 1525 1369 vel
1545 1321 1741 1386 proprii
1765 1321 1923 1368 Euse-

77 1390 150 1439 bii
175 1408 278 1438 non
302 1406 494 1438 memor
517 1390 633 1439 Not.
665 1408 777 1456 pag.
811 1391 929 1453 255.
969 1391 1213 1455 scriptum
1232 1391 1519 1454 reliquerit:
1557 1393 1923 1439 Dinumeratio

79 1478 332 1508 annorum
370 1461 434 1508 ab
471 1458 645 1508 Exodo
689 1460 763 1509 ad
799 1459 1065 1508 conditam
1101 1462 1276 1525 templi
1318 1460 1599 1509 secundam
1637 1462 1920 1510 Eusebium

79 1529 195 1599 (est)
233 1535 356 1585 600.
397 1549 669 1581 annorum:
722 1532 934 1579 eundem
970 1532 1130 1596 liquet
1165 1532 1220 1579 in
1254 1539 1402 1579 textu
1435 1549 1702 1580 numerum
1745 1533 1917 1580 obser-

77 1619 222 1662 vare,
258 1603 342 1651 vel
367 1601 500 1650 inter
529 1602 680 1651 Notas
707 1602 966 1651 emendare
981 1642 998 1663 ,
1036 1619 1139 1650 non
1164 1602 1436 1651 Protheum
1460 1620 1523 1651 ex
1545 1604 1679 1669 stylo
1704 1604 1921 1654 formare

79 1673 329 1723 debuisse:
368 1673 431 1721 de
456 1689 554 1737 quo
581 1682 700 1721 nota
732 1689 944 1737 sequens
970 1672 1150 1721 iterum
1181 1673 1499 1724 consulenda.
1592 1723 1598 1727 ,

219 1739 363 1794 Kato}
398 1739 703 1810 Ἀφρικανὸν
726 1742 856 1810 ὑπὲρ
881 1740 943 1793 τοὶ
971 1739 1104 1809 ψμ.’.]
1137 1743 1290 1791 Omni
1310 1745 1459 1792 venia
1485 1743 1714 1809 superior
1734 1744 1919 1810 depre-

76 1813 319 1863 henditur
341 1813 427 1862 hic
449 1814 664 1878 Scaliger
681 1814 1038 1864 hallucinatus.
1085 1816 1448 1862 Dinumercztio
1464 1852 1477 1878 ,
1510 1815 1704 1880 inquit,
1744 1834 1921 1864 anno-

77 1903 195 1933 rum
218 1886 284 1933 ab
309 1884 514 1947 Exodo,
552 1885 626 1933 ad
655 1885 919 1933 conditum
948 1885 1148 1950 templi,
1187 1884 1468 1933 secundum
1490 1887 1769 1934 Eusebium
1800 1892 1921 1941 600.

77 1974 349 2018 annorum,
386 1966 659 2021 superatur
683 1957 749 2005 ab
773 1957 1025 2020 Africani
1051 1958 1345 2005 rationibus
1370 1959 1523 2005 annis
1549 1958 1665 2011 140.
1708 1959 1771 2007 In
1796 1960 1922 2022 qui-

78 2027 171 2075 bas-
194 2045 299 2075 non
323 2025 495 2090 video,
538 2024 786 2092 quon'zodo
813 2036 1014 2074 centum
1047 2037 1093 2075 et
1122 2031 1448 2094 septuaginta
1475 2027 1549 2076 ad
1571 2033 1690 2082 600.
1716 2028 1920 2076 adiecta

78 2116 180 2146 non
188 2101 370 2163 ponus
388 2103 506 2152 770
520 2101 757 2162 faciant,
784 2116 940 2164 quam
971 2098 1090 2152 140.
1141 2099 1334 2147 Obiicit
1356 2103 1487 2147 enim
1501 2100 1756 2147 Eusebius·
1768 2101 1921 2163 Afri-

78 2186 208 2216 cano
249 2170 400 2217 illum
434 2174 523 2222 70.
563 2169 828 2217 addidisse
864 2168 924 2216 de
964 2169 1215 2233 historia,
1262 2170 1346 2224 40.
1385 2173 1476 2234 τῆς
1514 2165 1780 2236 ἅναρχίοις,
1833 2174 1920 2223 30.

79 2259 171 2304 της
211 2235 444 2304 εἰρήνης,
494 2248 538 2284 et
566 2249 831 2304 praeterea
871 2244 987 2294 100
1034 2239 1270 2303 οἴκοθεν,
1318 2239 1378 2287 de
1411 2258 1537 2287 suo:
1598 2259 1729 2304 quae
1762 2241 1924 2287 simul

66 2311 210 2375 flant
241 2315 356 2363 170.
384 2318 430 2356 et
457 2327 555 2356 non
585 2311 701 2363 140.
737 2310 1017 2358 Monstrum
1050 2309 1146 2356 sibi
1185 2310 1354 2374 fingit,
1388 2318 1437 2358 et
1473 2311 1534 2358 de
1562 2311 1652 2358 illo
1691 2312 1830 2359 solus
1864 2311 1921 2358 in

79 2381 294 2429 tenebris
332 2379 613 2444 triumphat
650 2381 884 2443 Scaliger.
935 2380 1137 2428 Eusebii
1171 2382 1269 2443 ait,
1308 2398 1572 2429 numerum
1611 2389 1816 2445 superat
1856 2381 1918 2429 ab

80 2453 319 2501 Africano
344 2450 563 2514 scriptus
590 2451 707 2504 140.
747 2451 975 2517 Optime:
1013 2467 1146 2516 pone
1170 2451 1406 2499 calculos,
1477 2453 1592 2500 Non
1621 2453 1797 2516 video,
1834 2452 1920 2499 in-

81 2530 210 2584 stat3
250 2522 502 2586 quomodo
531 2529 731 2568 centum
754 2530 804 2570 et
825 2522 1134 2586 septuaginta
1161 2521 1352 2569 adiecta
1379 2522 1442 2570 ad
1467 2527 1585 2576 600.
1609 2540 1710 2571 non
1731 2522 1919 2572 faciant

81 2598 200 2646 770.
241 2592 368 2652 Quis
395 2591 533 2639 aliud
554 2591 771 2640 viderit?
810 2593 976 2656 Urget.
1014 2592 1278 2640 Africanus
1301 2594 1612 2658 septuaginta
1633 2594 1831 2642 addidit
1854 2595 1917 2642 de

79 2662 321 2724 historia,
359 2669 408 2710 et
440 2669 697 2743 praeterea
731 2671 931 2711 centum
963 2662 1023 2711 de
1048 2680 1156 2712 suo,
1228 2664 1408 2712 Nullus
1435 2682 1654 2713 errorem
1678 2664 1815 2712 hunc
1841 2666 1919 2713 fe-

79 2742 173 2783 ret.
248 2733 387 2794 Quid
406 2733 572 2781 minus
600 2733 802 2798 scripsit
823 2750 1044 2798 unquam
1068 2733 1369 2782 Africanus?
1418 2735 1674 2785 Vocatus'
1659 2754 1711 2784 in
1737 2744 1916 2784 testem

83 2805 324 2868 Georgius
362 2805 555 2853 iuratus
588 2805 868 2869 eloquitur.
907 2803 937 2856 ό
973 2799 1266 2893 Ἀφρικανὸς
1295 2805 1378 2871 ἔτη
1402 2802 1459 2856 λ’.
1511 2812 1615 2868 τοῖς
1650 2805 1916 2892 πρεσβυτὲ-

82 2895 190 2944 ροις
224 2870 520 2941 ἄπὲνειμενι
564 2892 772 2923 numera
810 2876 1030 2940 triginta.
1084 2895 1213 2943 προς
1253 2872 1452 2937 τούτοις
1502 2875 1626 2929 ἄλλα
1676 2873 1732 2929 ο’.
1781 2894 1916 2943 pone

81 2947 413 3031 septuaginta:
454 2962 668 3011 quorum
703 2946 899 3027 quidem
930 2964 1176 2995 annorum
1204 2948 1544 3013 septuaginta,
1587 2949 1915 3015 quadraginta

82 3025 202 3065 sunt
237 3021 328 3081 τῆς
364 3011 626 3082 ἀναρχίας,
667 3017 874 3081 triginta
909 3021 999 3083 τῆς
1035 3013 1274 3084 εἰρήνηςε
1310 3019 1487 3083 collige
1510 3037 1649 3068 nunc
1670 3038 1782 3068 cum
1809 3020 1916 3067 Au-

83 3087 226 3135 thore
251 3104 517 3134 summam:
554 3107 614 3138 τα
637 3083 726 3138 dia
750 3085 960 3152 ἑκατὸν,
999 3088 1067 3136 ait
1093 3089 1195 3137 ille.
1267 3090 1380 3137 Non
1404 3107 1455 3138 ei
1455 3108 1516 3155 go
1531 3091 1827 3156 loquebatur
1853 3089 1916 3136 de

82 3156 305 3206 Africani
339 3173 554 3214 summa
590 3158 918 3207 Eusebianam
957 3168 1156 3207 centum
1187 3168 1237 3209 et
1261 3128 1587 3226 quadraginta
1621 3167 1912 3227 superante:

82 3228 171 3276 sed
197 3245 253 3275 eo
292 3227 394 3275 loci
423 3235 617 3276 tantum
642 3228 909 3278 incusabat
930 3229 1222 3278 Africanum
1254 3233 1524 3295 Eusebius,
1565 3233 1700 3296 quod
1733 3229 1914 3278 Senio-

82 3316 195 3347 rum
217 3297 494 3360 interregni
520 3306 569 3346 et
597 3300 737 3348 Pacis
763 3318 920 3348 annos
948 3301 1013 3348 ad
1040 3309 1238 3350 centum
1265 3304 1586 3351 ascendentes
1606 3300 1914 3349 intrusisset:

84 3370 145 3416 de
167 3368 377 3416 aliorum
407 3369 732 3432 quadraginta
764 3389 915 3436 supra
944 3372 1207 3437 proprium
1243 3391 1508 3422 numerum
1544 3388 1748 3420 excessu
1779 3388 1915 3418 non-

85 3439 201 3487 dum
227 3438 459 3501 arguebat
482 3439 736 3488 Eusebius.
775 3443 1057 3503 Caeterum,
1097 3461 1194 3507 qua
1221 3444 1414 3492 ratione
1440 3463 1466 3489 a
1490 3443 1661 3492 relicta
1688 3443 1914 3507 Aegypto

84 3509 145 3559 ad
170 3509 333 3575 prima.
357 3509 531 3576 templi
554 3510 871 3560 fundamenta
899 3513 1061 3579 posita
1078 3550 1091 3575 ‚
1129 3514 1250 3568 740.
1291 3531 1446 3561 annos
1472 3529 1534 3561 ex
1562 3512 1781 3562 Africani
1805 3513 1914 3562 cal-
