2222 3938
635 188 734 241 ET
770 189 1362 247 ANNOTATIONES.
1785 182 1909 244 365

228 321 340 383 Peg.
375 322 459 372 38.
492 313 576 369 Ἐκ
610 322 710 369 τῶν
743 313 1044 387 Ἀβυδινοῦ.]
1082 322 1308 388 Abydeni
1337 324 1667 387 fragmentum
1694 323 1913 387 Scaliger

88 391 309 458 reposuit
344 390 400 437 in
431 389 630 438 Eusebii
657 389 967 455 Chronicon,
1006 394 1148 457 quasi
1173 394 1231 441 ab
1260 395 1468 443 Eusebio
1502 394 1751 459 quondam
1783 395 1914 442 scri-

86 471 246 528 ptum,
281 469 340 508 ut
363 461 579 524 antiquis
603 459 740 507 hisce
766 462 945 509 fabulis
972 479 1084 511 eum
1108 465 1255 513 fidem
1286 466 1579 530 persuadeat
1603 464 1912 513 adhibuisse:

86 534 238 580 Recta
257 531 406 578 simul
434 532 792 579 nonnullorum
818 531 900 580 hic
929 544 1313 584 memoratorum
1335 537 1539 584 nomina
1567 537 1819 602 depravat.

227 613 376 666 Μετοέ
427 611 817 682 Ευεδώρεσχον]
854 617 990 664 Haec
1035 620 1236 683 quidem
1279 621 1513 670 Eusebius
1554 637 1616 668 ex
1657 619 1912 684 Abydeno,

88 694 140 735 at
180 703 283 734 non
314 686 368 733 111
400 685 676 749 Chronico,
715 689 801 734 sed
836 689 896 735 de
924 689 1097 754 Praep.
1134 692 1318 755 Evang.
1357 709 1463 757 cap.
1499 697 1579 745 10.
1605 707 1728 755 quae
1751 690 1913 738 nihilo

87 757 247 806 secius
275 756 531 806 Chronieis
556 757 845 806 Eusebianis
871 758 1046 807 inserit
1083 762 1302 825 Scaliger
1324 780 1432 827 pag.
1459 766 1506 815 8.
1537 763 1773 828 pleraque
1791 778 1914 810 vero

86 828 240 877 verba
275 829 540 893 depravat,
579 828 717 876 alia
702 846 756 875 111
793 829 944 893 Regio
975 839 1210 897 corrupta
1243 834 1491 896 restituit,
1524 833 1714 898 reliqua
1734 850 1827 880 nos
1849 848 1914 880 ex

87 899 241 946 citato
273 899 334 946 de
356 867 951 965 Praepar.Evang.10⁶co.

225 997 338 1061 Pag.
374 997 458 1051 40.
493 993 575 1048 Ἐν
608 1001 673 1067 τῇ
693 999 977 1067 Σηριαδικῇ
1001 997 1112 1069 γῇ]
1157 1002 1300 1065 Quae
1329 1001 1473 1050 nobis
1495 1003 1700 1067 ignota.-
1738 1001 1914 1052 scribit

86 1035 321 1131 Scaligert>
325 1086 435 1134 pag.
460 1069 576 1123 248
602 1050 757 1116 Plinio
783 1077 902 1116 nota
931 1073 1084 1131 Sexes,
1124 1073 1366 1138 oppidum
1393 1074 1631 1121 nimirum
1656 1074 1790 1121 inter
1822 1075 1912 1120 Ae-

82 1137 326 1204 thiopiam
354 1147 402 1187 et
428 1140 563 1203 Aeg)
564 1147 731 1204 ptum,
768 1140 853 1190 lib.
875 1145 921 1193 6.
949 1158 1057 1205 cap.
1085 1147 1169 1195 29.
1204 1151 1351 1191 notus
1374 1160 1570 1208 quoque
1601 1162 1744 1192 mons
1775 1144 1914 1190 Seri-

86 1209 208 1269 dos,
259 1227 357 1274 quo
403 1210 674 1275 Arphaxad
709 1211 963 1258 columnas
999 1212 1143 1275 duas»,
1193 1214 1439 1279 lapideam
1482 1231 1657 1277 unam,
1707 1215 1914 1261 alteram

84 1279 358 1327 latericiam
402 1281 575 1345 figuris
605 1289 652 1328 et
684 1289 930 1330 astrorum
963 1283 1249 1332 nominibus
1285 1285 1495 1348 signatas
1528 1285 1742 1349 reperit,
1791 1301 1913 1348 quas

87 1368 114 1397 a
145 1352 356 1416 posteris
386 1351 504 1399 Seth
541 1351 757 1399 cladium
797 1369 888 1417 per
927 1370 1103 1417 aquam
1143 1362 1190 1401 et
1224 1355 1388 1418 ignem
1427 1354 1523 1403 toti
1562 1356 1672 1403 orbi
1710 1362 1916 1403 eventu-

84 1438 250 1469 ratum
286 1423 521 1487 praesciis
557 1422 742 1506 positas
783 1440 843 1470 ex
869 1423 1053 1471 Ioanne
1079 1424 1329 1474 Historico
1359 1427 1513 1473 refeit
1538 1426 1823 1474 Eustathius
1858 1424 1915 1472 in

84 1490 454 1558 Ilexaniero.117'
493 1514 566 1553 τις
599 1488 750 1558 στήλη
781 1513 900 1558 μετα
935 1491 1018 1544 τὸν
1044 1494 1390 1561 κατακλυσμον
1421 1495 1607 1563 εὑρέθη
1637 1497 1708 1556 εἷς
1733 1493 1788 1547 τό
1812 1500 1915 1560 Ση-

86 1559 275 1643 ριδὸς”
247 1583 390 1630 ορος,
425 1563 511 1614 καὶ
536 1564 666 1614 ἐστιν
690 1563 781 1623 ἕως
803 1561 932 1630 ἄρτι.
1019 1565 1242 1630 Utraque
1264 1568 1500 1614 columna
1513 1577 1635 1632 post
1659 1567 1915 1615 diluvium

86 1635 142 1679 in
163 1644 327 1681 monte
353 1633 555 1683 Seridos
581 1637 888 1695 in1¹entcc,et
908 1634 1168 1700 hucusque
1180 1655 1275 1700 per
1277 1655 1410 1686 sete}
1412 1647 1492 1684 at
1530 1637 1608 1685 An
1636 1637 1696 1684 ab
1728 1654 1783 1685 eo
1806 1641 1915 1701 Ση-

86 1701 252 1770 ριδικη
275 1705 355 1752 vel
379 1701 658 1772 Σηριαδική
682 1708 751 1772 γῆ
770 1705 939 1752 nullus
967 1705 1285 1776 dubitaverit,
1314 1708 1398 1772 qui
1419 1726 1544 1758 κατα
1566 1728 1658 1773 την
1685 1702 1916 1773 Συριάδα

84 1775 235 1822 verba
273 1775 470 1842 losephi
512 1776 710 1835 vitiata,
748 1792 1054 1840 pravamque
1081 1777 1203 1824 adeo
1234 1779 1542 1841 versionem,
1580 1781 1634 1825 in
1667 1787 1803 1825 terra
1825 1779 1915 1825 Ss-

86 1848 170 1893 ria
212 1846 273 1893 ad
311 1855 463 1912 caput
498 1850 548 1900 3.
587 1845 703 1894 libri
746 1851 791 1898 1.
821 1846 1071 1911 Antiquit.
1097 1845 1291 1897 Iudaic.
1323 1850 1506 1897 calcem
1529 1866 1724 1896 mecum
1754 1848 1918 1895 obser-

85 1916 239 1964 vabit.
277 1917 388 1965 Non
407 1919 604 1964 occulta
631 1916 817 1981 pariter
839 1918 1107 1965 Pausaniae
1134 1919 1197 1965 ad
1223 1919 1308 1970 lib.
1329 1925 1376 1972 6.
1400 1928 1579 1967 metam
1608 1919 1740 1968 Seria
1770 1919 1915 1966 insu-

83 1986 148 2048 la,
186 2003 279 2034 nec
304 1988 576 2036 Heliodoro
605 1990 746 2035 Seres
769 1987 1036 2054 Aethiopes
1067 1989 1168 2036 Aeo
1139 1997 1294 2055 gypto
1323 1991 1497 2052 vicini,
1537 1991 1595 2037 de
1622 1990 1804 2074 quibus
1830 1989 1917 2036 hic

86 2056 298 2124 Aethiop
323 2060 411 2109 lib.
428 2065 476 2113 9.
503 2054 796 2145 γινώσκεται
820 2055 874 2108 δὲ
897 2081 929 2125 η
919 2059 1111 2127 ““Σηρία
1131 2063 1287 2124 νῆσος
1309 2061 1362 2111 ἐν
1378 2065 1518 2149 μυχῷ
1538 2055 1799 2125 θαλάσσης
1819 2079 1916 2110 κει-

87 2127 212 2194 μένη
243 2133 332 2194 τῆς
357 2130 591 2213 ἐρυθρᾶς.
627 2125 822 2213 ἤκουσα
847 2127 900 2179 δὲ
931 2150 1023 2192 ως,
1067 2128 1156 2196 οὐχ
1180 2129 1216 2196 ἦ
1244 2129 1475 2215 ἕρυθρα,
1498 2128 1716 2197 ποταμὸς
1742 2131 1819 2192 δὲ,
1858 2127 1915 2181 ὃν

87 2202 234 2283 Σῆρα
259 2196 613 2266 ὀνομάζουσιν,
653 2195 798 2258 οὗτός
823 2199 954 2250 ἐστιν
978 2221 1004 2252 ο
1034 2220 1196 2251 ποιων
1220 2206 1378 2265 νῆσον
1410 2196 1598 2265 αὐτὴν,
1640 2198 1802 2266 ω’σπερ
1830 2220 1915 2250 και

85 2265 345 2334 Αἰγύπτου
387 2268 443 2320 τό
471 2270 612 2320 δέλτα
632 2266 731 2320 υπό
757 2273 850 2319 τοῦ
874 2271 1077 2334 Νείλου,
1113 2271 1197 2321 καὶ
1220 2291 1278 2321 ου
1284 2292 1308 2336 ,4
1333 2291 1433 2322 υπο
1464 2291 1580 2336 μιας
1600 2270 1916 2345 περιέχεσθαι

85 2336 359 2406 θαλάσσης.
370 2336 642 2425 τοιαύτην
653 2338 837 2405 ἑτέραν,
865 2339 950 2390 καὶ
971 2360 1063 2405 την
1084 2343 1278 2406 Σηρίαν
1296 2345 1458 2429 mj‘oocv
1480 2338 1622 2393 εἶναι.
1661 2345 1800 2392 οὑτοι
1826 2340 1916 2407 μέν
1975 2338 1979 2342 ’

88 2430 166 2460 τοι
189 2411 274 2460 καὶ
301 2414 394 2461 τοῦ
417 2406 688 2461 Αἰθιόπων
714 2408 889 2475 γένους
914 2406 1056 2461 αυτοί
1079 2430 1127 2460 τε
1150 2410 1275 2461 εἰσὶν
1303 2412 1356 2461 οἷ
1383 2416 1560 2478 Σῆρες.
1632 2413 1772 2459 Satis
1798 2430 1917 2458 eon-

87 2490 194 2527 stat
217 2484 412 2530 Set-cam
438 2483 662 2528 insulam
683 2482 836 2527 sitam
861 2484 918 2527 in
939 2481 1086 2527 νἰιόιί
1111 2484 1271 2528 maris
1296 2499 1504 2531 rece-ssu.
1573 2483 1778 2532 Auditi
1799 2499 1910 2529 1ero

89 2554 182 2617 qui
217 2551 461 2614 dicerent,
499 2571 599 2599 non
632 2569 771 2598 mare
800 2551 1035 2608 rubrum,
1075 2551 1166 2599 sed
1193 2554 1354 2600 Serem
1381 2571 1572 2601 omnem
1600 2556 1822 2602 insulam
1846 2555 1912 2599 il-

88 2625 410 2686 lamsaoere,
446 2641 543 2670 non
568 2623 718 2670 aliter
738 2639 892 2686 quam
914 2623 1094 2680 Mltos,
1130 2641 1237 2670 eccm
1249 2659 1265 2683 ,
1305 2626 1391 2669 cui
1408 2626 1568 2673 Delta
1590 2642 1791 2685 nomen,
1832 2643 1912 2671 ne-

90 2712 186 2760 que
222 2696 353 2741 enim
388 2697 526 2741 mari
559 2695 670 2741 ulla
703 2710 757 2738 ex
788 2702 940 2757 parte
976 2696 1231 2759 cingitur.-
1270 2703 1315 2740 et
1340 2694 1476 2741 hanc
1501 2714 1693 2761 quoque
1716 2697 1914 2744 Seriam

90 2765 316 2812 ins-ulam
348 2767 477 2830 pari
497 2764 644 2812 modo
667 2766 927 2813 constitui.
996 2766 1104 2812 Hic
1128 2763 1328 2830 quidem
1349 2767 1488 2814 Seres
1516 2765 1590 2814 ad
1604 2766 1914 2832 Aethiopum

85 2854 249 2900 genus
272 2846 586 2886 revocantur.

231 2921 490 2988 Κειμένων
513 2919 760 2986 στειλαῖν]
798 2920 878 2968 Ad
892 2929 896 2932 ’
910 2919 1174 2987 Erythraei
1203 2921 1387 2971 littoris
1423 2923 1568 2989 Pylas
1604 2922 1793 2972 insulas
1830 2941 1917 2971 co-

90 2992 286 3040 lumnas
305 2994 412 3040 sive
440 2993 586 3041 stelas
608 2993 830 3057 lapideas
853 2991 1010 3041 literis
1028 2993 1305 3057 insculptas
1322 2996 1573 3058 quondam
1598 2995 1726 3043 visas
1748 3001 1918 3042 narrat

91 3062 281 3111 Plinius
315 3064 426 3111 loco
459 3080 621 3128 nuper
642 3063 870 3126 laudato,
910 3081 1008 3129 quo
1043 3064 1431 3129 sculpendarum
1448 3065 1631 3114 litteris
1655 3065 1917 3114 columna-

92 3149 206 3182 rum
230 3132 284 3179 in
309 3150 364 3182 ea
387 3135 587 3197 regione
609 3150 797 3181 morem
818 3135 1035 3182 extitisse
1059 3152 1163 3182 non
1186 3133 1467 3184 obscurum.

238 3218 364 3267 Θῶθ
394 3221 488 3268 τοῦ
515 3213 718 3283 πρώτου
749 3216 974 3284 Ἑρμοῦ.]
1014 3218 1186 3266 Thoth
1207 3219 1658 3268 Alexandrinorum
1684 3226 1756 3267 est
1781 3217 1916 3265 Mer·-

96 3287 287 3348 curius‚
325 3287 395 3335 ait
422 3289 658 3336 Eusebius
693 3287 752 3335 de
785 3290 1015 3353 Praepar.
1050 3290 1284 3353 Evangel.
1312 3290 1394 3341 lib.
1417 3296 1467 3343 2.
1506 3307 1609 3354 cap.
1638 3295 1683 3342 1.
1709 3287 1915 3350 reliquis

92 3357 352 3424 Aegyptiis
382 3356 584 3422 Thoyth
613 3358 776 3407 dictus
816 3357 986 3426 (quam
1017 3360 1279 3408 lectionem
1307 3360 1625 3424 amplectitur
1649 3358 1727 3404 his
1753 3358 1915 3404 Scali-

94 3427 198 3492 ger)
236 3428 367 3475 idem
389 3428 528 3475 Plato
559 3428 615 3476 in
639 3428 887 3491 Phaedro,
925 3436 974 3477 et
1007 3431 1176 3479 Cicero
1201 3433 1249 3484 3.
1280 3431 1341 3478 de
1366 3432 1478 3479 Nat.
1504 3430 1618 3477 Deo·
1641 3427 1913 3476 affirmant:

96 3515 124 3551 ‚a
152 3516 247 3563 quo
272 3498 462 3565 primus
488 3498 665 3547 mensis
691 3499 1020 3566 Aegyptiacus
1042 3518 1224 3550 nomen
1248 3500 1464 3549 sortitur.
