2222 3938
673 203 773 258 ET
811 201 1398 260 ANNOTATIONES.
1781 193 1908 252 377

85 337 164 386 dit
175 333 457 386 -Librarius
465 329 627 403 ερμζ.
657 333 771 384 vice
796 331 925 404 ερμῖ.
960 351 1224 401 1οῙ10110113.
1281 332 1459 382 Tribus
1484 330 1784 381 coniecturis
1808 332 1911 381 eius

84 409 260 474 lapsus
282 405 656 465 manifestatur,
692 422 752 452 ac
784 406 931 453 simul
961 407 1269 454 emendatur.
1308 409 1356 458 1.
1393 403 1617 468 Triginta
1649 404 1912 468 Dynastia-

28 521 33 527 .
80 494 195 528 rum
217 476 430 543 primam
451 477 523 523 ait
544 442 775 524 Μ31101110
802 493 931 524 311110
957 476 1017 523 ab
1054 484 1234 525 exortu
1266 475 1441 523 mundi
1478 476 1629 528 1586.
1657 475 1911 522 instaura-

80 555 217 610 tam,
254 546 472 611 reliquas
500 547 733 611 deinceps
762 564 852 611 per
883 564 1038 594 annos
1065 548 1219 601 3555.
1253 553 1554 610 protractas:
1591 545 1709 593 anni
1744 545 1912 609 itaque

81 618 242 672 5140.
267 634 370 665 11011
395 618 549 670 5147.
575 617 781 665 limitem
808 618 1092 681 attigerunt.
1130 624 1177 671 2.
1215 615 1417 665 Α1111101·’
1441 616 1548 681 ipse
1573 616 1913 664 Alexandrum

81 687 403 737 Macedonem
437 704 567 734 anno
599 689 755 741 5156.
790 689 1056 754 imperium
1094 687 1366 736 obtinuisse
1403 695 1615 735 testatur
1651 703 1759 753 pag.
1794 691 1913 740 260.

82 758 143 806 D.
179 757 264 806 hic
295 774 414 806 vero
454 759 716 822 Dynastias
753 759 1111 824 Aegyptiorum
1145 766 1193 806 et
1227 775 1396 806 earum
1432 758 1686 824 principes
1719 757 1916 806 sublato

81 828 364 879 Nectenebo
398 836 610 878 testatur
644 829 895 877 extinctos
938 846 1095 876 annos
1149 828 1435 893 quindecim
1467 836 1581 876 ante
1609 845 1817 893 regnum
1857 828 1917 875 ab

82 899 372 948 Alexandro
397 908 723 965 occupatum,
763 908 812 947 et
839 918 904 949 ex
928 900 1248 963 consequenti
1271 916 1399 947 anno
1423 900 1576 952 5140.
1612 903 1662 952 3.
1703 901 1922 947 Ponatur

82 969 325 1034 Dynastia
351 969 512 1035 prima
534 987 596 1018 ex
626 970 941 1018 Manethonis
963 971 1156 1018 calculo
1180 970 1374 1033 vulgari
1401 969 1578 1016 mundi
1602 987 1732 1017 anno
1767 973 1920 1023 1586.

85 1039 324 1105 coepisse,
360 1041 574 1105 reliquas
598 1041 739 1089 annis
766 1042 922 1094 3555.
961 1042 1297 1102 continuatas,
1337 1057 1398 1087 ex
1427 1040 1608 1104 quibus
1635 1039 1833 1088 Author
1861 1040 1924 1088 ad

85 1111 388 1158 incolumem
414 1111 781 1177 scripturarum
804 1112 1044 1160 tuendam
1078 1111 1427 1160 authoritatem
1459 1111 1578 1163 656.
1614 1111 1806 1159 diluvio
1836 1127 1926 1157 an-

83 1182 326 1246 tepositos
351 1191 401 1229 et
427 1183 551 1230 alios
579 1183 697 1236 534.
736 1183 1089 1248 subsequentes
1128 1200 1283 1230 annos
1320 1181 1583 1246 Dynastiae
1616 1181 1806 1246 primae
1840 1198 1926 1227 an-

85 1269 153 1300 no
194 1253 439 1300 duntaxat
478 1258 631 1306 2776.
672 1254 992 1302 stabiliendae
1027 1253 1276 1319 praecipit
1310 1251 1701 1300 subtrahendos:
1739 1251 1925 1300 iunctis

83 1321 221 1370 hisce
247 1323 400 1376 2775.
429 1323 538 1370 aliis
577 1326 731 1378 2365.
764 1325 943 1389 quibus
978 1324 1338 1391 Aegyptiorum
1367 1323 1635 1389 Dynastiae
1661 1331 1926 1384 steterunt,

84 1393 288 1441 nonnisi
318 1394 472 1447 5140.
503 1394 723 1456 colligas.

226 1465 337 1526 Pag-
375 1465 462 1517 53.
506 1468 611 1514 Τοῦ
636 1465 722 1516 καὶ
747 1465 1018 1531 Μηναῖος.]
1057 1462 1270 1531 Μήνεος
1293 1464 1557 1530 legendum
1579 1469 1716 1513 recta
1744 1479 1925 1513 vocum

89 1534 394 1581 constructio
431 1535 674 1599 declarat,
726 1544 773 1584 et
814 1536 1039 1585 Africani
1074 1537 1370 1600 Eusebiique
1409 1535 1782 1591 testimonium,
1823 1551 1923 1598 quo

88 1600 282 1669 Μήνης
313 1622 404 1653 rex
429 1606 528 1652 Aeo
500 1606 640 1671 gypti
675 1607 869 1671 piimus
906 1607 1165 1655 asseritur:
1203 1607 1400 1655 Author
1431 1607 1539 1671 ipse
1566 1606 1776 1654 inferius
1814 1604 1926 1670 ἐβα-

89 1676 330 1734 σίλευσεν,
368 1675 551 1739 inquit,
591 1696 788 1742 πρωτος
807 1677 1093 1743 Μεστραὶμ,
1128 1675 1186 1737 ὃς
1210 1677 1295 1728 καὶ
1322 1673 1529 1742 Μήνης.
1568 1679 1734 1741 Μῆνα
1755 1683 1924 1722 tamen

87 1745 261 1794 scribit
284 1745 564 1794 Herodotus
590 1752 644 1794 in
679 1748 896 1812 Euterpe
921 1764 1028 1813 cap.
1057 1753 1140 1802 99.
1177 1745 1260 1799 τὸν
1288 1751 1451 1812 Μῆνα
1474 1766 1675 1814 πρωτον
1700 1740 1925 1811 βασιλεύ-

91 1831 246 1866 σαντα
272 1811 534 1883 Αἰγύπτου
559 1818 612 1868 οἷ
637 1817 788 1887 ἱερέες
812 1818 994 1888 ἔλεγον.
1045 1821 1240 1868 Menem
1261 1820 1492 1884 primum
1515 1817 1737 1883 Aegypti
1762 1833 1939 1884 regem*

90 1885 322 1934 dicebant
350 1886 655 1939 Sacerdotes.

234 1954 398 2008 Φαλὲκ
422 1961 515 2023 τῆς
541 1960 670 2026 ζωῆς
701 1978 770 2024 ην
792 1954 864 2024 ε’.]
902 1959 1100 2024 Duplici
1135 1959 1357 2022 calculo,
1396 1959 1533 2024 quod
1561 1957 1816 2023 sequentia
1837 1956 1928 2005 de-

90 2027 353 2076 clarabunt
389 2029 615 2091 uberius,
661 2030 826 2078 utitur
859 2030 1082 2094 Author,
1127 2048 1230 2079 uno
1272 2031 1507 2080 videlicet
1545 2031 1758 2078 alterum
1797 2045 1927 2075 anno

90 2106 432 2148 antevertente
449 2139 463 2161 ,
502 2117 599 2164 quo
624 2100 684 2148 fit
707 2109 765 2149 ut
791 2110 1163 2166 praeponantur
1191 2102 1274 2151 vel
1297 2102 1684 2149 submoveantur
1714 2106 1929 2147 aetatum

91 2169 306 2221 numeri.
378 2170 478 2217 Ubi
503 2171 734 2234 quintum
759 2171 940 2220 Phalec
975 2190 1158 2221 annum
1183 2173 1246 2220 ad
1280 2173 1540 2220 nationum
1567 2170 1928 2235 dispersionem

92 2239 309 2303 colligit,
347 2257 459 2288 eum
486 2241 573 2303 qui
607 2243 864 2305 praevenit
889 2243 1136 2290 calculum
1163 2250 1403 2307 usurpat,
1442 2242 1528 2306 qui
1553 2258 1732 2305 nempe
1755 2239 1932 2288 mundi

91 2311 246 2365 2242.
272 2317 446 2358 natum
476 2310 750 2375 Arphaxad
778 2312 976 2360 statuit:
1019 2321 1070 2361 at
1096 2314 1136 2360 si
1162 2314 1318 2366 2243.
1355 2313 1486 2361 vitae
1512 2311 1806 2376 participem
1831 2310 1927 2357 Ar-
1955 2316 2008 2360 P.
2041 2319 2095 2362 18

91 2380 296 2447 phaxad
328 2382 514 2428 factum
541 2382 799 2443 statueris,
839 2383 1065 2431 nationes
1094 2383 1339 2448 dispersas
1364 2383 1544 2431 Phalec
1568 2399 1697 2430 anno
1732 2388 1929 2445 quarto,

92 2459 249 2517 prout
292 2459 460 2500 textus
504 2452 657 2516 exigit
706 2452 1019 2517 emendatus,
1074 2453 1305 2518 reperies.
1378 2452 1663 2501 Secundum
1696 2451 1931 2517 <priorem

92 2538 268 2571 rursus
294 2523 456 2570 Heber
480 2539 610 2570 anno
644 2526 801 2576 2637.
830 2531 978 2571 natus
1015 2524 1187 2572 aetatis
1218 2523 1334 2577 134.
1361 2541 1535 2587 agens,
1570 2522 1746 2571 mundi
1776 2526 1929 2576 2771.

93 2599 295 2656 generat
324 2592 535 2656 Phalec,
575 2593 717 2641 cuius
744 2610 874 2642 anno
903 2602 1081 2659 quarto
1108 2594 1281 2643 mundi
1312 2595 1468 2648 2775.
1501 2594 1704 2642 confusa
1728 2593 1931 2673 lingua-

92 2679 208 2713 rum
233 2663 496 2711 idiomata:
535 2681 598 2711 ex
621 2681 719 2728 quo
749 2664 892 2712 iuxta
924 2664 1204 2728 linguarum
1226 2664 1514 2713 discrimina
1537 2681 1700 2726 anno,
1739 2664 1824 2728 qui
1851 2680 1927 2711 se-

95 2740 286 2799 quutus
322 2741 424 2797 est,
461 2733 645 2783 Phalec
668 2734 875 2799 quinto,
913 2735 1077 2784 Heber
1108 2739 1227 2789 189.
1245 2733 1361 2820 (ita
1390 2752 1604 2800 namque
1626 2734 1778 2784 verba
1805 2733 1929 2782 haec

94 2807 190 2859 τοῦ
218 2802 292 2855 δὲ
290 2801 430 2872 Ἐβερ
465 2809 557 2856 τοῦ
571 2803 753 2870 πατρὸς
775 2803 981 2856 Φαλὲκ”
953 2825 1059 2866 ετος
1083 2805 1168 2856 καὶ
1192 2799 1351 2856 αὐτοῦ
1371 2810 1462 2870 τῆς
1480 2809 1610 2872 ζωῆς
1633 2800 1758 2872 Qie'.
1787 2822 1927 2852 com—

95 2874 350 2945 ponenda)
385 2876 561 2924 mundi
596 2881 749 2931 2776.
786 2877 965 2925 divisas
999 2895 1091 2943 per
1117 2877 1282 2925 orbem
1311 2877 1522 2925 familias
1544 2877 1688 2942 ponit
1712 2875 1796 2923 1110
1821 2875 1923 2923 Α11-
1954 2876 2007 2918 V·
2031 2877 2086 2921 17

97 2945 245 3007 thor,
285 2946 402 3011 qui,
444 2946 754 3011 castigatime
800 2948 992 2996 calculo
1029 2964 1388 3011 nonnunquam
1433 2948 1720 3009 observato,
1766 2945 1930 2994 Ηο1101

98 3017 315 3068 natalem
354 3018 484 3065 diem
508 3018 684 3066 mundi
715 3021 867 3071 2638.
903 3019 998 3066 filii
1032 3018 1210 3067 Phalec
1244 3026 1359 3083 post
1395 3019 1512 3071 134.
1556 3035 1712 3065 annos
1751 3016 1928 3064 mundi

99 3091 256 3140 2772.
285 3088 515 3150 ascribit,
554 3096 603 3136 et
625 3088 806 3136 Phalec
829 3089 1043 3153 denique
1067 3098 1273 3153 quart0,
1310 3089 1487 3137 mundi
1511 3092 1667 3142 2776.
1699 3088 1927 3135 confusas

99 3156 295 3219 linguas
327 3174 385 3205 30
418 3159 568 3206 31111111
593 3159 835 3223 dispersas
855 3160 1080 3207 nationes
1104 3167 1330 3208 testatur.
1401 3159 1651 3220 Priorem,
1690 3166 1747 3205 ut
1776 3173 1926 3220 prae-

99 3227 353 3289 misimus,
391 3229 638 3276 calculum
665 3230 769 3277 eius
803 3229 887 3277 hic
916 3231 1065 3279 verba
1089 3230 1392 3296 respiciunt,
1426 3247 1517 3278 nos
1540 3195 1727 3295 paiiter
1756 3227 1818 3273 ad
1856 3225 1925 3272 il-

101 3299 207 3347 lum
234 3297 446 3345 Librarii
467 3300 676 3364 lapsus
662 3317 716 3346 m
735 3307 880 3348 textu
900 3301 1159 3380 erigimus,
1200 3301 1287 3366 qui
1312 3300 1471 3349 alias
1445 3317 1615 3369 ipsam
1645 3298 1925 3360 linguarum

107 3368 452 3416 confusionem
461 3370 774 3454 ‘perturbatis
801 3371 1018 3419 numeris
1025 3380 1256 3456 superat.

250 3441 353 3488 Τοῦ
382 3435 436 3487 δὲ
461 3435 616 3505 ’Έβερ
651 3444 740 3503 τῆς
779 3442 905 3505 ζωῆς
935 3437 1038 3508 ρλη’
1040 3441 1072 3506 .]
1124 3440 1524 3491 Patriarcharum
1553 3444 1730 3485 aetates
1766 3435 1926 3484 dime-

102 3508 232 3558 tiens
266 3507 412 3558 binus
451 3509 587 3575 apud
607 3509 878 3560 Authorem
910 3519 1199 3578 computus,
1238 3511 1396 3561 maior
1427 3517 1477 3557 et
1511 3507 1734 3570 brevior,
1772 3506 1926 3556 eidem
