2222 3938
612 206 713 261 ET
748 206 1339 264 ANNOTATIONES.
1768 197 1893 257 337

71 339 312 406 Synodis,
346 352 443 385 nec
465 347 566 385 non
598 353 660 385 ex
681 354 780 385 usu
813 337 1070 388 immutato
1100 339 1191 388 sub
1220 338 1396 387 Carolo
1421 335 1510 384 IX.
1546 351 1677 386 anno
1713 338 1891 388 denum

72 411 224 464 1567.
247 411 333 473 qui
359 408 552 473 primus
574 408 707 473 apud
729 425 820 456 nos
835 426 862 456 a
880 410 1267 458 Circumcisione
1288 407 1511 468 Domini,
1547 424 1634 456 seu
1655 410 1891 458 Kalendis

67 479 287 527 Ianuarii
307 478 521 544 incepit:
560 486 703 527 antea
739 479 871 527 enim
909 488 1077 528 sancta
1110 479 1504 529 Resurrectionis
1541 477 1674 540 dies,
1713 481 1892 529 natalis

65 556 174 598 erat
191 549 312 596 anni
335 550 513 599 nostri.
587 549 747 609 Quam
771 550 970 614 quidem
987 551 1115 600 diem
1137 569 1164 598 a
1188 551 1390 616 Synodo
1406 549 1635 612 Nicaena,
1660 566 1721 598 ex
1740 569 1892 616 prae-

64 619 267 685 scriptis
288 619 396 667 illio
419 619 622 683 regulis,
656 619 1039 678 observavimus.
1099 622 1242 670 Prius
1273 629 1436 669 autem
1465 636 1772 686 quacumque
1797 622 1894 684 die,

63 706 172 741 vm.
194 691 304 738 Kal.
319 690 476 754 April.
497 690 686 752 suisset,
714 690 902 739 Pascha
928 709 1122 758 semper
1137 692 1450 740 celebrabant
1474 697 1719 740 nostrates
1738 693 1896 740 Galli:

66 761 301 824 quoniam
330 760 514 808 Christi
536 762 850 809 Resurrectio
880 779 933 810 ea
960 763 1039 810 die
1062 762 1214 809 fuisse
1240 762 1544 823 tradebatur,
1575 779 1748 827 nempe
1773 779 1897 811 xxv.

63 830 245 878 Martii.
306 831 361 878 Id
389 831 562 879 docuit
589 831 743 896 Epist.
767 832 1016 897 Synodica
1044 832 1272 896 Teophili
1296 832 1639 888 Caesariensis,
1668 833 1898 881 Doctoris

63 900 287 964 antiqui,
313 908 363 948 et
387 901 545 950 vicini
560 902 964 966 Apostolicorum
986 910 1283 967 temporum,
1313 902 1523 950 authore
1536 903 1665 950 Beda
1684 920 1789 968 cap.
1810 905 1894 957 47.

64 971 127 1019 de
141 972 251 1021 Nat.
278 988 374 1020 rer.
403 973 542 1020 cuius
576 974 734 1037 Epist.
765 974 916 1021 verba
938 972 1060 1020 haec
1085 990 1187 1020 esse
1214 974 1459 1021 feruntur.
1536 973 1718 1020 Omnes·
1747 975 1894 1022 Galli
1922 973 1974 1016 V·
2001 975 2032 1018 2

63 1059 222 1089 unum
248 1040 381 1088 diem
405 1045 825 1105 anniversarium,
866 1060 999 1094 VIII.
1030 1046 1146 1092 Kal.
1171 1042 1300 1108 Apr.
1319 1062 1417 1108 pro
1445 1043 1700 1090 Paschate
1722 1053 1899 1102 tenent,

63 1111 310 1159 dicentes:
353 1112 501 1176 Quid
520 1115 662 1161 nobis
683 1124 754 1161 est
777 1113 852 1160 ad
873 1117 1053 1162 Lunae
1077 1124 1371 1179 computum
1396 1132 1482 1161 um
1509 1112 1717 1160 Iudaeis
1730 1117 1902 1176 facere

62 1182 272 1230 Pascha
288 1183 312 1229 ?
358 1186 430 1231 Et
460 1201 573 1231 cum
598 1187 818 1232 Domini
844 1186 1068 1232 natalem
1096 1203 1411 1250 quocumque
1440 1183 1522 1230 die
1549 1187 1738 1231 venerit
1764 1201 1900 1234 VIII.

66 1255 183 1302 Kal.
222 1253 438 1303 Ianuar.
474 1257 551 1301 ita
587 1273 718 1304 VIII.
756 1257 872 1304 Kal.
905 1256 1077 1320 April.
1118 1254 1322 1320 quando
1362 1274 1421 1302 ea
1458 1254 1540 1301 die
1578 1256 1900 1302 Resurrectio

12 1358 14 1360 v
70 1324 265 1372 Christi
287 1326 464 1387 fuisse
484 1325 714 1374 traditur
739 1326 968 1373 debemus
993 1327 1201 1374 Pascha
1222 1336 1394 1376 tenere.
1469 1327 1724 1373 Caeterum
1749 1334 1798 1374 et
1820 1343 1898 1373 ea-

65 1394 178 1442 dem
211 1394 290 1442 die
315 1412 440 1444 xxv.
468 1397 657 1459 Martii,
695 1398 916 1462 feriaque
944 1397 1130 1462 prima,
1167 1398 1383 1445 mundus
1421 1395 1578 1444 creari
1614 1396 1806 1461 coepit,
1845 1404 1901 1443 ut

5 1490 10 1495 ·
62 1463 314 1513 Victorius
339 1474 388 1513 et
414 1467 499 1514 alii
529 1468 802 1529 tradidere,
843 1476 891 1515 et
924 1468 1208 1516 Incarnatio
1239 1466 1423 1515 Christi
1461 1464 1684 1527 contigit.
1756 1466 1902 1514 Atte-

63 1543 225 1583 statur
239 1536 486 1584 Aubertus
508 1537 740 1602 Myraeus
764 1538 816 1584 in
841 1538 1024 1585 Chron.
1050 1540 1255 1602 praefat.
1281 1538 1534 1599 Brabanti,
1572 1536 1777 1585 Flandri
1803 1538 1899 1583 Ca·-

61 1622 368 1655 meracenses
396 1607 459 1655 ad
483 1625 668 1656 annum
689 1625 846 1672 usque
865 1609 1016 1662 1577.
1043 1625 1183 1657 more
1195 1609 1446 1656 Ecclesiae
1470 1606 1753 1654 Gallicanae
1781 1625 1897 1670 epo-

63 1675 208 1723 cham
249 1676 304 1724 in
339 1677 574 1726 Paschate
621 1680 957 1727 collocarunt:
1021 1696 1146 1743 quae
1197 1678 1523 1744 computandi
1554 1677 1686 1724 ratio
1726 1677 1898 1739 diplo-

61 1755 191 1795 mate
224 1747 365 1828 regio.
383 1755 507 1796 tunc
535 1750 793 1815 antiquata
821 1757 921 1806 est,
960 1749 1371 1814 commodiorque
1405 1749 1611 1797 inducta
1636 1765 1664 1794 a
1687 1748 1900 1802 Kalend.

62 1817 256 1867 Ianuar.
286 1818 539 1884 principio
566 1819 862 1869 numerandi
889 1821 1037 1868 facto.

209 1905 508 1963 Κανονικως
543 1924 620 1966 τε,
658 1904 743 1955 καὶ
769 1903 1106 1972 ἐξηγητικῶς.]
1146 1905 1200 1953 Ic]
1234 1912 1307 1953 est
1343 1903 1700 1966 Chronologica
1735 1911 1783 1951 et
1801 1902 1900 1951 Hi-

63 1971 248 2020 storica
275 1971 526 2025 methodo.
599 1977 786 2024 Rerum
815 1977 943 2024 enim
972 1983 1218 2040 gestarum
1254 1977 1519 2042 pleraeque
1543 1975 1778 2036 leguntur
1813 1973 1900 2022 hic

63 2043 401 2092 narrationes.
440 2053 488 2092 et
516 2063 594 2095 res
630 2048 828 2094 eaedem
865 2065 923 2094 ac
957 2063 1226 2112 personae,
1277 2047 1339 2095 de
1370 2047 1549 2111 quibus
1573 2044 1898 2107 namationes,

63 2112 129 2160 ad
153 2129 240 2160 sua
268 2121 494 2178 tempora
517 2125 893 2183 temporumque
916 2125 1081 2182 partes
1115 2118 1401 2164 amandatae
1427 2133 1484 2163 ac
1509 2115 1751 2179 repositae
1776 2132 1900 2163 con-

63 2182 362 2247 spiciuntur.
417 2187 602 2234 Seriem
628 2197 672 2234 et
696 2188 851 2253 diagt
854 2206 1025 2235 amma
1051 2197 1330 2268 temporum
1348 2187 1526 2234 Graeci
1544 2180 1785 2236 κανόνιον
1808 2203 1900 2233 vo-

68 2260 212 2315 cant,
251 2261 300 2300 et
327 2254 552 2318 διατάξαι
579 2277 882 2318 κανονικως,
921 2257 994 2304 ad
1015 2261 1288 2321 proprium
1323 2259 1560 2321 temporis
1589 2254 1814 2302 ordinem
1851 2263 1898 2301 et

64 2325 222 2371 situm
247 2326 492 2375 remittere
523 2328 725 2393 scripsit
748 2327 944 2376 Author
973 2328 1228 2390 GeorgiuS.

203 2425 351 2494 Ὁπὲρ
387 2432 493 2487 τοῖς
521 2430 726 2487 πολλοῖς
753 2430 854 2477 τῶν
884 2427 1150 2491 ἱστορικῶν
1184 2420 1247 2476 οὖ
1282 2418 1713 2488 συμπεφώνηται.]
1752 2421 1898 2471 Vete-

63 2515 142 2546 res
165 2498 278 2546 illos
299 2498 538 2547 'authores
567 2498 820 2548 recensuit
846 2496 1076 2546 Petavius
1101 2496 1189 2545 lib.
1225 2499 1306 2549 12.
1334 2494 1396 2543 de
1428 2494 1559 2544 doct.
1585 2495 1756 2559 Temp.
1786 2511 1896 2560 cap.

64 2573 117 2622 9.
144 2577 192 2617 et
217 2586 354 2634 seqq.

213 2657 289 2723 Τῇ
312 2649 481 2722 πρώτῃ
506 2655 601 2703 τοῦ
628 2647 823 2714 Νισαν,
860 2648 943 2702 κε’.
968 2647 1117 2738 παροὲ
1142 2648 1397 2716 Ῥωμαίοις
1422 2645 1699 2736 Μαρτίου]
1740 2650 1900 2697 Geor-

67 2722 175 2787 gius
189 2705 357 2771 i·1‘1sra
398 2740 507 2788 pag.
551 2724 672 2776 315
714 2720 815 2788 μήν
859 2717 982 2787 παρ’
1026 2721 1274 2788 Ἑβοαίοις
1316 2716 1484 2771 Νισοῖν
1529 2717 1900 2803 πρωτὸκτιστος,

66 2813 265 2860 πρωτος
290 2791 431 2861 ἄγω-ν
456 2792 665 2879 ημέρας,
703 2790 815 2858 ἥτις
839 2790 964 2844 κατοῖ
1001 2791 1090 2858 μὲν
1114 2791 1384 2857 Ῥωμαίους
1419 2794 1483 2860 τῇ
1506 2785 1589 2839 κε’.
1619 2792 1713 2840 τοῦ
1741 2794 1899 2856 Μαρ-

8 2911 17 2921 ,
67 2865 176 2914 τίου
216 2865 482 2929 συμπίπτει
508 2859 586 2914 cisi
623 2859 797 2929 μηνός.
868 2866 1060 2912 Mensis
1094 2864 1263 2910 IVisan
1301 2869 1502 2908 creatur
1533 2862 1759 2907 omnium
1786 2863 1898 2923 pri-

70 2951 200 2996 mus,
219 2933 449 3000 diemque
467 2933 610 2981 ducit
618 2953 841 2999 primus,
866 2937 956 3001 qui
974 2937 1027 2981 in
1047 2936 1232 2981 Marta·
1250 2934 1435 2979 mensis
1449 2933 1700 2978 Romanis
1716 2932 1900 2977 usitati

30 3014 33 3016 ’
71 3006 301 3068 quintum
345 3015 390 3051 et
427 3007 720 3054 vicesimum
755 3024 944 3070 semper
985 3006 1218 3052 incurrit.
1303 3002 1449 3063 Quod
1487 3002 1556 3048 ita
1591 3001 1896 3066 principium
1927 3037 1931 3043 .

74 3074 191 3120 anni
229 3076 288 3122 ad
319 3075 486 3123 Martii
529 3075 612 3128 25.
655 3076 824 3140 alligat
861 3076 1126 3140 Georgius,
1181 3082 1229 3121 et
1255 3073 1314 3121 ab
1351 3090 1407 3121 eo
1445 3089 1639 3135 semper
1675 3071 1897 3135 incipere

73 3143 272 3206 definit,
334 3144 608 3210 imperitiae
656 3153 757 3209 est,
813 3148 883 3195 ait
923 3146 1154 3195 Petavius
1198 3144 1284 3193 lib.
1338 3148 1386 3196 9.
1428 3142 1488 3190 (le
1534 3143 1676 3189 Doet.
1725 3142 1894 3203 Temp.

75 3230 178 3277 caq.
207 3217 255 3266 3.
277 3230 435 3278 neque
459 3216 586 3263 enim
607 3216 759 3264 Nisan
784 3217 863 3266 die
888 3222 934 3271 1.
961 3216 1188 3264 Christus
1211 3213 1504 3274 resurrexit,
1543 3213 1629 3260 sed
1653 3213 1788 3258 Luna
1816 3215 1895 3261 17.

73 3285 182 3335 Nec,
204 3284 389 3331 Iudaici
412 3285 564 3333 Nisan
592 3294 741 3351 caput
764 3304 868 3337 esse
900 3288 1090 3350 fixum,
1129 3294 1180 3334 et
1211 3286 1265 3333 in
1299 3283 1465 3332 Martii
1489 3283 1573 3337 25.
1600 3298 1792 3345 semper
1820 3279 1896 3325 in·

76 3355 240 3402 cidere
262 3371 570 3419 nequaquam
594 3364 774 3421 potest.

218 3435 426 3507 Θανατῳ
462 3434 692 3490 θάνατον
727 3437 967 3504 πατήσας.
981 3443 998 3500 ]
1050 3439 1241 3488 Allusio
1281 3438 1344 3486 ad
1386 3436 1513 3484 illud
1549 3432 1899 3481 Pentecostarii

79 3509 296 3557 G1aeco1
301 3526 381 3556 um
414 3509 623 3556 solemni
654 3510 904 3558 Paschatis
929 3509 1039 3566 die,
1078 3518 1127 3558 et
1158 3508 1429 3557 Dominicis
1452 3522 1543 3570 per
1568 3501 1784 3551 Orientis
1809 3503 1898 3549 Ec-

194 3590 701 3649 Georg.Synccllu8.1L
1484 3579 1553 3627 22
