2222 3938
335 159 465 220 530
951 117 1531 228 EMENDATIONES

333 316 452 350 nere
467 298 712 349 studeant.
751 299 875 348 Nam
896 306 1087 348 veteres
1109 314 1470 363 nonnunquam
1493 291 1596 349 οἶπο
1617 300 1709 364 τῆς
1732 317 1893 365 μαχης
1915 297 1968 351 ἕν
1991 295 2167 371 Ἀκτίῳ

332 379 556 437 tempora
593 378 910 435 computant,
946 370 1002 418 id
1035 377 1136 432 est,
1175 369 1235 416 ab
1274 369 1384 434 ipso
1425 385 1590 431 anno,
1628 386 1725 434 quo
1758 370 1824 417 ad
1862 371 2062 420 Actium
2084 389 2167 421 su-

332 451 530 509 peratus
561 450 633 490 est
658 441 922 488 Antonius.
993 439 1095 487 Alii
1120 457 1239 488 vero
1274 439 1503 488 Actiacos
1531 404 1687 487 alinos
1716 447 1766 488 et
1796 439 2070 504 Augusteos
2106 442 2166 490 ab

330 512 828 576 Augustipostrema
868 511 1081 559 victoria
1102 546 1115 568 ‚
1151 518 1200 558 et
1231 509 1440 557 Antonii
1475 526 1596 557 nece
1629 510 1890 575 colligunt.
1961 511 2080 560 Ita
2065 512 2168 576 ipsi

331 581 660 632 Alexandrini
688 598 751 629 ex
782 581 979 645 Georgii
1007 582 1183 629 relatu.
1259 579 1461 628 Collatis
1495 597 1646 644 porro
1683 582 1746 628 ad
1783 597 1969 629 annum
2011 583 2165 636 5458.

332 651 544 716 Augusti
580 651 897 716 primordiis,
935 659 983 700 et
1020 669 1081 699 ex
1115 651 1381 711 Africano,
1433 650 1496 697 ad
1537 668 1720 699 annum
1760 652 1916 705 5472.
1957 652 2167 700 Antonii

331 740 478 784 nece,
516 722 850 785 Augustorum
873 739 984 770 aera
1008 722 1062 770 in
1088 722 1300 786 Augusti
1326 722 1404 774 15.
1436 721 1570 785 quod
1597 721 1779 789 repetit
1805 722 2046 786 Georgius
2069 741 2164 789 pa-

330 793 446 857 gina
469 809 566 856 seq.
590 793 783 840 incidat
797 810 995 841 necesse
1015 801 1114 841 est:
1143 793 1197 839 in
1222 801 1455 856 quartum
1480 808 1595 840 vero
1618 792 1865 840 decimum
1883 793 1924 841 si
1951 793 2010 841 ab
2033 811 2163 842 anno

331 864 487 917 5459.
516 858 728 927 Augusti
748 881 992 912 annorum
1010 863 1315 928 principium
1339 862 1426 909 fiat
1453 878 1516 908 ex
1543 862 1789 910 annotatis
1815 863 1880 910 ad
1906 880 2019 928 pag.
2040 867 2163 919 305.

481 936 585 984 Τοῦ
607 931 662 983 δὲ
685 928 878 1000 κόσμου
902 930 1088 1003 levigas]
1126 934 1298 981 Annus
1328 951 1355 980 a
1379 932 1558 979 mundi
1589 933 1795 981 conditu
1817 934 1972 988 5469.
2011 951 2164 999 regno

332 1003 392 1052 ab
417 1003 614 1052 Herode
643 1013 886 1069 occupato
911 1004 1253 1068 consignatus,
1290 1020 1353 1051 ne
1377 1003 1638 1066 Hyrcanas
1659 1010 1875 1068 quatuor
1899 1021 2050 1069 supra
2073 1005 2163 1056 tri-

326 1074 502 1139 gintaa
517 1075 855 1129 mundi5436.
870 1091 1073 1141 regnare
1088 1091 1291 1122 exorsus
1309 1073 1402 1122 sibi
1422 1073 1668 1134 vendicet,
1691 1073 2042 1138 impedimento
2067 1083 2161 1124 est:

330 1162 491 1194 annus
517 1147 685 1210 itaque
704 1162 835 1193 unus
846 1163 968 1226 pag.
993 1144 1112 1199 305
1148 1152 1197 1192 et
1227 1147 1347 1197 309.
1382 1143 1440 1191 A.
1478 1152 1689 1192 assertus
1722 1144 1955 1208 Hyrcano
1991 1146 2164 1194 detra-

328 1214 555 1278 handus,
601 1217 683 1264 vel
718 1217 860 1281 regni
894 1216 999 1265 eius
1036 1214 1312 1279 primordia
1356 1214 1412 1261 in
1446 1231 1633 1262 annum
1669 1214 1964 1264 anteriorem
2004 1217 2164 1266 attol-

327 1286 504 1334 lenda.
543 1286 680 1350 quod
707 1253 802 1335 ado
798 1303 911 1352 pag.
948 1286 1068 1339 305
1089 1286 1497 1334 demonstratum.

466 1351 711 1423 Ἀρχιερέα
743 1353 1190 1423 μεταστειλάμενος.
1206 1355 1226 1420 ]
1271 1355 1440 1420 Spatio
1476 1354 1721 1402 linearum
1759 1353 1916 1402 trium
1943 1355 2049 1403 solo
2084 1375 2161 1420 το,

328 1421 582 1494 αρχιερέα,
634 1435 712 1476 ter
743 1427 1036 1493 repetitum,
1078 1434 1128 1474 et
1161 1427 1214 1474 in
1245 1426 1379 1474 MSS.
1415 1425 1575 1473 tribus
1613 1431 1867 1490 repertum
1905 1425 2160 1492 displicet.

328 1496 464 1563 ἱερέα
486 1498 647 1561 primo
671 1498 785 1546 loco
812 1499 946 1561 leger
950 1514 1023 1544 em
1049 1498 1104 1544 ni
1126 1498 1226 1546 MS.
1248 1502 1482 1544 avocaret
1503 1495 1797 1545 authoritas.¹

470 1569 581 1631 Pag-
618 1571 741 1622 312.
776 1563 1051 1648 Ἀρχομένῳ
1075 1570 1146 1635 τῷ
1162 1586 1273 1636 εφα
1274 1562 1330 1632 '.]
1366 1566 1514 1614 Anno
1541 1566 1804 1631 quinquies
1828 1565 2088 1615 millesimo
2110 1574 2160 1616 et

329 1637 723 1702 quingentesimo
779 1639 894 1687 Chi
884 1647 1031 1686 istum
1071 1638 1335 1686 Dominum
1369 1636 1636 1685 humanam
1683 1636 1908 1685 induisse
1956 1656 2040 1686 car
2043 1655 2157 1686 nem

329 1708 534 1772 scripsit
582 1708 778 1756 Author
819 1710 912 1757 sub
960 1709 1123 1773 operis
1162 1708 1394 1770 initium,
1444 1716 1492 1756 et
1528 1708 1582 1755 in
1619 1707 1935 1771 sequentibus
1971 1726 2158 1757 annum

329 1777 514 1826 Christi
535 1778 754 1844 primum
778 1780 842 1827 ad
863 1779 1037 1826 mundi
1071 1780 1224 1832 5501.
1252 1779 1450 1842 alligat,
1489 1786 1538 1825 et
1576 1777 1757 1825 Christi
1783 1779 1971 1844 pariter
2003 1780 2158 1828 trice-

326 1847 508 1896 simum
530 1849 708 1896 mundi
733 1849 887 1903 5530.
913 1857 1188 1914 nuncupat.
1260 1849 1358 1896 Hie
1390 1847 1614 1914 corporis
1647 1847 1852 1896 humani
1879 1849 2157 1915 susceptio-

325 1935 440 1966 nem
455 1956 469 1981 ,
508 1936 632 1984 quae
655 1919 862 1967 Maximi
883 1919 936 1966 in
960 1921 1205 1984 Computo
1229 1919 1418 1969 EccleS.
1444 1937 1552 1984 cap.
1576 1921 1663 1972 32.
1687 1919 1929 1967 sententia
1958 1928 2058 1982 est,
2100 1920 2156 1967 in

325 2005 514 2037 annum
535 1990 856 2054 posteriorem
886 1991 1173 2051 submovet,
1212 1997 1261 2037 01
1298 1988 1482 2037 Christi
1509 1988 1702 2036 Domini
1729 1997 1936 2038 aetatem
1971 1990 2031 2038 ab
2055 1990 2155 2038 im—

324 2061 597 2107 maculatae
627 2060 790 2108 carnis
814 2060 916 2108 eius
943 2067 1215 2125 conceptu,
1253 2068 1302 2108 et
1324 2060 1484 2124 prima
1513 2060 1568 2106 in
1598 2058 1807 2123 virginis
1841 2068 1985 2109 utero
2018 2061 2154 2110 nati-

325 2129 479 2177 vitate
508 2138 702 2178 censeat
725 2131 1102 2180 numerandam.
1140 2132 1210 2178 De
1238 2131 1494 2178 Dominico
1519 2130 1881 2178 Incarnationis
1907 2132 1986 2180 die
2010 2132 2155 2180 iuxta

323 2199 626 2250 Graecorum
646 2200 966 2249 traditionem
990 2201 1206 2266 plurima
1232 2200 1518 2248 Chronicon
1543 2200 1787 2249 Alexand.

460 2266 740 2337 ’Emeda-6&
761 2268 887 2322 κατοέ
913 2269 967 2322 τὸ
997 2268 1159 2340 ,0υοβῖ
1184 2270 1336 2336 ἓ’τος.]
1378 2273 1609 2319 Praesens
1637 2271 1779 2318 locus
1804 2271 1968 2321 verbis
1994 2272 2156 2322 ambi-

322 2341 430 2406 guis
462 2349 695 2390 constans
737 2358 849 2389 eum
885 2341 1034 2390 habet
1066 2359 1291 2401 sensum,
1327 2349 1386 2390 ut
1421 2341 1562 2390 neXis
1606 2341 1670 2389 ad
1706 2342 1921 2391 invicem
1958 2344 2155 2409 periodi

322 2411 564 2477 partibus,
587 2429 746 2460 annus
766 2413 940 2461 mundi
965 2413 1117 2467 5472.
1141 2430 1253 2460 cum
1281 2411 1494 2476 Augusti
1515 2411 1690 2477 quinto
1714 2429 1864 2479 supra
1889 2414 2156 2476 decimum,

324 2490 375 2530 et
407 2499 504 2531 una
533 2499 644 2531 cum
674 2491 845 2547 captae
875 2483 1205 2531 Alexandriae
1228 2501 1358 2531 anno
1388 2488 1438 2537 6.
1470 2483 1750 2548 copuletur,
1790 2501 1886 2548 quo
1910 2493 2151 2550 tempore,

323 2553 407 2600 vel
426 2570 583 2601 annus
594 2554 885 2615 Bissextilis‚
908 2554 988 2602 vel
1003 2554 1281 2602 Bissextilis
1303 2553 1400 2602 diei
1412 2554 1686 2601 emendatio
1700 2555 1752 2601 in
1765 2553 2043 2621 Aegyptum
2055 2556 2152 2604 fuit

322 2621 552 2671 inducta:
594 2641 719 2688 quae
740 2625 891 2672 tacita
920 2631 992 2672 est
1012 2624 1250 2673 Authoris
1286 2624 1554 2684 sententia,
1593 2625 1681 2672 ubi
1721 2642 1749 2671 a
1781 2627 1957 2673 mundi
1994 2626 2148 2680 5446.

324 2693 582 2756 assignatis
614 2695 902 2760 Cleopatrae
931 2711 1083 2758 regno
1123 2695 1209 2749 22.
1250 2695 1420 2757 annis,
1461 2712 1568 2743 eam
1599 2695 1703 2744 vita
1738 2702 1786 2743 et
1812 2713 1963 2759 regno
1992 2697 2147 2750 5467.

324 2763 526 2810 cessisse
549 2764 612 2811 ad
636 2781 746 2829 pag.
772 2768 890 2819 303.
914 2765 972 2813 A.
1002 2766 1472 2827 demonstravimus,
1512 2783 1575 2813 ex
1601 2782 1698 2830 quo
1722 2774 1957 2828 sequutus
1992 2766 2147 2822 5472.

322 2841 497 2897 captae
522 2833 852 2883 Alexandriae
877 2843 1046 2884 sextus
1073 2837 1258 2900 absque
1281 2836 1576 2885 difficultate
1605 2835 1882 2898 colligitur:
1915 2837 2148 2902 idemque

324 2913 398 2951 est
421 2905 672 2952 Panodori
697 2922 885 2954 annum
907 2906 966 2954 ab
992 2907 1295 2955 Alexandria
1317 2907 1552 2954 Romanis
1575 2906 1791 2953 subiecta
1808 2915 2003 2956 sextum
2031 2925 2146 2958 cum

321 2974 502 3022 mundi
527 2975 679 3028 5472.
704 2977 1058 3040 componentiS‚
1099 2994 1268 3027 verum
1291 2977 1638 3025 Alexandriam
1661 2976 1835 3024 mundi
1857 2979 2010 3033 5466.
2036 2980 2143 3028 Au-

325 3044 458 3109 gusti
495 3047 579 3098 16.
618 3052 730 3092 ante
759 3046 938 3094 Christi
964 3048 1178 3096 natalem
1211 3065 1340 3095 anno
1370 3052 1453 3100 27.
1489 3054 1684 3111 captam
1729 3050 1990 3098 asserentis
2022 3050 2144 3114 opi-

323 3122 513 3164 natum.
583 3114 723 3163 Alter
742 3116 841 3163 loci
873 3133 1042 3165 sensus
1066 3125 1139 3166 est
1162 3134 1223 3165 ex
1252 3117 1502 3182 partibus,
1539 3118 1675 3181 quod
1706 3117 1845 3166 aiunt
1880 3120 2142 3169 Gramma-

320 3185 445 3248 tici,
482 3184 546 3232 ad
571 3184 788 3234 invicem
821 3186 1197 3236 adversantibus
1232 3187 1532 3252 compositus
1563 3189 1704 3236 iuxta
1732 3205 1875 3253 quem
1909 3207 1971 3239 ex
1999 3190 2142 3238 Afri-

325 3255 439 3304 cani
463 3262 627 3304 mente
650 3273 726 3304 an.
756 3254 910 3309 5472.
938 3263 986 3304 et
1008 3257 1215 3321 Augusti
1235 3258 1318 3310 15.
1345 3257 1646 3309 Alexandria
1666 3261 1756 3307 sub
1783 3259 1953 3324 iugum
1975 3261 2138 3322 missa,

322 3343 454 3374 anno
483 3326 693 3375 subinde
722 3333 864 3373 sexto
893 3336 1127 3391 sequente
1151 3327 1399 3376 bissextus
1424 3330 1527 3379 dies
1549 3330 1603 3378 in
1628 3331 1927 3396 Aegyptium
1954 3348 2140 3380 annum

325 3396 477 3446 fuerit
507 3412 570 3444 ex
593 3398 804 3445 aliorum
827 3397 1069 3446 sententia
1091 3398 1332 3448 invectus.
1888 3423 1891 3426 *

469 3470 551 3537 Τῷ
574 3462 646 3518 ιε’.
671 3470 763 3532 τῆς
786 3461 1083 3534 Αὐγούστου
1115 3468 1404 3535 fictori-cloes]
1453 3447 1941 3532 Quartumdecimum
1969 3469 2138 3537 posuit
