2222 3938
642 195 742 247 ET
778 191 1367 248 ANNoTATIONEs.
1805 154 1925 242 361

233 323 344 386 Pag.
383 325 468 376 33.
501 315 655 371 Ἐτῶν
682 317 871 390 ,εφςὸᾟ
944 322 1014 371 Ut
1048 323 1298 372 Panodori
1337 332 1466 371 anno
1493 339 1521 370 a
1556 319 1738 370 Christi
1763 321 1919 369 ineu—-

92 393 287 455 pabulis
315 393 434 446 411.
473 392 887 455 Chronologicum
923 411 1049 459 opus
1075 395 1236 442 moliti
1265 395 1434 459 lapsus
1472 400 1694 459 reparet,
1739 409 1795 439 ac
1817 409 1919 457 pe-

91 464 265 515 riculis
306 479 368 511 ex
408 462 511 510 eius
545 463 758 510 lectione
802 465 1160 528 emergentibus
1203 465 1394 513 obviam
1446 464 1519 512 ire
1552 463 1805 523 videatur,
1855 479 1918 509 ex

93 535 200 583 eius
225 550 376 599 opere
403 533 648 582 Chronico
671 534 821 581 verba
848 533 987 595 haec,
1026 544 1082 583 ut
1106 553 1275 583 sumus
1296 536 1521 601 praefati,
1545 532 1918 582 AuthorGeor-

87 604 202 669 gius
233 605 421 652 referre
462 611 758 668 perseverat.
831 605 894 652 Et
928 605 1092 653 Berosi
1130 607 1324 671 quidem
1353 605 1762 668 Manethonisque
1799 621 1919 652 sen-

90 674 326 731 tentiam,
363 672 512 721 huius
541 674 924 739 Aegyptiorum,
970 676 1106 723 illius
1151 677 1512 725 Chaldaeorum
1546 675 1782 741 imperia,
1830 692 1921 739 per

94 761 340 794 annorum
364 745 554 810 aliquot
575 745 823 810 myriadas
848 755 960 794 ante
984 747 1227 794 diluvium
1247 747 1586 808 statuentium,
1606 745 1786 811 quibus
1808 753 1920 810 pot-

89 822 167 864 est
204 823 580 881 oppugnaturus
620 816 899 864 rationibus
927 817 1175 865 Anianum
1211 819 1624 882 Panodorumque
1652 816 1920 864 Monachos

88 885 365 952 Aegyptios
376 922 392 946 ,
431 887 727 950 scriptorem
754 895 1016 950 utrumque
1041 888 1300 950 benignius
1336 889 1715 952 interpretatos,
1753 886 1923 934 tacitis

89 956 214 1005 licet
240 973 410 1004 eorum
432 957 715 1005 nominibus
752 958 946 1005 censuit
984 959 1330 1007 confutandos.
1401 958 1558 1006 Iidem
1601 974 1719 1005 vero
1747 957 1925 1005 Theo-

87 1024 237 1094 philo
264 1026 429 1074 sedem
455 1028 839 1076 Alexandrinam
867 1029 957 1076 sub
978 1024 1188 1076 Arcadio
1214 1029 1442 1094 principe
1468 1027 1774 1089 moderante,
1814 1045 1926 1075 cum

88 1098 146 1145 in
170 1099 392 1162 Aegypto
419 1096 663 1146 Chronica
687 1116 772 1146 sua
799 1099 1207 1164 conscripserint,
1247 1100 1424 1164 quibus
1447 1098 1682 1147 nonnihil
1707 1097 1927 1146 authori-

89 1168 209 1216 tatis
233 1168 548 1216 idololatriae
568 1171 650 1217 vel
675 1169 927 1217 haereseos
953 1170 1226 1218 cultoribus
1250 1172 1311 1218 ob
1330 1171 1497 1218 Berosi
1516 1168 1928 1232 Manethonisque

88 1246 303 1286 mentem
326 1239 524 1287 suavius
551 1240 825 1305 expositam
850 1249 1016 1288 censet
1035 1240 1229 1289 Author
1251 1241 1538 1289 accessisse:
1573 1238 1691 1287 hinc
1714 1240 1926 1287 idolola-

88 1309 216 1357 triae
230 1345 244 1371 ‚
283 1309 580 1358 Arianorum
595 1348 610 1372 ,
646 1310 1144 1375 manichaeorumque
1163 1312 1445 1360 haeresibus
1464 1310 1750 1359 refellendis
1771 1309 1925 1357 Chro-

87 1379 340 1443 nologiam
379 1381 522 1428 edere
548 1382 811 1429 meditatus
828 1419 841 1443 ,
890 1382 952 1429 ad
977 1382 1165 1430 laudati
1192 1382 1454 1446 Theophili
1482 1381 1834 1443 id-ololatarum
1874 1387 1923 1428 et

91 1451 393 1498 Arianorum
416 1451 689 1499 adversarii
720 1460 924 1499 aetatem
950 1453 1009 1499 ab
1038 1454 1155 1500 orbe
1182 1454 1385 1501 condito
1413 1453 1566 1506 5904.
1588 1468 1728 1499 secus
1757 1451 1920 1516 posito

88 1522 430 1587 praefatorum
466 1522 676 1587 Aegypti
721 1522 1076 1575 monachorum
1111 1524 1343 1584 invento,
1398 1540 1461 1570 ex
1494 1526 1715 1587 ipsorum
1754 1522 1921 1570 verbis

91 1592 378 1639 memoriam
403 1609 544 1654 agere
571 1610 670 1640 non
695 1600 912 1641 veretur.
970 1594 1171 1641 Floruit
1194 1595 1279 1657 ille
1303 1593 1605 1656 Theophilus
1643 1592 1734 1639 sub
1763 1592 1922 1639 Arca-

90 1662 190 1723 dio,
227 1669 276 1708 et
297 1662 484 1709 exactis
509 1662 561 1708 in
586 1663 884 1710 Pontificatu
907 1665 1048 1710 annis
1073 1667 1155 1717 28.
1179 1663 1356 1712 scribit
1383 1662 1724 1727 Theophanes,
1760 1661 1922 1709 Theo-

91 1732 220 1780 dosii
241 1732 448 1781 iunioris
474 1733 700 1798 septime,
725 1742 976 1798 reparatae
995 1735 1164 1781 salutis
1179 1735 1297 1787 407.
1323 1734 1451 1781 diem
1479 1742 1756 1781 extremum
1782 1732 1920 1781 obiit.

91 1804 200 1862 Qua
229 1820 381 1867 porro
418 1803 600 1868 pietate
636 1806 860 1869 turpium
899 1821 1159 1852 sacrorum
1201 1804 1501 1852 execrandos
1540 1804 1668 1852 ritus
1692 1804 1921 1850 Alexan-

91 1873 228 1921 driae
249 1874 536 1937 sustuleiit,
574 1875 747 1922 altaria
768 1876 1028 1938 deiecerit,
1069 1892 1130 1922 ex
1155 1876 1418 1923 metallicis
1445 1874 1755 1922 simulachris
1777 1891 1920 1921 num-

87 1960 198 1992 mos
237 1914 573 1992 conflaverit²
557 1963 612 1992 in
656 1962 899 2011 pauperes
935 1946 1235 2010 erogandos,
1272 1947 1407 1994 unde
1439 1945 1537 1993 sibi
1559 1961 1742 1992 nomen
1783 1945 1922 1995 εἷδω·

88 2009 334 2065 λοκτόνου
356 2016 649 2081 promeruit,
680 2019 835 2065 refert
858 2016 1181 2083 Theophanes
1204 2017 1347 2064 brevi
1368 2015 1595 2097 publici
1581 2015 1706 2064 iuris
1725 2015 1920 2063 facien-

90 2084 183 2134 dus
216 2103 345 2133 anno
374 2087 535 2150 magni
563 2086 827 2135 Theodosii
859 2093 940 2141 12.
1013 2089 1081 2135 De
1105 2105 1203 2151 quo
1228 2088 1409 2136 iterum
1439 2087 1491 2134 in
1516 2104 1650 2152 seqq.

227 2151 336 2205 Ἐπὶ
365 2158 616 2220 Θεοφίλου
641 2153 734 2223 κβῖ
762 2152 1148 2223 αρχιεπισκόπου
1171 2153 1574 2224 Ἀλεξανδρείας]
1630 2156 1773 2204 Hunc
1800 2172 1919 2204 eun-

94 2227 235 2288 dem,
274 2226 567 2290 vigesimum
587 2237 783 2275 sextum
816 2227 1126 2292 Nicephorus
1147 2236 1400 2276 numerat:
1455 2228 1542 2274 sed
1577 2227 1716 2274 falso
1802 2227 1923 2274 Post

90 2297 344 2346 Theonam
379 2298 505 2344 enim
524 2334 538 2358 ,
577 2315 723 2361 quem
759 2298 1028 2362 cumipse,
1067 2306 1176 2345 tum
1205 2299 1443 2361 Georgius
1468 2305 1638 2344 noster
1672 2296 1733 2342 ad
1757 2295 1921 2360 operis

92 2369 278 2416 calcem
295 2402 309 2427 ,
345 2374 454 2414 tum
480 2367 802 2432 Theophanes
829 2368 920 2414 sub
949 2368 1110 2432 operis
1137 2368 1330 2415 initium
1348 2406 1363 2430 ,
1400 2375 1540 2415 sexto
1572 2367 1761 2415 decimo
1786 2368 1923 2414 locat

93 2437 297 2499 ordine,
333 2438 507 2485 Petrus
531 2439 723 2503 Martyr
747 2438 912 2486 sedem
936 2438 1154 2486 obtinuit
1180 2438 1398 2486 decimus
1422 2437 1688 2502 septimus,
1729 2436 1810 2488 cui
1837 2437 1916 2484 de·
1946 2439 1998 2484 P.
2030 2441 2086 2487 12

90 2507 250 2559 cimus
271 2517 475 2555 octavus
504 2509 737 2556 successit
766 2526 870 2557 non
896 2508 1115 2556 Achillas
1146 2509 1232 2573 qui
1260 2505 1385 2568 λιτὸς
1413 2504 1601 2573 ἵερεῦς,
1640 2516 1685 2554 et
1709 2508 1920 2572 simplex

88 2578 353 2641 Presbyter
371 2578 470 2626 fuit
483 2614 499 2640 ,
535 2580 622 2627 se'd
646 2579 926 2630 Alexander
961 2597 1086 2627 unus
1108 2596 1169 2627 ex
1193 2579 1434 2627 Nicaenae
1459 2578 1648 2643 Synodi
1674 2578 1918 2640 Patribus,

91 2650 310 2698 decimus
334 2665 497 2697 nonus
521 2649 815 2699 Athanasius
841 2650 1227 2700 Alexandrinam
1248 2650 1380 2697 rexit
1395 2649 1664 2697 Ecclesiam
1679 2688 1693 2711 ,
1731 2648 1810 2696 cui
1834 2649 1917 2696 vi·-

91 2719 304 2783 gesimus
340 2719 466 2768 alius
495 2721 667 2770 Petrus
710 2720 946 2769 suffectus
986 2728 1087 2782 est,
1128 2721 1306 2768 deinde
1330 2719 1616 2768 Timotheus
1652 2719 1915 2783 vigesimus

90 2790 307 2856 primus,
347 2807 405 2837 ac
438 2790 651 2856 denique
696 2791 938 2841 secundus
977 2808 1129 2856 supra
1152 2791 1438 2855 vigesimum
1475 2789 1560 2838 hic
1592 2789 1915 2856 Theophilus.

90 2861 327 2911 Authoiis
357 2861 575 2925 catalogo
600 2861 708 2909 aliis
733 2862 1028 2911 enumeratis
1051 2863 1342 2910 adversatur
1361 2860 1685 2926 Nicephorus.
1746 2860 1916 2908 Theo-

90 2947 185 2978 nae
219 2948 429 2996 namque
455 2901 543 2978 abo
546 2932 653 2998 ipso
680 2933 866 2998 pariter
893 2940 941 2980 et
968 2950 995 2980 a
1020 2932 1268 2996 Georgio
1254 2950 1309 2979 ln
1333 2939 1527 2980 sextum
1550 2931 1793 2982 decimum
1826 2932 1916 2978 ad·-

91 3000 240 3050 misso
272 3002 513 3052 decimum
540 3003 800 3068 septimum
830 3005 940 3052 Pen
944 3020 1027 3050 um
1056 3004 1323 3069 Martyrem
1348 3002 1632 3064 substituit,
1672 3002 1915 3054 decimum

92 3077 328 3120 octavum
351 3071 615 3135 Achillam,
660 3077 744 3127 19.
773 3073 1131 3137 Alexandr,u1n
1171 3078 1255 3129 20.
1281 3073 1619 3135 Athanasium,
1659 3077 1742 3126 21.
1764 3072 1914 3119 Atha-

91 3142 291 3187 nasium
330 3143 537 3190 eundem
575 3144 724 3191 exilio
767 3153 1083 3207 revocatum,
1133 3150 1214 3202 22.
1256 3144 1519 3208 Georgium
1554 3142 1816 3201 Arianum,
1867 3148 1915 3187 et

92 3209 421 3259 Athanasium
457 3214 606 3262 tertio
636 3214 742 3262 secli
787 3216 1102 3276 restitutum,
1140 3214 1427 3278 vigesimum
1471 3212 1675 3261 tertium
1715 3214 1914 3259 Petrum

93 3298 244 3344 supra
285 3292 635 3346 memoratum,
687 3285 769 3338 24.
808 3285 1014 3334 Lucium
1059 3285 1324 3347 Ari-anum,
1372 3285 1459 3339 25.
1497 3286 1696 3332 Petrum
1737 3282 1913 3328 iterato

93 3351 385 3412 suffectum,
424 3369 480 3400 ac
522 3355 719 3402 demum
758 3360 842 3409 26.
870 3355 1232 3421 Theophilum,
1273 3357 1332 3403 de
1361 3373 1458 3419 quo
1488 3371 1659 3402 sermo.
1736 3351 1913 3399 Verum

94 3429 347 3485 expuncto
378 3422 586 3488 Georgio
610 3424 863 3472 haerescos
891 3426 1108 3473 antistite
1139 3444 1229 3491 per
1259 3426 1359 3473 vim
1376 3462 1391 3486 ,
1436 3425 1651 3483 legitimo
1678 3421 1916 3469 Pontilicc

95 3491 261 3541 adhuc
286 3491 499 3558 vivente,
537 3496 590 3542 in
611 3495 773 3544 sedem
798 3495 1011 3559 intrusO,
1037 3497 1227 3546 omissis
1251 3496 1398 3545 etiam
1422 3491 1916 3556 AthanasiiPetrique
