2222 3938
312 204 440 263 376
910 207 1488 269 EMENDATIONES.

320 342 486 391 deesse
512 339 777 389 indubium
813 345 910 387 est:
958 341 1196 386 summam
1233 338 1364 386 enim
1403 338 1526 393 443.
1559 337 1844 404 quindecim
1880 337 2142 404 Dynastias

318 431 422 461 non
446 413 689 460 excedere·
714 428 742 457 a
766 409 1038 459 verosimili
1069 409 1247 473 procul
1272 416 1344 457 est
1379 409 1608 462 alienum,
1682 410 2028 474 Dynastiarum
2058 426 2145 457 ea-

319 485 543 533 rumdem
580 480 815 528 homades
841 498 867 526 a
903 496 1012 544 pag.
1038 480 1121 532 54.
1161 479 1224 526 ad
1245 484 1333 533 78.
1355 480 1546 544 positae
1573 481 1627 528 id
1649 481 1919 544 evincunt,
1954 489 2003 529 et
2025 480 2146 546 quid

319 554 559 620 amplius,
596 550 772 635 quod
757 568 811 597 m
835 550 1011 634 pagina
1032 566 1131 614 seq.
1157 556 1276 597 nota
1294 550 1440 598 tertia
1460 551 1696 614 requiret.

462 625 656 672 Γενεῶν
683 616 745 685 η’.
780 620 904 672 ἐτῶν
937 614 1009 686 Qb'
1013 618 1047 683 .]
1087 620 1314 668 Calculos
1343 619 1494 668 huius
1520 620 1754 669 Chronici
1779 627 2018 684 sequutus
2040 621 2149 668 Eu-

322 694 486 742 sebius
506 692 576 738 in
610 691 721 739 istis
745 690 998 756 Dynastiis
1028 687 1153 741 κατοὲ
1193 687 1355 755 ὄνομα
1382 691 1698 739 recensendis
1730 691 1990 740 varietates
2019 708 2150 738 non-

323 765 485 811 nullas
524 761 711 825 arguit,
760 770 810 809 et
849 762 1069 809 defectus
1105 761 1194 809 hic
1236 770 1552 811 occurrentes
1597 762 1841 810 emendat.
1919 761 2152 809 Inferiori

322 835 492 897 itaque
522 849 631 897 pag.
659 836 745 885 61.
768 833 937 880 littera
962 833 1017 879 D.
1045 832 1265 896 quinque
1287 833 1418 880 solos
1439 831 1590 880 huius
1614 832 1876 898 Dynastiae
1900 831 2152 896 principes

322 903 604 951 summatim
634 911 913 965 enumerat,
949 919 1180 968 praesens
1211 901 1496 951 Chronicon
1521 910 1649 951 octo·
1725 903 1989 951 Africanus
2011 901 2154 949 libris

323 975 533 1021 aliorum
556 974 942 1021 Amanuensium
966 990 1116 1042 opera
1135 973 1334 1037 scriptis
1355 991 1500 1034 usus,
1538 973 1658 1020 alios
1679 973 1933 1039 principes
1959 981 2006 1021 et
2027 973 2154 1021 alios

324 1045 547 1093 calculos
574 1061 689 1110 cum
713 1045 767 1091 in
793 1044 916 1106 hac,
951 1052 1060 1091 tum
1087 1044 1233 1091 aliis
1220 1061 1272 1091 1n
1299 1043 1549 1108 Dynastiis
1577 1051 1836 1094 memorat.

462 1118 844 1173 Διοσπολιτων.]
895 1114 1144 1179 Diospolis
1173 1114 1404 1178 duplex'
1390 1132 1443 1162 in
1471 1115 1696 1179 Aegypto
1729 1112 2009 1178 superiore·
2045 1131 2156 1162 ma—

323 1203 443 1249 gna,
486 1194 535 1232 et
556 1202 729 1250 parva.
801 1185 1042 1232 Eusebius
1070 1184 1132 1232 de
1144 1185 1380 1267 Praepar.
1410 1185 1595 1247 Evang.
1622 1183 1708 1232 lib.
1735 1187 1783 1236 3.
1788 1200 1922 1269 cap
1955 1187 2005 1238 3.
2029 1181 2158 1234 κατὰ

324 1254 489 1345 μόνην
523 1274 617 1319 την
640 1255 898 1321 Αἴγυπτον
930 1251 1060 1306 εἶναι
1093 1249 1259 1314 πόλεις
1294 1251 1480 1314 πολλάς
1508 1250 1608 1304 v‘wd
1641 1257 1741 1304 τῶν
1768 1248 1988 1320 ἀρχαίων
2017 1258 2159 1305 θεων

325 1320 513 1390 ἕκτισμε
495 1324 610 1385 ένας
651 1322 919 1391 (λέγουσιν)
960 1320 1070 1376 οἷον
1095 1322 1243 1386 Διος,
1288 1324 1486 1382 Ἡλίου,
1534 1323 1621 1374 καὶ
1652 1344 1712 1374 τα
1750 1323 1880 1390 ἑξῆς.
1953 1323 2015 1373 [η
2053 1343 2159 1372 una

324 1395 556 1460 Aegypto
572 1396 838 1460 plutimas·
864 1414 928 1442 ιιι
931 1396 1012 1443 bes
1037 1395 1101 1443 ab
1125 1398 1352 1461 antiquis
1371 1397 1497 1444 Diis
1517 1403 1705 1443 erectas
1738 1393 1944 1460 dicunt,
1982 1397 2160 1462 qualea-

325 1467 623 1531 Diospoli8,
659 1467 973 1552 Heliopolis,
1013 1474 1106 1515 etc.

465 1538 577 1600 Pag-
616 1538 700 1590 52.
740 1533 849 1602 Koq'.
873 1538 1169 1597 δυναστεία]
1208 1537 1444 1602 Repletur
1467 1537 1648 1585 lacuna
1673 1553 1734 1584 ex
1756 1551 1869 1602 pag.
1893 1539 1982 1590 76.
2004 1542 2052 1583 et
2073 1540 2157 1589 77.

325 1607 404 1655 his
431 1607 623 1656 verbis:
660 1602 935 1673 ’Λμυρτέως
951 1645 964 1669 ,
1001 1609 1086 1656 vel
1109 1604 1453 1675 Ἀμυρτοὲνος’
1437 1608 1519 1673 ε’τη
1549 1604 1601 1666 ς.

465 1678 829 1733 Δυναστείων’
813 1677 893 1743 ἐτη
921 1675 1019 1746 Vens
1024 1677 1055 1742 .]
1091 1680 1244 1727 Errm
1265 1679 1392 1742 figm
1395 1695 1535 1727 arum
1565 1676 1892 1724 numeralium
1907 1671 2025 1761 ᾒηῖ.
2049 1675 2162 1723 vice

324 1749 496 1797 forsan
524 1749 589 1799 M.
616 1744 675 1815 γ’.
701 1748 754 1795 id
781 1757 854 1796 est
878 1745 1144 1815 Μυοιαδες
1168 1755 1312 1833 τρεῖς.
1358 1765 1520 1832 nuper
1545 1749 1730 1812 quippe
1761 1747 1962 1832 scripsit
1982 1743 2162 1806 ’Ἡλιος

322 1817 596 1882 Ἡφαίστου
620 1818 979 1883 ἐβασίλευσεν’
957 1822 1082 1870 evei-v
1103 1815 1348 1887 μυριάδας
1371 1813 1429 1885 γ’.
1444 1818 1712 1866 etiterum:
1737 1812 1922 1883 χρόνον
1952 1813 2161 1883 α’πειρον

326 1888 382 1940 ἐν
404 1904 610 1955 μυριασι
634 1888 795 1970 τρισὶν
820 1888 961 1939 ἕτων.
1034 1890 1131 1937 Err
1134 1907 1269 1937 orem
1294 1889 1512 1952 Scaliger
1539 1888 1798 1952 praeteriit
1824 1904 1933 1952 pag.
1957 1892 2010 1940 7.

471 1957 575 2008 Καὶ
597 1953 749 2027 ‘gepae'
752 1963 783 2017 .]
822 1959 987 2008 Minor
1020 1968 1093 2007 est
1119 1977 1313 2007 summa
1348 1925 1454 2006 hicD
1463 1959 1671 2006 collecta
1705 1964 1904 2006 centum
1932 1965 1980 2004 et
2011 1963 2164 2004 octo·-

326 2028 466 2092 ginta
511 2037 725 2093 quatuor
768 2029 928 2080 annis.
1002 2030 1081 2077 Ex
1117 2030 1309 2083 36341.
1353 2029 1538 2094 quippe
1583 2028 1670 2076 hic
1703 2028 1916 2077 1edditis
1955 2027 2165 2075 totidem

326 2101 508 2146 desunt
537 2099 601 2146 ad
625 2099 893 2164 expetitam
923 2101 1111 2154 36525.
1142 2117 1385 2149 annorum
1410 2117 1667 2150 summam.
1736 2098 2049 2164 Repetendos
2072 2115 2166 2146 ar-

325 2169 488 2218 bitror
523 2186 586 2216 ex
624 2169 768 2216 annis
806 2174 853 2223 6.
883 2171 1148 2234 Dynastiae
1180 2172 1266 2224 28.
1300 2169 1385 2218 1110
1415 2169 1650 2227 omissae,
1702 2176 1752 2216 et
1787 2169 1852 2216 ad
1883 2168 2165 2233 quindecim

326 2240 556 2306 primum
580 2256 822 2287 summam
849 2257 1005 2304 aequo
1030 2241 1298 2301 minorem,
1337 2258 1400 2306 pl
1403 2248 1491 2288 out
1517 2247 1632 2287 ante
1659 2239 1879 2303 quinque
1907 2246 2051 2286 notas
2077 2240 2164 2287 ob-

327 2311 659 2368 servavimus,
699 2318 895 2357 centum
923 2319 973 2358 et
999 2312 1307 2376 septuaginta
1330 2319 1441 2359 octo
1469 2327 1624 2358 annos
1648 2309 1865 2358 arbitror
1890 2309 2162 2359 addendos.
2217 2366 2220 2370 φ

466 2375 888 2431 Ἀποκαταστασιν
914 2385 1006 2432 τοῦ
1037 2384 1340 2441 Ζωδιακοῦ.]
1379 2382 1491 2441 Qua
1518 2388 1695 2428 cuncta
1727 2380 1904 2444 sydera
1938 2380 2002 2427 ad
2037 2396 2164 2427 eun-

329 2450 468 2512 dem,
507 2468 607 2516 quo
643 2459 806 2499 creata
835 2459 977 2514 sunt,
1017 2453 1172 2500 situm
1197 2453 1361 2500 1edire
1383 2451 1764 2517 concipiuntur·
1810 2450 1912 2498 imo
1938 2455 2164 2516 μυθολο-

327 2525 506 2587 γοῦσιν
542 2522 805 2585 nonnulli,
842 2538 897 2569 eo
936 2539 1034 2586 quo
1061 2523 1159 2570 iam
1193 2523 1358 2587 elapsa
1396 2530 1544 2584 sunt,
1580 2522 1662 2570 vel
1696 2520 1862 2568 fluunt
1899 2537 2074 2581 cursu,
2114 2527 2164 2568 et

331 2591 503 2638 eodem
541 2592 718 2640 ordine
753 2592 975 2640 reditura
1014 2594 1196 2642 omnia.
1268 2593 1488 2653 Interim·
1510 2593 1739 2657 planetae
1776 2598 1826 2639 et
1865 2590 2164 2638 firmamenti

330 2662 502 2707 stellae
527 2679 617 2726 per
640 2663 828 2716 49000.
859 2663 1002 2711 iuxta
1030 2665 1366 2712 Ptolemaeum
1396 2680 1488 2730 per
1511 2666 1598 2716 36.
1626 2678 1870 2709 annorum
1896 2661 2050 2708 millia
2075 2678 2165 2709 no-

329 2748 420 2778 vos
444 2748 501 2777 ac
527 2749 686 2780 novos
713 2734 911 2781 sulcant
938 2734 1080 2782 orbes
1098 2772 1111 2798 ,
1149 2735 1309 2783 donec
1332 2735 1396 2782 ad
1424 2733 1621 2783 eosdem
1647 2731 1827 2798 quibus
1853 2731 2018 2779 emissi
2045 2738 2165 2780 sunt

334 2817 552 2848 carceres
577 2802 726 2850 simul
746 2810 796 2850 et
823 2805 1128 2853 coniunctim
1154 2805 1375 2854 redeant.

455 2867 522 2920 “O
558 2871 658 2922 ἐστι
692 2876 892 2939 πρῶτον
929 2871 1138 2939 λεπτόν]
1188 2876 1418 2939 Scaliger.
1483 2871 1514 2926 ὅ
1548 2874 1650 2925 ἐστι
1681 2873 1741 2923 ἓν
1762 2868 1956 2923 λεπτόν.
1992 2889 2161 2938 prave.

326 2941 510 3005 Lapsui
538 2942 674 2989 dedit
713 2960 908 2991 causam
952 2946 1219 2993 numeralis
1250 2945 1504 2993 character
1539 2940 1599 2995 α’.
1633 2944 1834 3007 utrique
1870 2943 2075 2991 lectioni
2100 2960 2164 2991 ex

331 3028 436 3061 sese
460 3019 603 3076 aptus
619 3052 633 3075 ‚
667 3013 855 3061 iudicio
878 3023 1071 3063 tantum
1101 3015 1224 3063 huic
1252 3016 1333 3063 vel
1355 3015 1434 3061 illi
1461 3013 1927 3065 accommodandus,

475 3089 741 3144 Διαφωνεῖ
757 3083 871 3150 περὶ
893 3082 1012 3144 τούς
1034 3081 1241 3151 χρόνους
1262 3081 1389 3149 πρός
1413 3083 1602 3148 ταῦτα]
1641 3084 1805 3146 Totis,
1844 3084 1979 3149 quod
2009 3085 2163 3146 aiunt,

334 3153 556 3202 num-eris
583 3152 839 3200 dissonant
865 3155 1088 3203 Africani
1112 3171 1175 3203 ex
1196 3154 1493 3202 Manethone
1520 3155 1724 3218 calculi,
1762 3155 1820 3202 ab
1842 3155 1904 3202 iis
1930 3172 2051 3219 quos
2073 3171 2164 3203 ve-

331 3232 415 3272 tus
443 3222 728 3270 Chronicon
745 3225 962 3287 profert:
1002 3226 1167 3272 minus
1192 3224 1423 3273 dissentit
1447 3242 1508 3273 ex
1524 3226 1693 3272 eodem
1713 3224 2008 3273 Manethone
2030 3242 2163 3272 com-

328 3295 526 3359 positus
567 3293 625 3340 ab
657 3293 867 3341 Eusebio
900 3303 1193 3359 computus;
1232 3295 1480 3343 dissensus
1520 3304 1687 3343 tamen
1723 3313 1786 3343 ex
1816 3295 2162 3360 praecedenti-

328 3366 423 3413 bus
464 3364 709 3412 annotatis
745 3379 846 3410 non
885 3372 956 3411 est
995 3367 1268 3414 obscurus·
1320 3366 1540 3430 Scaliger
1572 3383 1729 3414 unum
1765 3366 1910 3414 alteri
1939 3365 2161 3414 coniun-

330 3452 448 3499 gens
475 3435 722 3481 calculum
747 3450 856 3498 pag.
883 3442 1050 3482 textus
1071 3439 1119 3487 7·
1158 3434 1318 3504 ἑαυτῷ
1344 3431 1653 3501 ἀσύμφωνος
1679 3436 1913 3500 arguitur.

470 3506 566 3566 Εἰς
589 3502 642 3556 τὸ
663 3499 831 3575 ερμαᾝ
860 3501 1100 3571 κοσμικον
1134 3489 1294 3573 εᾞτος]
1316 3507 1376 3555 In
1409 3507 1614 3555 eundem
1639 3507 1854 3573 lapidem
1887 3506 1964 3554 bis
2001 3504 2158 3554 offen-
