2222 3938
365 163 490 223 416
987 167 1563 226 EMENDATIONES

501 305 615 370 rag.
654 307 736 359 97.
779 296 1051 381 Ἀσσυρίων
1087 296 1146 352 δ’.
1190 300 1501 366 ἐβασίλευσεν
1526 294 1767 364 Νινυας.]
1821 300 1898 351 Ut
1925 317 1950 348 e
1980 297 2178 365 Georgii

360 375 585 441 scriptis,
621 375 691 422 ita
726 389 789 420 ex
822 371 1024 436 propiia
1058 371 1304 419 industria
1343 371 1606 419 Eusebium
1647 370 1742 418 sibi
1778 369 1922 434 fingit
1967 373 2178 436 Scaliger

360 463 471 512 pag.
509 450 591 499 19.
630 452 678 492 et
713 443 774 490 ad
808 441 932 489 haec
969 442 1228 490 subnectit.
1317 443 1481 491 Νίνου
1516 436 1789 525 Ἀσσυρίων
1828 438 2178 506 βασιλεύοντος

359 517 650 582 Αἰγυπτίων
677 513 988 579 ἐβασίλευσεν
1021 508 1091 563 ιε’.
1128 508 1352 577 Μιοὲμων
1383 511 1464 576 ἐτη
1502 506 1579 560 ιδ’.
1659 513 1793 559 Inter
1824 513 2178 591 Aegyptiorum

361 603 498 650 reges
526 601 632 650 pag.
666 591 928 647 praeeunte
967 584 1220 632 ordinatos
1247 589 1442 630 sextum
1467 581 1711 629 decimum
1746 582 2029 631 observavit
2052 586 2178 630 ano-'-

360 673 594 721 nymum,
633 671 787 701 annos
827 654 928 701 eius
967 655 1050 707 14.
1093 672 1119 701 a
1161 653 1369 716 Georgio
1407 660 1715 713 numeiatos,
1752 652 1856 700 eius
1895 660 2088 718 tempus
2123 654 2175 702 in

360 726 536 774 mundi
570 728 725 778 3220.
762 725 900 771 iuxta
937 724 1134 788 Georgii
1180 723 1397 772 calculos
1422 723 1646 770 incidens
1676 723 1988 771 observavit:
2030 740 2178 788 prae-

358 813 469 844 sens
492 796 656 859 itaque
684 796 863 842 lemma
894 794 1010 858 (quo
1036 795 1207 842 fictum
1230 794 1490 849 Miamonis
1514 810 1717 854 nomen,
1755 794 1985 841 lacunam
2010 794 2177 857 reple-

357 883 412 915 re
438 874 628 931 potest,
672 872 719 912 et
755 866 977 912 adiuncti
1017 867 1095 918 14.
1131 866 1248 912 anni
1277 882 1386 912 cum
1413 865 2002 929 anonymo-conveniant,
2038 865 2176 928 ipse-

360 954 455 1001 que
478 953 751 1001 anonymus
779 936 909 984 circa
937 936 1109 984 mundi
1134 939 1290 989 3220.
1325 935 1572 995 extitisse,
1611 952 1710 999 quo
1743 936 1898 983 Ninus
1928 935 2177 983 Abraham

357 1007 572 1072 aequalis
597 1024 660 1055 ex
681 1007 880 1054 Eusebii
901 1015 1114 1071 supputo
1139 1007 1271 1053 inter
1297 1006 1440 1054 vivos
1463 1005 1646 1068 agebat,
1682 1003 1976 1070 reperiatur)
2005 1024 2030 1052 a
2055 1008 2178 1052 Sca-

353 1077 508 1141 ligero
537 1086 772 1142 tanquam
799 1091 859 1124 ex
886 1078 1084 1140 Georgii
1109 1076 1306 1140 scriptis
1333 1085 1617 1141 reparatore
1646 1076 1968 1123 adinventum
1996 1083 2045 1123 et
2075 1076 2176 1124 huc

355 1149 638 1214 appositum
666 1155 754 1194 est.
828 1147 1061 1194 Scenicus
1086 1155 1160 1194 est
1179 1154 1345 1194 tamen
1376 1155 1425 1194 et
1460 1164 1522 1194 ex
1551 1145 1700 1193 (lubio
1734 1145 1941 1211 Iosepho
1975 1153 2178 1194 mutua-

352 1225 435 1266 tus
475 1219 562 1266 ille
598 1218 815 1265 Miamon
853 1218 940 1281 qui
977 1215 1180 1282 quintus
1222 1217 1439 1264 decimus
1479 1216 1607 1264 sexti
1653 1215 1831 1263 decimi
1863 1221 2177 1284 προσωπεῖον

354 1305 527 1351 gerens
555 1287 810 1336 educitur:
847 1305 1029 1335 nomen
1053 1288 1154 1342 eius
1166 1288 1416 1350 Africano,
1443 1288 1666 1347 Eusebio,
1698 1287 1906 1351 Georgio
1933 1295 1979 1335 et
2003 1289 2176 1352 Dyna-

354 1359 560 1407 stiarum
587 1358 938 1438 Aegyptiarum
965 1358 1389 1421 recognitmibus,
1434 1365 1482 1405 et
1508 1358 1603 1422 ipsi
1639 1358 1883 1420 Scaligero
1919 1357 1972 1404 in
2009 1359 2175 1406 Cano-

351 1430 502 1477 nibus
525 1430 692 1492 Isagog
679 1429 785 1476 icis
812 1429 1152 1492 incognitum:
1180 1437 1229 1476 et
1245 1429 1433 1476 incidat
1454 1429 1572 1475 licet
1596 1428 1700 1476 eius
1726 1436 1921 1493 tempus
1948 1428 2002 1475 in
2030 1446 2175 1476 mun-

352 1501 407 1548 di
441 1503 700 1554 3220.οΧ
741 1466 1524 1565 6001811δει1ΡΡ11ῐο,Α1111111ε11111
1560 1507 1724 1547 tamen
1756 1515 1812 1547 ac
1847 1499 1964 1547 Nini
1993 1506 2173 1547 aetates

353 1571 495 1618 annis
525 1572 627 1618 fere
652 1578 849 1618 centum
878 1570 1157 1633 praevenit,
1201 1587 1311 1618 cum
1348 1570 1586 1633 Georgius
1616 1577 1882 1634 utrumque
1908 1570 1971 1618 ad.
1996 1569 2174 1618 mundi

349 1644 507 1694 3312.
542 1649 765 1705 seponat.
842 1642 998 1689 Causa
1032 1642 1196 1706 itaque
1236 1642 1592 1704 Scaligerianae
1628 1640 1846 1688 fictionis
1896 1649 2170 1688 est·annus

348 1711 525 1759 mundi
554 1715 710 1764 3220.
740 1729 766 1758 a
804 1712 1013 1775 Georgio
1043 1719 1367 1773 memoratus,
1407 1719 1455 1758 et
1482 1712 1540 1757 ab
1567 1712 1776 1759 Eusebio
1803 1711 1918 1758 Nini
1937 1718 1985 1758 et
2011 1711 2173 1759 Abra-

346 1780 465 1829 ham
503 1782 720 1845 aequalis
754 1783 969 1845 tempori
1010 1782 1262 1829 addictus:
1314 1783 1627 1845 detectaeque
1661 1782 1810 1830 simul
1846 1781 2062 1829 fictionis
2097 1789 2172 1830 est

344 1852 480 1899 idem
507 1869 666 1899 annus
700 1852 882 1898 mundi
921 1855 1077 1906 3220.
1109 1852 1197 1916 qui
1236 1853 1371 1916 apud
1401 1853 1667 1915 Georgium
1701 1853 1819 1900 Nini
1855 1860 1903 1900 et
1924 1851 2171 1900 Abraham

345 1930 540 1986 tempus
580 1922 720 1970 annis
750 1924 852 1970 sere
891 1930 1090 1969 centum
1127 1931 1460 1971 antevertunt.
1530 1924 1609 1970 Ad
1641 1923 1864 1988 superius
1901 1931 2171 1971 memorata

346 1993 604 2055 subiungit
630 1993 845 2056 Scaliger
871 1993 1079 2040 Eusebio
1102 1993 1463 2040 incrementum
1492 1993 1709 2042 daturus.
1775 1994 1941 2044 Νίνου
1965 1997 2057 2044 τοῦ
2083 1995 2170 2058 βα-

345 2062 518 2123 σιλέως
536 2059 812 2149 Ἀσσυρίων
839 2058 931 2129 μγῖ
970 2060 1177 2150 ἄγοντος
1207 2063 1312 2124 ε’τος
1347 2067 1436 2129 τῆς
1465 2065 1716 2130 βασιλείας
1750 2067 1996 2146 γεννᾶται
2043 2083 2168 2114 κατα

345 2131 401 2184 δὲ
438 2153 556 2194 τους
592 2153 778 2193 αυτους
814 2130 1020 2200 χρόνους
1053 2130 1175 2201 παρ’
1202 2136 1498 2200 Αἰγυπτίοις
1531 2129 1852 2197 ἓκκαιδεκατη
1887 2134 2167 2195 δυναστεία,

346 2199 475 2253 καθ’
510 2201 577 2269 ’ἣν
613 2203 902 2269 ἐβασίλευον
941 2205 1493 2269 Θηβαῖοι.ἶι1η1111“ειῐ11
1526 2211 1573 2250 et
1600 2203 1924 2269 impropriam
1958 2205 2170 2268 ideoque

344 2273 514 2322 fictam
562 2274 695 2322 hanc
730 2274 950 2338 phrasim
980 2292 1083 2322 non
1123 2275 1363 2322 discutio·
1410 2291 1564 2322 unum
1597 2274 1696 2321 hoc
1740 2274 2103 2323 animadveito=
2140 2292 2169 2322 a

343 2344 514 2406 Mene,
552 2345 654 2394 sive
695 2346 925 2394 Mesraim
962 2346 1176 2410 Aegypti
1211 2362 1292 2408 ieg
1297 2363 1320 2392 e
1355 2346 1518 2409 piimo
1559 2345 1622 2392 ad
1652 2343 1900 2392 Abraham
1945 2353 2167 2408 aetatem,

345 2433 446 2479 quo
475 2415 691 2463 Miamon
728 2433 818 2463 1οΧ
846 2417 1118 2480 Aegyptius
1154 2416 1608 2477 efformatu1‚non
1636 2431 1772 2478 reges
1805 2415 1954 2464 modo
1987 2417 2169 2463 sexde-

347 2485 460 2547 cim,
499 2486 583 2533 secl
610 2487 959 2550 Dynastiarum
984 2487 1230 2534 sexdecim
1259 2503 1394 2549 reges
1420 2487 1535 2550 plus
1552 2503 1699 2550 quam
1726 2486 1965 2534 ducentos
1993 2486 2052 2534 ab
2067 2487 2168 2534 Eu-

345 2555 477 2602 sebio
507 2564 555 2603 et
575 2556 806 2605 Africano
829 2550 1319 2619 medios'numerari‚
1359 2564 1408 2604 et
1432 2557 1485 2603 111
1507 2556 1669 2621 regnis
1697 2556 1799 2604 suis
1831 2573 1985 2606 annos
2013 2573 2166 2624 supra

344 2625 636 2688 quingentos
663 2627 950 2692 explevisse.

490 2725 572 2791 Τῷ
598 2721 766 2791 Ιγσλθῖ
797 2725 889 2776 ἔτει
911 2728 1004 2776 τοῦ
1025 2719 1250 2791 κόσμου.]
1305 2725 1522 2788 Scaliger
1560 2724 1756 2772 Eusebii
1794 2731 1990 2773 textum
2030 2742 2163 2772 con-

174 2796 228 2841 P.
258 2797 317 2844 33
349 2792 640 2840 cinnaturus
668 2811 778 2858 pag.
814 2800 894 2849 19.
924 2798 1053 2844 linea
1086 2797 1165 2850 14.
1200 2795 1277 2843 his
1316 2796 1496 2844 eisdem
1517 2796 1680 2843 verbis
1703 2796 1890 2857 utitur,
1929 2804 1978 2843 et
2001 2795 2163 2844 Abra-

339 2862 475 2911 hami
500 2880 647 2911 avum
680 2882 808 2911 anno
841 2869 1010 2912 aetatis
1049 2872 1135 2919 76.
1171 2866 1342 2916 mundi
1371 2869 1525 2919 3239.
1561 2865 1801 2927 extitisse,
1839 2865 2004 2930 ipsum
2039 2883 2160 2914 vero

341 2932 592 2982 Abraham
625 2951 754 2981 anno
779 2935 956 2982 mundi
983 2936 1138 2988 3184.
1166 2945 1336 2983 natum
1365 2935 1599 2983 desciibit
1634 2952 1749 3015 pag.
1778 2935 1998 2984 eiusdem
2029 2937 2162 2984 linea

338 3005 423 3058 25.
456 3010 604 3068 atque
626 3003 694 3050 ita
717 3021 870 3069 nepos
897 3023 1042 3054 avum
1067 3006 1164 3051 iam
1183 3004 1606 3068 septuagenaiium
1635 3005 1775 3053 annis
1799 3013 1997 3055 centum
2012 3007 2162 3072 quin-

340 3074 575 3137 quaginta
600 3074 814 3137 quinque
839 3076 1123 3139 praecessit.
1194 3075 1330 3121 Haec
1355 3075 1587 3138 Scaligeri
1614 3082 1791 3124 cuncta
1816 3077 2014 3145 Georgii
2043 3094 2160 3128 ver-

340 3143 438 3192 ba
424 3161 479 3192 1n
500 3144 697 3192 Eusebii
720 3151 915 3192 textum
948 3151 1238 3194 convertere
1265 3145 1478 3194 volentis
1486 3113 1677 3195 tlibido.

476 3253 637 3306 'Exci'
620 3254 703 3320 ε’τη
741 3255 1041 3322 διαρκέσασα
1065 3249 1226 3320 7οξξῇ
1266 3256 1331 3304 At
1354 3273 1456 3304 non
1482 3257 1579 3304 nisi
1602 3260 1745 3308 annis
1769 3265 1887 3322 962.
1917 3260 2000 3309 vel
2027 3259 2158 3308 inter

341 3326 504 3376 varias
527 3325 733 3374 Pontaci
759 3327 999 3374 lectiones
1029 3328 1147 3380 959.
1179 3327 1297 3380 945.
1321 3328 1439 3381 942.
1464 3336 1555 3376 etc.
1593 3329 1829 3379 Eusebius
1849 3332 1956 3395 ipse
1979 3330 2165 3395 Sicyo--

342 3398 538 3445 niorum
563 3412 767 3461 regnum
794 3397 987 3444 stetisse
1003 3397 1269 3445 affirmavit
1293 3399 1356 3445 ad
1371 3397 1615 3448 Abraham
1631 3404 1748 3456 880.
1769 3410 1820 3451 et
1841 3405 1958 3456 890.
1995 3400 2164 3461 Quam·

342 3468 514 3517 varius
539 3467 715 3518 Graeci
736 3468 795 3517 ab
811 3467 1029 3530 Eusebio
1051 3467 1227 3520 Latino
1247 3475 1528 3533 computus.
