2222 3938
641 201 739 255 ET
775 201 1361 258 ANNOTATIONES.
1785 193 1911 253 417

231 325 315 381 Ἐν
341 324 530 390 οἷς-καὶ
548 324 836 396 Εὐσέβιος]
880 330 912 378 A
942 348 1041 396 quo
1058 369 1071 394 ,
1108 339 1158 380 et
1181 331 1450 394 Pausania,
1488 331 1730 397 quicquid
1753 331 1813 380 de
1837 333 1911 379 Si-

94 400 290 466 cyoniis
315 399 576 465 hucusque
609 402 882 466 promitur,
919 401 1151 450 haustum
1185 410 1279 451 est:
1318 402 1514 451 Author
1546 418 1608 450 ex
1638 402 1748 450 aliis
1783 420 1913 449 non-

94 469 233 519 nulla
257 471 465 536 profert.
536 471 608 518 De
634 470 980 535 Sicyoniorum
1012 490 1163 537 porro
1193 481 1307 521 ante
1332 482 1505 522 natum
1527 472 1774 521 Abraham
1801 473 1912 537 pri-

94 541 302 589 mordiis
332 541 474 589 nulla
500 547 575 588 est
600 540 733 588 inter
758 541 1023 604 Georgium
1046 550 1094 589 et
1110 543 1374 591 Eusebium
1403 543 1674 592 discordia:
1713 543 1773 591 de
1797 545 1913 606 fine,

94 627 198 659 non
228 611 396 675 quoad
421 628 661 659 annorum
690 611 984 674 terminum,
1023 612 1108 660 sed
1133 614 1298 677 quoad
1322 621 1516 662 exteros
1546 613 1822 679 principes,
1859 613 1914 661 in

97 695 310 745 quorum
339 681 561 730 incurrit
599 689 833 743 aetatem,
870 683 1115 747 plurimus
1152 684 1304 732 micat
1336 684 1470 732 inter
1494 692 1765 749 utrumque
1803 684 1916 732 dis-

96 768 289 803 sensus.
359 751 596 800 Eusebius
630 759 766 800 retro
804 753 1219 815 Agamemnonem
1253 761 1302 800 et
1342 753 1562 802 excisum
1597 755 1745 802 llium
1780 762 1920 803 tenet

97 839 267 870 eorum
288 821 556 888 imperium
579 822 778 870 desiisse
788 840 807 884 3-
841 822 1035 871 Author
1061 823 1271 870 duorum
1301 829 1350 869 et
1375 824 1580 886 amplius
1612 825 1919 873 saeculorum

96 891 308 957 spatium
339 893 523 956 partim
551 909 614 941 ex
639 893 824 940 Cainan
847 892 1053 941 iunioris
1069 930 1083 954 ,
1120 891 1304 957 partim
1330 908 1391 939 ex
1427 892 1810 941 Israelitieorum
1832 895 1920 943 Iu-

97 963 264 1011 dicum
306 963 546 1011 aetatibus
585 963 874 1023 collectum,
912 965 1198 1026 frequenter
1236 970 1466 1010 causatus
1499 964 1920 1028 praetermissum,

96 1031 326 1099 plurimis
365 1035 509 1082 annis
548 1033 926 1096 Agamemnonis
957 1041 1165 1081 aetatem
1203 1032 1348 1098 ponit
1378 1040 1701 1083 antevertere.
1771 1035 1919 1082 Peta-

93 1103 208 1152 vius
243 1104 302 1151 de
340 1105 481 1156 Doct.
522 1104 693 1168 Temp.
736 1105 823 1155 lib.
858 1109 908 1157 9.
955 1121 1063 1168 cap.
1095 1108 1175 1157 16.
1223 1104 1284 1151 de
1327 1103 1676 1167 Sicyoniorum
1709 1106 1916 1154 exordio

95 1191 247 1222 unam
273 1175 533 1239 utriusque
559 1175 855 1222 sententiam
892 1182 1136 1236 sectatus,
1174 1174 1234 1221 de
1262 1174 1361 1222 fine
1393 1173 1651 1239 propriam
1689 1176 1920 1239 prolatu-

95 1261 208 1307 rus,
247 1245 305 1292 ab
334 1253 552 1310 utroque
586 1246 730 1309 longe
767 1245 1059 1309 digreditur.
1131 1244 1322 1295 Dubius
1351 1244 1478 1292 mihi
1511 1251 1583 1293 est
1614 1261 1781 1293 eorum
1814 1246 1921 1292 im·-

94 1316 294 1379 perium
318 1316 378 1360 ab
419 1317 783 1376 Agamemnone
826 1323 1122 1381 occupatum
1158 1315 1376 1363 scribens
1411 1315 1498 1363 lib.
1532 1319 1611 1368 13.
1646 1317 1708 1364 ad
1737 1334 1927 1364 annum*

95 1383 318 1432 Iulianae
357 1383 552 1430 Periodi
590 1382 747 1435 3514.
781 1400 842 1430 ex
871 1383 974 1430 eius
1010 1385 1140 1430 enim
1185 1386 1425 1431 sententia
1468 1386 1606 1433 mille
1645 1387 1785 1434 annis
1818 1404 1924 1436 non

98 1454 316 1502 stetisset
344 1469 516 1502 eorum
553 1469 787 1516 regnum,
827 1461 875 1502 et
905 1453 1214 1518 Apollodoro
1252 1454 1580 1519 pluribusque
1606 1455 1712 1504 aliis
1741 1458 1923 1506 adver—

97 1532 322 1585 saretur,
365 1541 426 1572 ex
449 1523 685 1572 Authoris
711 1524 994 1572 testimonio
1021 1525 1308 1573 scribentis:
1349 1520 1648 1591 ὃιήρκεσεν’
1631 1525 1754 1595 ε’τη
1756 1547 1815 1577 α.
1856 1547 1927 1587 ως

95 1590 467 1662 Ἀπολλόδωρος
490 1594 573 1644 καὶ
602 1613 781 1659 ετεροι,
821 1595 874 1646 ἐν
898 1591 974 1676 oig-
996 1595 1081 1646 καὶ
1106 1591 1382 1660 Ευσέβιος,
1423 1595 1661 1663 ἔγραψαν.
1710 1575 1782 1644 A¹c
1805 1598 1924 1646 licet

100 1667 352 1729 duplicem
385 1673 566 1713 statuat
593 1682 764 1713 eorum
790 1667 929 1730 regni
960 1665 1166 1728 cladem,
1200 1666 1412 1730 plimam
1436 1665 1567 1714 hanc
1591 1666 1649 1713 ab
1670 1667 1926 1730 Agamem-

99 1753 230 1785 none
254 1736 473 1797 illatam,
515 1736 715 1783 alteram
744 1754 841 1800 qua
865 1736 1092 1784 funditus
1117 1736 1367 1784 desierunt
1401 1745 1518 1801 post
1547 1737 1712 1785 Carnii
1745 1740 1926 1786 Sacer-

101 1807 274 1855 dotum
308 1807 449 1854 annis
482 1809 566 1859 33.
603 1814 904 1871 protractam
933 1805 1431 1868 administrationem,
1474 1807 1534 1855 de
1572 1825 1670 1872 qua
1697 1808 1829 1855 idem
1863 1808 1927 1856 ad

100 1878 319 1931 Iulianae
352 1876 549 1925 Periodi
573 1894 758 1924 annum
783 1878 937 1931 3547.
968 1877 1102 1941 quod
1133 1885 1300 1926 tamen
1334 1878 1499 1927 Carnii
1525 1879 1811 1927 Sacerdotes
1837 1895 1930 1927 ceu

99 1948 306 2011 legitimi
330 1948 582 2012 principes
609 1947 871 2012 imperium
896 1948 1080 1996 exactis
1103 1949 1300 2012 regibus
1319 1950 1382 1997 ad
1408 1966 1593 1997 annum
1614 1950 1928 1998 millesimum

104 2018 388 2080 tenuerint,
429 2018 488 2066 ab
525 2020 885 2081 Agamemnone
920 2020 1058 2084 prius
1093 2028 1391 2085 occupatum
1427 2037 1530 2068 non
1576 2019 1663 2068 fiet
1700 2019 1928 2068 omnibus

102 2089 370 2138 verisimile
383 2108 396 2152 3
437 2097 524 2136 aut
561 2097 716 2151 certe,
757 2090 842 2154 qui
879 2089 977 2138 hoc
1025 2099 1271 2152 asserant,
1321 2089 1553 2138 authores
1603 2091 1930 2156 proferendos

104 2167 362 2223 expetam:
401 2159 672 2223 quinetiam
697 2160 1042 2224 Sicyoniorum
1067 2178 1273 2224 regnum
1300 2162 1569 2209 arbitratus
1599 2161 1707 2225 ipse
1738 2162 1930 2209 stetisse

104 2229 170 2277 ad
210 2230 346 2277 mille
385 2230 583 2278 circiter
625 2247 803 2292 annos,
843 2232 900 2278 ab
939 2232 1302 2294 Agamemnone
1340 2249 1443 2279 non
1489 2233 1710 2295 potuisse
1742 2231 1931 2294 invadi,

107 2299 278 2362 debet,
316 2307 374 2347 ut
416 2300 509 2348 sibi
541 2308 761 2363 constet,
801 2308 850 2348 et·
881 2302 1084 2364 reliquis
1119 2301 1420 2363 consentiat,
1459 2309 1815 2366 consequenter
1848 2301 1933 2347 as-

106 2386 279 2418 serere.
353 2369 428 2417 Ab
468 2370 829 2433 Agamemnone
868 2372 1153 2434 subiugatos
1189 2372 1448 2436 Sicyonios
1489 2388 1593 2419 non
1630 2372 1779 2420 fuisse
1810 2370 1936 2419 mihi

105 2442 264 2488 multo
300 2440 481 2488 certius
520 2440 859 2489 demonstrant
885 2442 1124 2489 Eusebius
1163 2450 1211 2489 et
1246 2459 1383 2491 meus
1417 2441 1683 2504 Georgius,
1722 2457 1934 2504 quorum

106 2510 195 2558 ille
216 2510 386 2557 deletis
411 2510 656 2574 Sicyoniis
680 2513 1089 2574 Agamemnonem
1112 2513 1257 2573 longe
1280 2511 1499 2575 priorem
1515 2548 1528 2570 ,
1567 2509 1652 2558 hic
1686 2527 1788 2559 non
1816 2529 1932 2559 mo·-

108 2581 221 2628 dico
260 2581 418 2644 spatio
461 2582 788 2645 posteriorem
823 2583 996 2630 fecere.
1069 2580 1143 2627 Ab
1172 2581 1384 2628 Eusebio
1412 2581 1613 2628 tandem
1650 2589 1697 2629 et
1724 2582 1931 2645 reliquis

110 2650 438 2713 chronologis
469 2649 680 2697 discedit
714 2650 975 2708 Petavius;
1016 2650 1114 2699 illis
1146 2651 1276 2699 enim
1307 2651 1449 2699 annis
1479 2652 1618 2700 mille
1654 2651 1932 2716 Sicyonio-

109 2738 222 2769 rum
261 2722 398 2784 regni
442 2721 660 2785 spatium
699 2720 1243 2784 circumscribentibus,
1294 2721 1520 2770 Petavius
1548 2722 1819 2770 terminum
1843 2739 1934 2771 eo-

109 2807 219 2840 rum
246 2791 477 2839 ultimum
512 2791 564 2837 in
591 2807 775 2838 annum
803 2792 995 2839 Periodi
1020 2792 1234 2839 Iulianae
1259 2793 1410 2845 3547.
1447 2795 1689 2856 seposuit,
1730 2793 1934 2841 exordia

112 2861 174 2910 ad
208 2864 362 2915 2550.
394 2861 448 2909 id
487 2868 561 2909 est
584 2860 745 2909 tribus
782 2863 923 2909 annis
950 2879 1105 2926 aequo
1132 2862 1320 2910 tardius
1348 2862 1594 2925 alligavit,
1635 2880 1692 2911 ac
1728 2864 1932 2911 biennio

110 2940 263 2996 post,
291 2931 387 2983 hoc
426 2937 498 2978 est
530 2931 659 2978 iusto
696 2933 797 2980 sere
830 2935 1066 2991 termino,
1103 2931 1270 2980 fixisse
1305 2933 1580 2997 poenituit,
1618 2933 1835 2982 scribens
1870 2933 1934 2981 ad

112 2971 287 3049 ultinio
321 3003 521 3048 citatum
546 3019 730 3048 annum
762 3002 846 3050 lib.
878 3008 956 3055 13.
1001 3005 1351 3065 Sicyoniorum
1386 3021 1595 3068 regnum
1627 3007 1764 3052 circa
1798 3005 1935 3051 lzunc

115 3089 307 3118 annam
334 3074 540 3118 initium
565 3074 769 3134 accepit.
843 3076 1060 3121 Biennio
1095 3076 1452 3122 antevertz'mus
1488 3074 1573 3123 lib.
1609 3079 1658 3129 9.
1695 3073 1756 3122 de
1780 3077 1933 3123 Doct.

116 3150 261 3205 temp.
301 3158 411 3204 cap.
446 3145 527 3193 16.
578 3141 678 3190 Sed
698 3142 783 3189 laio
806 3161 970 3192 annus
993 3146 1178 3208 placet.

258 3207 513 3276 Κάστορος
536 3212 647 3278 περὶ
674 3215 765 3278 τῆς
788 3215 1075 3279 βασιλείας.]
1114 3215 1247 3262 Haec
1285 3214 1520 3263 Eusebius
1550 3210 1675 3264 κατοὶ
1707 3211 1837 3272 λέξιν
1871 3211 1935 3258 ad

117 3275 302 3329 annum
335 3280 559 3328 Abrahae
597 3286 714 3335 880.
804 3284 1050 3332 Castorem
1086 3301 1262 3348 genere
1304 3285 1582 3344 Rhodium,
1636 3282 1936 3330 habitatione

120 3352 344 3398 Galatam
383 3350 442 3397 de
486 3352 629 3399 rebus
671 3352 1043 3402 Atheniensium
1088 3363 1134 3402 et
1176 3355 1475 3419 Argivorum
1526 3352 1776 3415 scripsisse
1808 3351 1937 3414 leges

121 3421 253 3486 apud
276 3420 564 3468 Eusebium:
602 3421 715 3469 Iulii
745 3424 959 3471 Caesaris
986 3433 1208 3489 ternpore
1234 3426 1420 3474 vixisse
1454 3425 1598 3471 docet
1624 3421 1811 3467 Suidas.
1866 3422 1937 3468 De

121 3491 221 3540 viri
236 3492 434 3538 fortuna
450 3498 496 3538 et
512 3491 605 3538 scri
610 3493 708 3554 ptis
719 3493 865 3557 plura
879 3495 1085 3543 discutit
1100 3495 1297 3545 Vossius
1310 3496 1370 3545 de
1384 3493 1565 3558 Script.
1579 3490 1777 3540 Graecis
1788 3490 1873 3541 lib.
1889 3494 1936 3545 1.

211 3573 370 3631 Georg.
399 3574 629 3630 Syncellus.
659 3573 715 3616 11.
1529 3565 1597 3615 27
