2222 3938
311 145 438 226 520
939 168 1516 226 EMENDATmNEs
1540 162 1545 165 ’

312 301 574 354 nobilitate
596 306 662 350 'et
697 298 975 349 eruditione
1013 298 1365 364 spectatissimi
1393 299 1571 347 fratres
1595 297 1799 346 Puteani
1829 299 2140 365 perhumane·

313 382 366 435 et
408 373 662 422 commode
702 377 1072 434 suggesserunt:
1112 377 1163 417 et
1198 370 1398 419 demum
1435 368 1500 415 ad
1539 367 1838 417 desideratae
1876 371 2136 419 cuiuslibet

313 438 572 493 doctrinae
596 442 962 506 procurandam
993 439 1320 488 accessionem
1345 437 1593 488 recentius
1628 440 1827 503 quidem
1860 441 2136 506 Syncellia-

309 531 403 563 nae
435 513 592 579 partis
617 518 913 559 memoratae
943 511 1044 559 MS.
1079 510 1304 559 codicem
1331 526 1396 558 ex
1426 508 1661 556 Vaticano
1690 527 1900 559 numero
1928 512 2046 564 154.
2086 518 2137 559 et

308 584 512 634 laudato
534 581 758 629 Palatino
782 588 1200 647 transsumptum,
1236 581 1302 628 ad
1330 596 1422 628 nos
1444 596 1599 643 usque
1626 580 1833 629 diversis
1865 581 1975 628 aliis
2008 598 2135 629 con-

311 655 539 704 iunctum
575 651 764 716 publici
799 651 919 700 boni
962 651 1351 712 amantissimus,
1399 650 1652 714 magisque
1698 651 1844 699 bonis
1889 651 2134 714 omnibus,

310 740 459 789 quam
486 722 578 770 sibi
607 721 798 787 optimo
823 722 1012 785 vivens,
1040 730 1127 771 aut
1154 720 1442 785 dignissimo
1469 719 1561 768 sibi
1582 722 1838 784 possidens
1866 721 2137 786 quidquam

306 791 740 844 Eminentissimus
776 793 1019 841 Dominus
1055 791 1330 841 Cardinalis
1369 791 1664 839 Franciscus
1696 792 1990 840 Barberinus
2022 793 2137 840 mit·

308 863 516 912 tendum
549 863 760 913 curavit.
830 863 909 911 Ex
942 863 1093 926 Regio
1134 863 1314 926 igitur,
1351 868 1501 927 prout
1536 859 1818 926 hucusque,
1856 880 1967 910 cum
2005 863 2138 910 Bar-

307 933 506 995 berino‚
545 934 905 998 Perezianoque
932 934 1086 983 Codd.
1110 934 1317 995 collato,
1356 939 1524 979 nostra
1559 932 1791 998 deinceps
1825 933 2015 995 versio,
2055 933 2139 981 vel

306 1005 512 1053 notulae
544 1005 836 1068 procedent.
908 1004 964 1051 In
1003 1004 1103 1052 illis
1140 1003 1391 1070 praesenti
1428 1001 1818 1067 Chronologicae
1862 1011 2139 1069 postremae

303 1075 439 1141 parti
463 1074 753 1139 praefigitur
775 1075 986 1122 titulus:

449 1146 702 1211 Γεωργίου
739 1149 832 1195 τοῦ
869 1137 1229 1230 εύλαβεστατου
1270 1146 1493 1209 μοναχοῦ
1528 1141 1613 1192 καὶ
1637 1140 1918 1209 Συγκὲλλου
1942 1138 2137 1229 γεγονό-

306 1233 393 1274 τος
426 1216 676 1281 Ταρασίου
695 1218 789 1265 τοῦ
818 1234 1095 1282 αγιωτατου
1124 1209 1532 1299 Ἀρχιεπισκόπου
1563 1211 2140 1274 Κωνσταντινουπόλεως

307 1281 565 1347 σύνταξις,
604 1282 718 1350 ἤτοι
741 1286 1081 1373 χρονογραφία
1102 1284 1156 1335 ἐν
1179 1279 1395 1353 ἐπιτόμω
1425 1279 1524 1333 οἷπὸ
1551 1286 1641 1347 τῆς
1666 1284 1916 1349 βασιλείας
1934 1280 2139 1334 Ἰουλίου

305 1356 566 1421 Καίσαρος
592 1353 874 1420 Ῥωμαίων,
914 1355 1052 1414 ἔτους
1088 1374 1187 1404 απο
1225 1356 1429 1414 κτίσεως
1459 1349 1688 1421 κόσμου
1692 1350 1831 1406 ευλδ’.
1873 1353 2012 1421 μέχρι
2049 1358 2142 1419 τῆς

305 1427 560 1492 βασιλείας
595 1429 687 1476 τοῦ
735 1421 934 1509 πρώτου
980 1425 1120 1485 ἔτους
1164 1427 1556 1488 Διοκλητιανοῦ
1605 1420 1810 1490 κόσμου
1845 1423 1928 1491 ἔτη
1967 1421 2140 1494 εψοζ.

308 1494 442 1562 ὁμοῦ
466 1495 549 1561 ἔτη
572 1492 690 1562 τμγῖ
729 1491 1002 1562 Πομπήϊος
1026 1496 1288 1566 πολιορκία
1311 1490 1498 1560 λαβών.

445 1565 537 1614 His
564 1566 756 1613 ultimis
783 1566 947 1615 verbis
982 1567 1037 1614 in
1062 1547 1274 1614 huiusce
1291 1573 1439 1614 notae
1462 1565 1667 1613 titulum
1691 1564 1956 1631 assumptis
1986 1581 2143 1630 prae-

306 1635 466 1684 mittit
492 1636 709 1699 Scaliger
739 1654 788 1702 p.
815 1638 903 1690 59.

306 1774 337 1828 Ξ
444 1704 710 1791 Αἰγύπτου
765 1706 850 1757 καὶ
905 1701 1276 1775 Ἀλεξανδρείας
1332 1705 1649 1773 ἐβασίλευσεν
1697 1700 1768 1756 θ’.
1816 1699 2142 1772 Ἀλέξανδρος

333 1794 358 1826 τ
427 1772 474 1828 ι’.

359 1795 392 1842 η
447 1841 710 1938 Αἰγύπτου
732 1843 818 1896 καὶ
812 1841 1205 1930 Ἀλεξανδρείας
1225 1840 1597 1913 ἕβασίλευσεν’
1565 1866 1614 1897 ι.
1652 1848 1963 1913 Πτολεμαῖος
1987 1849 2148 1897 Kaso-

305 1911 495 1983 πάτρας
526 1914 639 1976 υἷος
668 1919 750 1982 ε’τη
778 1913 841 1981 η’.

445 1982 708 2069 Αἰγύπτου
744 1986 830 2038 καὶ
881 1981 1246 2055 Ἀλεξανδρείας
1282 1985 1599 2097 ἐβασίλευσεν
1639 1980 1719 2036 ια’.
1769 1988 2080 2052 Πτολεμαῖος
2114 1984 2143 2038 ὅ

305 2052 622 2116 Διονύσιος’
605 2056 687 2122 ε’τη
714 2053 771 2106 λ’.

444 2126 578 2174 Haec
603 2134 742 2174 extra
770 2126 933 2174 sedem
957 2125 1118 2191 posita
1144 2142 1237 2174 nec
1261 2125 1367 2190 ipse
1397 2125 1616 2187 Scaliger
1651 2123 1987 2173 inficiabitur:
2026 2126 2141 2175 Eu-

304 2196 439 2245 sebio
471 2197 751 2245 consentire
773 2196 1032 2262 piobabit,
1070 2196 1156 2261 qui
1196 2196 1379 2243 eisdem
1414 2194 1612 2244 Eusebii
1651 2195 1839 2260 scripta
1874 2212 2142 2260 compara-

305 2267 462 2315 verit:
501 2267 636 2331 quod
662 2267 953 2315 sententiam
973 2266 1036 2313 ad
1061 2283 1171 2331 pag.
1200 2270 1319 2320 290.
1346 2273 1490 2313 notas
1510 2265 1730 2331 positam
1754 2282 1817 2313 ex
1840 2274 1985 2336 parte
2014 2283 2140 2315 con-

304 2336 533 2399 firment,
569 2338 851 2385 nullatenus
880 2338 1098 2386 arbitror
1124 2336 1449 2401 iepudianda.

447 2405 751 2486 Βρεττανους
769 2407 1019 2473 Ῥωμαίοις
1043 2405 1297 2465 ὑποτελεῖς
1331 2398 1679 2471 καταστήσας]
1730 2405 1950 2454 Stellulis
1985 2406 2139 2454 lacu-

304 2493 485 2525 narum
509 2478 640 2524 notis
665 2485 712 2526 et
737 2477 928 2542 aliquid
950 2477 1219 2525 desiderari
1246 2476 1618 2540 suggerentibus
1644 2475 1938 2524 continuum
1973 2483 2024 2525 et
2046 2477 2141 2524 in-

304 2554 499 2610 tegrum
538 2547 777 2595 sermonis
809 2548 950 2596 filum
992 2546 1244 2612 abrumpit
1284 2546 1530 2610 Scaliger·
1569 2553 1619 2595 et
1655 2545 1950 2612 sibimetipsi
1985 2546 2140 2611 magis

307 2633 454 2682 quam
484 2617 693 2681 Georgio
718 2618 938 2666 defectus
971 2625 1140 2666 notam
1169 2618 1343 2669 inuiit.

447 2687 557 2749 Pflg.
595 2691 716 2741 303.
755 2682 1095 2754 Κλεοπάτρα’
1080 2687 1162 2753 ε’τη
1190 2683 1267 2752 κβ’
1273 2686 1306 2752 .]
1344 2686 1688 2749 Barberinum‚
1725 2685 2058 2747 Perezianum‚
2088 2693 2139 2734 et

303 2753 384 2804 his
419 2755 566 2803 etiam
596 2757 807 2805 testibus
841 2758 1148 2819 Palatinum,
1188 2757 1252 2804 ad
1285 2757 1419 2822 quod
1458 2756 1656 2804 collatio
1694 2757 1825 2804 facta
1854 2762 1952 2816 est,
1983 2755 2137 2804 annis

306 2826 597 2890 Cleopatrae
624 2827 706 2879 25.
747 2827 1056 2891 assignandis
1096 2827 1335 2875 concordi
1367 2826 1653 2875 charactere
1678 2826 1988 2890 conspirant:
2027 2827 2139 2874 Re·-

303 2895 438 2959 gium
467 2902 696 2943 nostrum
719 2903 802 2950 22,
820 2897 1008 2962 putatis
1034 2904 1324 2945 contentum
1348 2904 1447 2945 est:
1484 2903 1668 2944 cuncta
1692 2896 1832 2956 regni
1848 2896 1953 2943 eius
1976 2913 2138 2944 exor-

306 2965 390 3012 dia
419 2965 613 3028 vulgari
645 2974 767 3018 mu*
771 2967 822 3014 di
862 2985 992 3015 anno
1021 2968 1175 3021 5446.
1201 2966 1528 3016 devincienda
1554 2972 1817 3014 testantur.
1887 2965 2136 3014 Numerus

303 3042 518 3098 uterque
509 3001 674 3099 capud
707 3036 971 3100 Georgium
993 3037 1237 3098 incertus,
1275 3044 1324 3083 et
1352 3036 1412 3083 ab
1438 3053 1494 3083 eo
1528 3043 1801 3083 secummet
1830 3035 1979 3084 variis
2006 3036 2135 3084 locis

306 3104 613 3152 colluctante
637 3105 872 3153 asseritur
892 3114 1116 3170 uterque.
1188 3105 1413 3169 Inspice,
1450 3104 1620 3160 sode8‚
1656 3122 1769 3170 pag.
1798 3110 1918 3160 261.
1935 3106 1994 3155 A.
2017 3123 2136 3155 ver—

303 3175 394 3223 ba:
433 3170 536 3225 οἷπο
581 3169 800 3240 ἑβδόμου
844 3174 984 3234 ἔτους
1015 3170 1363 3241 Ἀλεξανδρου,
1404 3193 1496 3233 εως
1532 3169 1629 3239 κβ’.
1690 3171 2015 3242 Κλεοπατρας
2050 3175 2136 3241 ε’τη

303 3239 573 3310 τριακόσια.
621 3244 794 3292 Annus
810 3242 1083 3292 Alexandri
1104 3244 1343 3308 septimus
1368 3242 1410 3291 is
1437 3251 1527 3306 est,
1566 3260 1667 3308 quo
1694 3245 1903 3293 decessit
1928 3263 1955 3293 e
1981 3246 2130 3303 vivis,

300 3322 455 3378 prout
484 3314 649 3362 eadem
685 3331 793 3378 pag.
835 3313 1058 3361 decernit
1082 3316 1133 3361 C.
1158 3313 1330 3360 mundi
1357 3313 1510 3366 5170.
1550 3330 1578 3360 a
1616 3331 1714 3378 quo
1752 3315 2131 3363 tercentesimus

303 3391 378 3430 est
398 3384 573 3432 mundi
599 3385 752 3437 5470.
780 3399 924 3448 quem
946 3399 1194 3447 nusquam
1221 3383 1483 3448 Cleopatra
1507 3382 1566 3430 ab
1595 3401 1724 3432 anno
1750 3384 1903 3438 5446.
1925 3402 2135 3448 regnum

303 3453 560 3519 auspicata
600 3452 787 3522 poterit
841 3453 1115 3519 attingere,
1151 3451 1249 3503 nisi
1279 3469 1489 3520 regnans
1528 3470 1684 3503 annos
1727 3456 1810 3509 25.
1847 3455 2131 3504 emetiatur:
