2112 3854
173 170 257 228 38
819 175 887 233 G.
923 173 991 228 G.
1024 147 1365 231 BREDovn

176 306 288 368 Qua
320 305 554 355 citatione
578 320 754 367 magna
787 303 920 352 inter
945 302 1247 353 Christianos
1269 303 1538 353 auctoritas
1562 302 1691 352 libro
1718 302 1884 352 addita
1917 309 2005 352 est.

174 403 247 416 -
275 377 437 426 Etiam
461 378 635 425 Petrus
656 375 794 425 hunc
814 375 997 423 librum
1026 375 1298 440 respexisse
1317 375 1546 437 videtur,
1574 374 1717 439 epist.
1740 375 1800 424 Π.
1829 391 1935 439 cap.
1951 379 2004 427 2.

176 463 224 499 v.
251 447 300 502 4.
327 440 522 496 dicens:
558 447 716 510 „Nam
744 446 787 494 si
819 447 945 492 Deus
970 461 1029 492 ne
1052 445 1235 509 angelis
1262 446 1460 510 quidem
1485 445 1805 510 peccantibus
1829 458 2006 509 peper-

177 513 272 580 c'it,
307 533 481 568 verum
517 516 702 565 catenis
745 515 1056 564 tenebrarum
1104 518 1398 564 constrictos
1428 533 1510 564 eos
1543 515 1598 563 in
1626 516 1885 563 Tartarum
1914 514 2008 562 de-

175 588 324 651 iecit,
361 597 420 636 ut
457 588 520 635 ad
553 586 793 635 iudicium
830 593 1148 635 servarentur
1187 585 1312 635 etc.''
1388 585 1628 649 Georgius
1670 587 1800 633 enim
1835 601 1861 632 e
1883 601 2009 650 pro-

175 658 358 725 phetiis
382 657 574 706 Enochi
606 665 714 721 pao.
740 657 823 710 25.
844 656 899 707 Β.
929 656 980 705 C.
998 655 1121 704 haec
1159 656 1447 723 descripsit:
1484 658 1580 720 „Et
1607 654 1847 720 Raphaeli
1879 653 2010 703 dixit

179 731 335 777 Deus:
370 727 541 790 „Vade
572 694 792 793 Raphael
815 735 863 775 et
894 726 1119 775 Azaelem
1142 727 1266 791 liga,
1303 744 1479 775 manus
1507 734 1556 774 et
1583 727 1732 791 pedes
1760 726 1864 773 eius
1891 724 2011 773 vin-

182 799 310 846 culis
336 797 634 861 constringe,
673 804 722 845 et
744 797 796 845 in
817 798 1043 846 tenebras
1062 798 1296 860 immitte3
1332 798 1387 845 in
1407 799 1654 846 desertum
1677 813 1786 844 eum
1802 795 2009 861 proiice,

180 876 232 917 et
255 868 524 933 suppositis
545 863 594 915 'ei
617 868 747 916 saxis
773 868 930 916 acutis
959 876 1007 917 et
1022 869 1204 933 asperis
1227 869 1427 917 involve
1443 885 1591 933 super
1607 883 1716 915 eum
1733 867 2011 930 caliginem,

180 955 328 1004 quam
341 938 394 985 i'n
413 939 666 986 aeternum
686 938 887 1001 incolat,
903 956 1056 1003 usque
1077 938 1139 986 ad
1166 939 1295 987 diem
1318 939 1504 1002 iudicii,
1521 956 1616 1003 qua
1636 938 1867 986 incendio
1885 953 2013 985 con-

178 1007 455 1060 sumatur.''
493 1010 555 1057 Et
577 1009 942 1058 Tertullianus:
979 1009 1229 1074 „Angelos
1256 1009 1370 1058 illos
1397 1017 1672 1075 peccantes,
1694 1008 1781 1073 qui
1800 1009 1863 1056 ad
1882 1007 2013 1055 filias

177 1077 440 1127 hominum
473 1080 534 1128 de
572 1081 711 1128 coelo
744 1080 960 1143 ruerint,
999 1098 1027 1127 a
1059 1081 1159 1127 Deo
1198 1080 1254 1128 in
1290 1097 1501 1145 poenam
1539 1079 1714 1128 mortis
1755 1077 2013 1127 damnatos

181 1149 320 1208 esse?
356 1145 574 1216 pluries,
617 1167 810 1225 semper
842 1166 961 1199 vero
999 1167 1024 1199 e
1048 1145 1249 1216 scriptis
1274 1146 1468 1219 Enochi
1499 1150 1674 1199 narrat
1703 1150 1764 1198 de
1790 1149 2015 1198 Idolola—

177 1221 277 1270 tria
300 1236 408 1286 cap.
430 1220 480 1274 4.
519 1221 580 1269 de
604 1222 744 1269 'cultu
767 1216 990 1273 seminar.
1019 1221 1057 1271 Ι.
1087 1238 1130 1269 c.
1153 1227 1202 1275 2.
1238 1221 1297 1268 ΙΙ.
1323 1238 1366 1269 c.
1393 1226 1476 1275 20.
1511 1220 1584 1258 ἑ

322 1288 560 1355 Georgius
596 1290 752 1354 igitur
778 1286 998 1356 primum
1029 1287 1213 1338 librum
1235 1287 1442 1353 Enochi,
1478 1299 1528 1339 'et
1548 1288 1700 1339 Mo'sis
1725 1289 1928 1355 scripta,
1967 1298 2018 1338 et

179 1362 331 1425 Petri,
364 1365 457 1413 τοῦ
475 1359 760 1428 ’κορυφαίου
779 1365 881 1411 τῶν
903 1356 1206 1424 ἄπόστόλων,
1242 1363 1302 1423 ut
1322 1360 1602 1409 testimonia
1621 1359 1757 1428 ¹paris
1779 1360 2018 1409 momenti

182 1433 381 1482 ordinat
415 1449 467 1498 p.
493 1436 576 1485 11.
614 1433 692 1494 G„
730 1439 877 1496 atque
906 1447 931 1479 e
955 1430 1231 1497 prophetiis
1258 1425 1452 1480 Enochi
1475 1440 1632 1480 totam
1653 1433 2020 1497 Egregororum

183 1502 473 1563 historiam,
511 1501 580 1563 ὥς
603 1500 982 1571 συγγενεστὲραν
1013 1507 1122 1563 ταῖς
1145 1498 1407 1571 ’ἡμετέραις
1430 1508 1675 1570 γραφαῖς,
1714 1503 1760 1554 εἰ
1785 1502 1871 1553 καὶ
1898 1497 2020 1553 nimi-‘-

181 1570 375 1641 κρυφὸς
397 1573 498 1625 ἐστι
520 1572 604 1623 καὶ
625 1573 679 1624 ἔν
699 1588 827 1623 τισιν
848 1568 1140 1643 ἀμφίβολος,
1159 1584 1277 1639 pag.
1295 1577 1358 1626 11
1373 1601 1444 1611 -
1458 1578 1540 1627 13.
1565 1581 1614 1622 et
1628 1590 1738 1639 pag.
1763 1577 1832 1628 24
1849 1600 1912 1610 --
1931 1577 2018 1628 26.

182 1644 340 1693 verbo
367 1653 514 1692 tenus
545 1643 780 1692 describit
790 1661 804 1705 3
844 1651 892 1691 et
913 1644 1018 1692 sine
1044 1644 1177 1692 omni
1211 1643 1536 1692 haesitatione
1560 1662 1609 1709 p.
1634 1647 1721 1697 33.
1745 1645 1802 1694 D.
1834 1651 1884 1692 et
1907 1660 2020 1710 pag.

184 1715 271 1769 34.
299 1715 358 1763 A.
391 1713 596 1762 Enocho
617 1722 816 1762 auctore
854 1722 1051 1780 narrat,
1088 1714 1334 1784 U1·ielem‚
1371 1714 1732 1778 Archangelum
1754 1722 2020 1779 astrorum,

184 1786 288 1833 Deo
310 1785 510 1846 iubente
533 1783 739 1834 Enocho
763 1786 1018 1853 revelasse,
1045 1785 1167 1848 quid
1192 1783 1392 1847 mensis,
1431 1785 1554 1850 quid
1585 1785 1704 1834 solis
1742 1786 2020 1849 conversio,

187 1856 309 1921 quid
342 1873 500 1904 annus
526 1855 619 1919 sit,
651 1848 935 1920 annumque
957 1850 1145 1904 duabus
1169 1848 1218 1904 e't
1238 1855 1601 1921 'quinquaginta
1625 1855 2022 1905 hebdomadibus

186 1924 439 1991 componi.
508 1926 679 1993 Neque
707 1926 911 1989 dubito,
954 1922 1077 1991 quin
1101 1926 1149 1974 e't
1173 1927 1270 1974 alia
1295 1944 1357 1974 ex
1383 1926 1481 1975 hoc
1503 1927 1629 1975 libro
1645 1964 1659 1989 ‚
1695 1934 1896 1975 auctore
1917 1944 2023 1975 non

184 1998 469 2057 nominato,
508 1993 768 2063 desumpta
804 1997 931 2060 sint,
969 2005 1029 2045 ut
1063 2013 1174 2063 pag.
1202 2001 1283 2057 10.
1320 1997 1382 2045 de
1405 1997 1557 2046 Setho
1590 2005 1763 2062 rapto,
1803 2014 1912 2063 pag.
1937 2002 2021 2052 19.

184 2067 248 2118 D.
275 2074 324 2116 et
343 2072 429 2126 20.
454 2065 512 2116 A.
544 2067 607 2128 de
630 2064 914 2116 nominibus
952 2067 1174 2116 filiorum
1210 2057 1300 2115 'Dei
1327 2071 1385 2116 'et
1406 2068 1623 2116 filiarum
1648 2067 1909 2116 hominum
1932 2069 2024 2117 de-

187 2154 282 2204 que
318 2137 510 2186 artibus
541 2138 838 2186 'mulieribus
863 2138 1084 2201 traditis;
1124 2155 1234 2203 pag.
1254 2140 1338 2192 31.
1378 2147 1428 2187 et
1450 2142 1536 2193 32.
1561 2139 1806 2187 nonnulla
1829 2156 2023 2202 eorum,

188 2224 312 2274 quae
340 2204 582 2273 Georgius
604 2225 667 2256 ex
688 2208 973 2257 Alexandro
996 2203 1309 2274 Polyhisto're
1336 2209 1597 2275 excerpsit.

248 2310 250 2313 v
332 2279 534 2328 Caetera
575 2279 724 2342 citata
759 2287 960 2345 patrum
995 2271 1451 2328 ‘ecclesiasticorum
1482 2297 1545 2328 ex
1567 2279 1665 2328 hoc
1685 2278 1816 2328 libro
1842 2278 2025 2345 deper-

189 2348 295 2398 dito
324 2349 462 2417 (nam
483 2349 610 2398 liber
628 2349 956 2415 Aethiopicus
982 2351 1201 2399 eiusdem
1227 2351 1442 2398 nominis
1467 2369 1572 2399 non
1597 2350 1729 2410 idem
1758 2348 1869 2416 est),
1903 2351 2024 2399 dili-

186 2428 358 2484 genter
385 2413 593 2469 collecta
611 2420 733 2485 legis
756 2421 810 2468 in
832 2417 1045 2469 Fabricii
1063 2419 1241 2469 'codice
1263 2419 1696 2487 Pseudepigrapho
1730 2420 1790 2470 V.
1821 2422 1877 2469 T.
1912 2438 2025 2486 pag.

191 2494 362 2543 160-
379 2494 505 2544 178:
541 2508 686 2539 nemo
710 2499 877 2540 tamen
896 2491 1055 2539 maius
1075 2487 1268 2539 Enochi
1283 2482 1610 2556 fragmentum
1622 2491 1766 2539 nobis
1790 2493 2025 2553 servavit,

190 2561 277 2608 sed
312 2561 607 2626 plerumque
642 2562 847 2610 illorum
879 2562 1029 2610 citata
1054 2564 1090 2611 “e
1113 2559 1324 2627 Georgio
1366 2571 1539 2611 nostro
1563 2564 1726 2610 lucem
1754 2562 2024 2627 accipiunt.

190 2629 299 2679 Hoc
330 2648 392 2678 ex
411 2630 472 2678 iis
500 2631 798 2694 colligimus,
841 2634 1042 2697 scripta,
1082 2649 1206 2696 quae
1233 2634 1324 2681 sub
1350 2634 1549 2681 nomine
1572 2631 1763 2681 Enochi
1790 2633 2025 2680 fereban-

189 2708 288 2762 tur,
313 2718 416 2748 non
440 2700 670 2749 historici
698 2703 971 2765 argumenti
994 2703 1160 2765 fuisse,
1187 2703 1274 2751 sed
1293 2703 1355 2751 ad
1379 2704 1619 2751 rationem
1644 2702 2026 2768 prophetiarum

191 2769 382 2820 Veteris
408 2772 709 2819 Testamenti
729 2773 1005 2837 composita
1020 2810 1034 2834 ‚
1073 2780 1132 2820 ut
1155 2773 1242 2820 illa
1267 2774 1488 2822 narratio
1511 2775 1572 2822 de
1593 2775 1851 2839 Egregoris
1872 2774 2024 2822 modo

189 2842 409 2906 exempli
432 2859 581 2889 causa
610 2842 794 2889 inserta
825 2843 980 2891 fuisse
1006 2842 1252 2892 videatur.

331 2911 493 2960 Alium
527 2912 811 2960 traditionis
859 2913 921 2961 de
964 2908 1223 2983 Egregoris
1258 2920 1437 2962 testem
1474 2913 1712 2979 Georgius
1761 2913 1933 2962 laudat
1969 2931 2025 2980 p.

192 2985 274 3036 13.
301 2982 358 3030 D.
395 2990 444 3030 et
466 2998 576 3048 pag.
603 2982 682 3035 14.
709 2982 765 3030 A.
803 2984 1065 3031 Zosimam
1091 2978 1482 3050 PanopOZitam,
1521 2993 1605 3038 aut
1632 2985 1784 3033 Suida
1805 2990 2024 3046 auctore,

188 3053 585 3101 Alexandrinum
601 3091 615 3113 ,
655 3061 787 3100 certe
815 3071 928 3119 ergo
950 3055 1252 3121 Aegyptiam
1276 3082 1337 3091 -·
1365 3056 1574 3104 fortasse
1598 3055 1865 3120 Panopoli,
1901 3056 2025 3103 urbe

189 3123 494 3185 Thebaidos,
530 3131 677 3170 natus
717 3128 791 3170 est
830 3133 881 3172 et
917 3125 1249 3174 Alexandriae
1283 3127 1414 3175 vixit
1440 3153 1510 3164 -
1536 3127 1624 3191 qui
1651 3126 1807 3174 libros
1832 3133 1944 3173 octo
1975 3132 2026 3173 et
2070 3134 2075 3145 '

188 3193 374 3258 viginti
409 3194 471 3241 ad
506 3192 829 3241 Theosebiam
850 3231 864 3256 ,
916 3213 1066 3259 quam
1106 3196 1282 3244 Suidas
1318 3214 1536 3245 sororem
1576 3205 1753 3258 vocat,
1806 3195 2024 3261 scripsit.

191 3264 232 3312 E
253 3263 577 3313 multitudine
598 3263 844 3311 librorum
863 3263 1155 3330 varietatem
1176 3263 1341 3329 reru‘m
1365 3267 1421 3315 in
1443 3267 1506 3315 iis
1523 3273 1887 3332 pertractarum
1907 3283 2025 3314 con-

189 3334 343 3382 iicere
379 3334 527 3396 licet,
575 3333 707 3382 unde
742 3334 953 3383 fortasse
1002 3343 1050 3384 et
1097 3336 1309 3385 varietas
1345 3337 1729 3403 inscriptionum
1778 3336 2023 3401 explicari

189 3412 370 3469 potest.
405 3431 477 3444 —
514 3404 755 3467 Georgius
795 3411 956 3452 totum
994 3422 1118 3471 opus
1153 3408 1355 3455 nomine
1390 3408 1634 3473 Aegyptio
1667 3411 1758 3472 τῆς
1792 3402 2023 3472 Ἰμούθ·

191 3474 460 3538 significat,
500 3482 550 3523 et
571 3474 752 3523 librum
779 3490 997 3539 nonum,
1035 3493 1063 3524 e
1084 3493 1182 3540 quo
1208 3477 1378 3525 locum
1405 3479 1465 3526 de
1504 3478 1788 3542 angelorum
1815 3477 2023 3525 libidine
