2222 3938
609 174 663 229 A
697 171 1110 229 SCALIGERO
1144 171 1442 232 VITIATI.
1802 160 1928 223 325

105 308 177 359 ris
196 312 340 356 textu
365 298 672 367 desiderato,
708 301 964 368 subiungit
984 303 1165 369 pagina
1186 303 1420 369 Excerpt.
1446 300 1528 356 25.
1551 301 1605 350 C.
1641 296 1674 352 o‘
1697 295 1927 352 Πλάτων.

105 376 357 427 vocabula
382 375 504 424 haec
536 375 638 424 duo
666 382 772 422 non
800 374 921 439 legit
949 375 1165 440 Scaliger
1185 382 1236 424 et
1258 376 1438 424 lacuna
1465 387 1699 440 expressa
1730 370 1928 421 deside-

103 446 235 498 ravit
256 447 469 512 Excerp.
498 446 666 494 eadem
691 460 801 510 pag.

240 517 356 580 Pag.
395 516 512 570 150.
546 516 604 565 A.
637 514 802 564 verbis
837 513 975 564 hisce
1004 514 1162 567 ἕτεσιν
1197 511 1256 577 ξ’.
1296 511 1438 567 ἄλλοι
1474 510 1529 564 δὲ
1565 505 1626 563 θ’.
1659 510 1928 577 pericopen

100 587 386 637 finientibus
411 585 553 635 addit
567 579 882 651 Ἐπιμηθεῦς
909 584 963 636 δὲ
984 583 1079 652 τη“ν
1114 583 1362 652 μουσικήν
1386 585 1582 652 ἐξεῦρε·
1615 581 1704 635 καὶ
1734 587 1926 635 Δευκα-

100 659 226 710 λίων
249 653 312 708 τοὶ
334 656 448 723 περὶ
472 659 568 708 τοῦ
585 659 936 721 κατακλυσμοῦ
953 659 1046 721 τῆς
1073 651 1294 722 Ἀττικῆς
1320 650 1604 716 ἆνετᾶξατο.

238 727 353 791 Pag.
391 727 511 781 151.
544 727 600 777 Β.
643 721 924 790 Ταυτάνης,
971 726 1099 774 Scal.
1133 742 1240 791 pag.
1270 733 1437 774 textus
1471 723 1648 774 Euseb.
1685 721 1773 777 25.
1805 727 1926 774 Τευ-

31 799 34 804 ’
99 792 256 863 τᾶνης
282 796 365 849 ἐπὶ
397 791 578 847 τούτου
601 793 758 847 Ἴλιον
785 793 931 846 ἑάλω.
965 796 1020 845 C.
1057 794 1142 846 καὶ
1169 798 1273 846 ποῦ
1296 793 1526 864 ᾤκησαν,
1566 793 1818 861 expungit.
1869 794 1927 845 C.

95 861 272 936 Ὦρος,
308 866 395 915 1118
416 863 685 934 ’Έσλωρος.
721 867 779 914 D.
809 860 1052 930 Ἀθωρὶς,
1087 865 1174 913 1118
1196 860 1413 933 Ἀθυρίς.

240 938 357 1001 Pag.
395 937 512 991 152.
547 937 604 986 Β.
641 933 911 1002 Κροτωπός
941 935 1024 1000 ἔτη
1059 929 1152 986 κδ’.
1190 935 1317 984 Scal.
1346 936 1472 983 falso
1506 929 1589 985 κε’.
1622 933 1925 998 Argivorum

97 1024 263 1072 regem
288 1012 338 1062 9.
364 1005 442 1055 his
470 1007 637 1056 verbis
665 1013 994 1054 memoratum
1016 1000 1250 1073 Ἀργείων
1286 999 1358 1055 θ’.
1395 1004 1711 1071 ἐβασίλευσεν
1735 1002 1924 1054 Σθένε-

97 1082 183 1140 λος
202 1076 285 1144 ἔτη
308 1071 390 1129 ια’.
416 1077 606 1126 omittit
628 1084 796 1125 textus
819 1075 996 1124 Euseb.
1020 1092 1131 1141 pag.
1156 1079 1239 1129 26.
1263 1073 1389 1123 ibid.
1411 1075 1563 1124 verba
1588 1072 1615 1125 ὁ
1636 1069 1788 1135 αὐτὸς
1806 1079 1928 1123 ’Δα-

1 1179 4 1182 -
95 1145 220 1210 ναός
247 1147 487 1213 expungit
514 1149 573 1196 D.
603 1147 705 1198 τῶν
735 1141 851 1197 κατ’
881 1146 1169 1212 Ἀῖγυπτον,
1204 1145 1292 1192 1118
1315 1148 1419 1196 τῶν
1442 1145 1750 1211 Αἰγυπτίων.

239 1218 353 1282 Pag.
393 1218 508 1270 153.
545 1216 604 1266 A.
655 1215 867 1283 Κέκροψ
907 1214 938 1267 ὁ
971 1212 1186 1281 διφυῆς,
1236 1215 1378 1264 cuius
1414 1215 1527 1263 loco
1562 1213 1782 1277 Scaliger
1814 1229 1926 1278 pag.

95 1295 268 1337 textus
295 1288 472 1337 Euseb.
497 1293 582 1342 26.
615 1286 792 1335 scribit
817 1282 1002 1353 Αἰγεὺς
1032 1285 1337 1345 Πανδίονος.
1374 1285 1430 1334 Β.
1466 1281 1502 1350 ἢ
1533 1279 1608 1335 ὅτι
1632 1287 1736 1334 τῶν
1760 1283 1927 1349 Αἰγυ-

98 1359 292 1420 πτίων,
327 1358 414 1406 1118
448 1352 486 1423 ἢ
520 1355 595 1409 ὅτι
619 1357 898 1424 Αἰγυπτίος
934 1353 1020 1406 ῶν.
1056 1357 1116 1408 D.
1153 1355 1312 1420 Spatii
1341 1354 1486 1403 istius
1514 1353 1782 1402 sectionem
1811 1352 1928 1402 vide

97 1429 275 1478 eodem
302 1429 414 1477 loco
444 1428 785 1493 perturbatas,
824 1426 1097 1476 dictionem
1125 1427 1325 1492 Λιβὸἆν
1356 1426 1413 1473 in
1439 1425 1645 1475 Διωδᾶν
1667 1430 1925 1484 mutatam,

94 1507 375 1564 postremae
408 1497 617 1546 sectioni
652 1497 818 1545 addita
852 1496 913 1544 ab
953 1513 1009 1544 eo
1047 1495 1201 1544 verba
1231 1491 1356 1545 κατὰ
1380 1494 1618 1560 Κέκροπα
1649 1490 1734 1545 τὸν
1766 1493 1928 1558 διφυῆ

94 1573 294 1636 πρῶτον
325 1563 571 1637 Ἀθήνῃσι
595 1566 827 1632 βασιλέα,
865 1563 986 1631 μετοὶ
1011 1562 1233 1632 ’Ὡγυγον
1256 1565 1341 1615 καὶ
1363 1562 1448 1616 τὸν
1479 1560 1562 1615 ἐπ’
1589 1558 1747 1614 αὐτοῦ
1769 1580 1927 1613 κατα-

93 1635 311 1704 κλυσμὸν
338 1636 528 1705 ἐγένετο
555 1641 784 1704 Μωσῆς,
822 1636 886 1684 ad
911 1635 1114 1699 Eusebii
1138 1634 1337 1700 quidem
1363 1650 1597 1700 scopum,
1635 1641 1685 1682 et
1706 1649 1735 1681 a
1759 1633 1924 1681 Geor-

4 1755 7 1759 .
94 1709 160 1775 gii
188 1708 388 1773 scriptis
411 1708 583 1765 aliena.

235 1780 349 1841 Pag.
387 1779 504 1833 154.
553 1779 613 1826 D.
659 1771 935 1844 Ἀσσυρίων
975 1770 1035 1828 λ’.
1074 1774 1392 1842 ἐβασίλευσεν
1427 1766 1655 1835 Χᾶλαος,
1700 1770 1838 1820 hunc
1877 1776 1927 1818 et

94 1856 356 1914 sequentes
390 1847 513 1897 duos
537 1865 564 1898 e
590 1864 764 1912 regum
788 1845 1109 1912 Assyriorum
1139 1845 1252 1894 albo
1283 1843 1527 1909 expungit
1553 1849 1723 1890 textus
1745 1840 1925 1893 Euseb.

130 1937 155 1967 a
192 1957 203 1968 .
227 1923 313 1973 26.

92 1937 125 1986 P
157 1936 188 1984 g
222 1991 340 2053 Pag.
375 1987 493 2041 155.
531 1988 587 2039 D.
610 1985 773 2054 ’Ἀβας
799 1985 882 2052 ἔτη
905 1981 990 2047 λζ’.
1019 1986 1236 2049 Scaliger
1256 1983 1473 2048 Excerp.
1506 1998 1618 2049 pag.
1644 1985 1730 2037 27.
1755 1978 1840 2046 ἔτη
1870 1975 1924 2039 ς’.

97 2057 223 2108 ibid.
261 2062 479 2126 Προῖτος
503 2057 589 2109 καὶ
615 2054 867 2125 Περσεὺς,
901 2054 959 2108 τό
987 2053 1211 2123 Περσεύς
1240 2054 1498 2119 expungit.

233 2141 353 2206 Pag.
394 2142 510 2195 156.
547 2141 604 2189 A.
639 2141 790 2190 verba
819 2140 942 2188 haec
976 2139 1066 2199 ἕως
1091 2133 1271 2189 τούτου
1303 2133 1461 2202 δσμγ’.
1500 2136 1748 2200 κοσμικοῦ
1778 2131 1916 2193 ἔτους
1943 2141 1995 2185 Ρ.
2024 2140 2110 2187 523

94 2213 337 2279 expungit
369 2212 589 2273 Scaliger
616 2228 727 2276 pag.
758 2216 844 2263 27.
880 2218 1049 2258 textus
1076 2208 1254 2256 Euseb.
1277 2208 1334 2257 B.
1362 2208 1660 2269 Μυκηνῶν,
1698 2203 1786 2250 1118
1808 2220 1921 2250 cor-

95 2291 244 2349 rupte
279 2282 614 2346 Μυκηναίων.
650 2278 774 2328 ibid.
823 2296 851 2326 a
888 2280 1056 2327 verbis
1093 2274 1168 2336 οἷς
1207 2276 1292 2327 καὶ
1326 2271 1574 2340 Εὐσέβιος
1615 2273 1808 2335 ἕπεται,
1857 2272 1921 2319 ad

92 2354 218 2403 haec
246 2353 297 2400 C.
327 2350 480 2402 πλέον
505 2345 848 2414 αὐξήσαντας,
885 2347 1130 2414 expungit
1155 2345 1359 2394 omnino
1385 2346 1437 2395 G.
1474 2338 1551 2402 οἷς
1575 2337 1666 2407 οὐχ
1690 2337 1921 2408 ἑπόμεθα

93 2419 318 2493 μάρτυρα
346 2421 535 2487 ἔχοντες
560 2416 809 2486 “’Ὀμηρον.

237 2508 352 2570 Pag.
390 2507 508 2559 157.
543 2504 605 2553 A.
646 2502 877 2554 Οἰδίπου.
911 2499 1129 2562 Scaliger
1159 2515 1268 2563 pag.
1301 2505 1472 2546 textus
1500 2496 1680 2548 Euseb.
1716 2500 1801 2550 27.
1833 2495 1919 2547 ΟΖ.

94 2578 317 2637 δίποδος.
353 2573 478 2623 ibid.
514 2573 600 2625 καὶ
622 2569 749 2624 κατοὶ
777 2567 871 2636 τήν
901 2564 1072 2636 Ἀργῶ.
1109 2568 1240 2616 idem
1263 2567 1349 2619 καὶ
1383 2565 1443 2618 τὰ
1471 2563 1615 2618 κατά.
1651 2565 1918 2631 superflue.

96 2647 221 2697 ibid.
244 2645 330 2697 καὶ
355 2645 407 2697 οἱ
426 2640 697 2710 Διόσκοροι
718 2639 804 2692 καὶ
829 2639 859 2693 ό
875 2634 1196 2703 Ἀσκλήπιος,
1232 2638 1364 2687 idem
1390 2636 1474 2688 καὶ
1497 2632 1798 2703 Διόσκοροι,
1832 2636 1918 2687 καὶ

94 2713 402 2782 Ἀσκλήπιος.
430 2713 553 2766 ibid.
585 2715 630 2764 εἰ
656 2707 726 2779 μή
750 2730 881 2773 που,
916 2710 1004 2756 ille
1034 2709 1079 2759 εἰ
1111 2702 1277 2773 μήπω.
1315 2706 1438 2758 ibid.
1464 2702 1660 2770 Λάπις,
1695 2707 1783 2754 1118
1808 2702 1920 2756 Ao}-

95 2803 210 2853 πης.
282 2787 350 2836 At
381 2803 486 2834 non
509 2787 668 2850 Lapes
704 2781 794 2830 sed
820 2780 965 2844 Lapis
990 2778 1202 2826 Eusebio
1236 2778 1421 2827 dicitur
1446 2778 1510 2826 ad
1531 2776 1781 2827 Abraham
1817 2794 1921 2825 an-

96 2875 219 2907 num
251 2858 369 2912 550.
395 2857 450 2904 Β.
477 2849 790 2922 ἐμπρησμὸς,
827 2850 913 2898 1118
938 2842 1260 2915 ἐμπυρισμός.

236 2943 349 3005 Pag.
400 2940 516 2993 158.
562 2938 618 2985 Β.
662 2927 1299 3002 ἘριχθόνιοςΔᾶρδανος,
1348 2931 1580 2996 Scaliger.
1629 2926 1916 2996 Δαρδάνου.

99 3011 223 3063 ibid.
261 3013 467 3077 σίδηρον
501 3001 756 3070 εὑρόντες,
800 3005 887 3054 1Π8
925 3003 978 3056 οἱ
1010 3003 1217 3071 σίδηρον
1253 2997 1462 3070 εὖρότες.
1497 3003 1556 3065 D.
1589 2996 1789 3068 Ἀχαία,
1830 3000 1918 3047 1118

98 3099 210 3150 pag.
238 3081 448 3145 Excerp.
468 3081 551 3133 28.
576 3073 781 3142 Ἀχαιΐα.

239 3164 351 3225 Pag.
390 3163 505 3216 159.
540 3162 600 3210 D.
635 3154 943 3224 Περτιᾶδης,
979 3156 1198 3222 Scaliger
1215 3172 1326 3223 pag.
1351 3158 1435 3209 28.
1458 3150 1765 3224 Πυρτιοῖδης.
1791 3150 1915 3199 ibid.

84 3230 387 3300 ,OEoeexcqhg‚
426 3227 683 3299 Θοῦωρις,
714 3226 802 3278 1118
826 3224 1124 3295 Ἐφαχερῆς,
1163 3223 1398 3294 Θούαρις.

239 3317 353 3379 Pag·
396 3318 517 3368 160.
555 3315 608 3367 C.
644 3308 951 3379 ω’νομάσθη,
1001 3311 1217 3375 Scaliger
1251 3327 1360 3378 pag.
1398 3311 1484 3363 28.
1524 3303 1822 3371 ω’νόμασται.
1856 3303 1912 3350 D.

99 3381 294 3452 Ἀτρεῦς
319 3382 404 3435 καὶ
429 3383 646 3449 Θυέστης
668 3381 699 3418 *
725 3382 781 3435 δὲ
807 3386 1102 3446 Μυκηνῶν,
1138 3382 1224 3431 1118
1249 3384 1354 3433 τῶν
1383 3381 1663 3443 Μυκηνῶν.
1725 3375 1914 3422 Corre-

0 3501 2 3506 .
103 3457 205 3506 ctio
227 3462 398 3506 nostra
419 3453 693 3519 legitimum
713 3470 909 3504 sensum
930 3451 1123 3518 ingerit.
