<?xml version="1.0" encoding="UTF-8"?>
<!DOCTYPE html PUBLIC "-//W3C//DTD XHTML 1.0 Transitional//EN"
    "http://www.w3.org/TR/xhtml1/DTD/xhtml1-transitional.dtd">
<html xmlns="http://www.w3.org/1999/xhtml" xml:lang="en" lang="en">
 <head>
  <title>
</title>
<meta http-equiv="Content-Type" content="text/html;charset=utf-8" />
  <meta name='ocr-system' content='tesseract 3.04.00' />
  <meta name='ocr-capabilities' content='ocr_page ocr_carea ocr_par ocr_line ocrx_word'/>
</head>
<body>
  <div class='ocr_page' id='page_1' title='image "./corpusscriptorum21niebuoft_0498.png"; bbox 0 0 2222 3938; ppageno 0'>
   <div class='ocr_carea' id='block_1_1' title="bbox 303 187 1512 255">
    <p class='ocr_par' dir='ltr' id='par_1_1' title="bbox 303 187 1512 255">
     <span class='ocr_line' id='line_1_1' title="bbox 303 187 1512 255; baseline 0 -5"><span class='ocrx_word' id='word_1_1' title='bbox 303 187 430 251; x_wconf 80' lang='lat'><strong>488</strong></span> <span class='ocrx_word' id='word_1_2' title='bbox 933 195 1512 255; x_wconf 87' lang='lat' dir='ltr'><strong>EMENDATIONES</strong></span> 
     </span>
    </p>
   </div>
   <div class='ocr_carea' id='block_1_2' title="bbox 255 326 2130 3562">
    <p class='ocr_par' dir='ltr' id='par_1_2' title="bbox 302 326 2130 661">
     <span class='ocr_line' id='line_1_2' title="bbox 305 326 2126 393; baseline -0.001 -14"><span class='ocrx_word' id='word_1_3' title='bbox 305 329 421 393; x_wconf 89' lang='lat' dir='ltr'><strong>cim,</strong></span> <span class='ocrx_word' id='word_1_4' title='bbox 445 329 652 380; x_wconf 84' lang='lat' dir='ltr'><strong>Eliacim</strong></span> <span class='ocrx_word' id='word_1_5' title='bbox 676 336 882 381; x_wconf 84' lang='lat' dir='ltr'><strong>vocatus</strong></span> <span class='ocrx_word' id='word_1_6' title='bbox 897 345 988 392; x_wconf 87' lang='lat' dir='ltr'><strong>per</strong></span> <span class='ocrx_word' id='word_1_7' title='bbox 1010 345 1167 376; x_wconf 84' lang='lat' dir='ltr'><strong>annos</strong></span> <span class='ocrx_word' id='word_1_8' title='bbox 1190 327 1424 375; x_wconf 83' lang='lat' dir='ltr'><strong>undecim</strong></span> <span class='ocrx_word' id='word_1_9' title='bbox 1452 345 1481 374; x_wconf 85' lang='lat' dir='ltr'><strong>a</strong></span> <span class='ocrx_word' id='word_1_10' title='bbox 1505 326 1678 377; x_wconf 83' lang='lat' dir='ltr'><strong>mundi</strong></span> <span class='ocrx_word' id='word_1_11' title='bbox 1706 326 1864 382; x_wconf 75' lang='lat'><strong>4884.</strong></span> <span class='ocrx_word' id='word_1_12' title='bbox 1886 327 1952 376; x_wconf 84' lang='lat' dir='ltr'><strong>ad</strong></span> <span class='ocrx_word' id='word_1_13' title='bbox 1971 326 2126 383; x_wconf 84' lang='lat'><strong>4895.</strong></span> 
     </span>
     <span class='ocr_line' id='line_1_3' title="bbox 303 398 2130 466; baseline -0.001 -17"><span class='ocrx_word' id='word_1_14' title='bbox 303 418 404 466; x_wconf 85' lang='lat' dir='ltr'><strong>quo</strong></span> <span class='ocrx_word' id='word_1_15' title='bbox 430 402 570 465; x_wconf 85' lang='lat' dir='ltr'><strong>regni</strong></span> <span class='ocrx_word' id='word_1_16' title='bbox 593 402 762 450; x_wconf 86' lang='lat' dir='ltr'><strong>haeres</strong></span> <span class='ocrx_word' id='word_1_17' title='bbox 785 399 1001 448; x_wconf 85' lang='lat' dir='ltr'><strong>Ioachim</strong></span> <span class='ocrx_word' id='word_1_18' title='bbox 1017 435 1033 461; x_wconf 88' lang='lat'><strong>,</strong></span> <span class='ocrx_word' id='word_1_19' title='bbox 1062 398 1318 447; x_wconf 88' lang='lat' dir='ltr'><strong>Iechonias</strong></span> <span class='ocrx_word' id='word_1_20' title='bbox 1341 406 1575 462; x_wconf 87' lang='lat' dir='ltr'><strong>vocatus,</strong></span> <span class='ocrx_word' id='word_1_21' title='bbox 1610 401 1674 446; x_wconf 85' lang='lat' dir='ltr'><strong>ad</strong></span> <span class='ocrx_word' id='word_1_22' title='bbox 1705 401 1880 447; x_wconf 89' lang='lat' dir='ltr'><strong>solium</strong></span> <span class='ocrx_word' id='word_1_23' title='bbox 1903 407 1976 446; x_wconf 83' lang='lat' dir='ltr'><strong>est</strong></span> <span class='ocrx_word' id='word_1_24' title='bbox 2003 416 2130 447; x_wconf 92' lang='lat' dir='ltr'><strong>eve-</strong></span> 
     </span>
     <span class='ocr_line' id='line_1_4' title="bbox 303 467 2128 535; baseline -0.002 -16"><span class='ocrx_word' id='word_1_25' title='bbox 303 479 431 522; x_wconf 86' lang='lat' dir='ltr'><strong>ctus.</strong></span> <span class='ocrx_word' id='word_1_26' title='bbox 499 473 716 522; x_wconf 82' lang='lat' dir='ltr'><strong>Ultimus</strong></span> <span class='ocrx_word' id='word_1_27' title='bbox 739 470 825 518; x_wconf 91' lang='lat' dir='ltr'><strong>hic</strong></span> <span class='ocrx_word' id='word_1_28' title='bbox 850 485 1086 518; x_wconf 88' lang='lat' dir='ltr'><strong>numerus</strong></span> <span class='ocrx_word' id='word_1_29' title='bbox 1113 477 1187 518; x_wconf 88' lang='lat' dir='ltr'><strong>est</strong></span> <span class='ocrx_word' id='word_1_30' title='bbox 1212 486 1358 534; x_wconf 89' lang='lat' dir='ltr'><strong>quem</strong></span> <span class='ocrx_word' id='word_1_31' title='bbox 1380 467 1576 518; x_wconf 83' lang='lat' dir='ltr'><strong>Author</strong></span> <span class='ocrx_word' id='word_1_32' title='bbox 1604 469 1843 535; x_wconf 87' lang='lat' dir='ltr'><strong>temporis</strong></span> <span class='ocrx_word' id='word_1_33' title='bbox 1879 469 1984 517; x_wconf 89' lang='lat' dir='ltr'><strong>eius</strong></span> <span class='ocrx_word' id='word_1_34' title='bbox 2020 477 2128 517; x_wconf 60' lang='lat' dir='ltr'><strong>ter-</strong></span> 
     </span>
     <span class='ocr_line' id='line_1_5' title="bbox 302 539 2128 607; baseline -0.001 -18"><span class='ocrx_word' id='word_1_35' title='bbox 302 541 494 594; x_wconf 85' lang='lat' dir='ltr'><strong>minum</strong></span> <span class='ocrx_word' id='word_1_36' title='bbox 522 541 777 607; x_wconf 83' lang='lat' dir='ltr'><strong>praefigit,</strong></span> <span class='ocrx_word' id='word_1_37' title='bbox 814 549 862 589; x_wconf 86' lang='lat' dir='ltr'><strong>et</strong></span> <span class='ocrx_word' id='word_1_38' title='bbox 894 557 1018 605; x_wconf 83' lang='lat' dir='ltr'><strong>quae</strong></span> <span class='ocrx_word' id='word_1_39' title='bbox 1042 547 1162 588; x_wconf 86' lang='lat' dir='ltr'><strong>nota</strong></span> <span class='ocrx_word' id='word_1_40' title='bbox 1195 539 1405 606; x_wconf 88' lang='lat' dir='ltr'><strong>septima</strong></span> <span class='ocrx_word' id='word_1_41' title='bbox 1435 540 1687 605; x_wconf 81' lang='lat' dir='ltr'><strong>superiore</strong></span> <span class='ocrx_word' id='word_1_42' title='bbox 1718 539 2010 605; x_wconf 82' lang='lat' dir='ltr'>scripsimus</span> <span class='ocrx_word' id='word_1_43' title='bbox 2044 539 2128 589; x_wconf 78' lang='lat' dir='ltr'><strong>vel</strong></span> 
     </span>
     <span class='ocr_line' id='line_1_6' title="bbox 302 611 1222 661; baseline -0.003 -1"><span class='ocrx_word' id='word_1_44' title='bbox 302 612 675 661; x_wconf 60' lang='lat' dir='ltr'><strong>emendawimus</strong></span> <span class='ocrx_word' id='word_1_45' title='bbox 702 612 961 659; x_wconf 79' lang='lat' dir='ltr'><strong>manifeste</strong></span> <span class='ocrx_word' id='word_1_46' title='bbox 983 611 1222 659; x_wconf 86' lang='lat' dir='ltr'><strong>vindicat.</strong></span> 
     </span>
    </p>

    <p class='ocr_par' dir='ltr' id='par_1_3' title="bbox 297 677 2129 958">
     <span class='ocr_line' id='line_1_7' title="bbox 451 677 2129 751; baseline -0.002 -19"><span class='ocrx_word' id='word_1_47' title='bbox 451 677 641 732; x_wconf 83' lang='grc' dir='ltr'><strong>Τούτου</strong></span> <span class='ocrx_word' id='word_1_48' title='bbox 674 681 832 747; x_wconf 81' lang='grc' dir='ltr'><em>φησὶν</em></span> <span class='ocrx_word' id='word_1_49' title='bbox 861 702 931 751; x_wconf 78' lang='grc' dir='ltr'><strong>τῳ</strong></span> <span class='ocrx_word' id='word_1_50' title='bbox 957 681 1104 751; x_wconf 82' lang='grc' dir='ltr'><strong><em>τρίτω</em></strong></span> <span class='ocrx_word' id='word_1_51' title='bbox 1141 677 1272 747; x_wconf 58' lang='lat' dir='ltr'><strong>drea]</strong></span> <span class='ocrx_word' id='word_1_52' title='bbox 1310 679 1370 728; x_wconf 91' lang='lat' dir='ltr'><strong>In</strong></span> <span class='ocrx_word' id='word_1_53' title='bbox 1394 679 1518 728; x_wconf 90' lang='lat' dir='ltr'><strong>haec</strong></span> <span class='ocrx_word' id='word_1_54' title='bbox 1541 680 1655 731; x_wconf 88' lang='lat' dir='ltr'><strong>Not.</strong></span> <span class='ocrx_word' id='word_1_55' title='bbox 1694 697 1806 746; x_wconf 85' lang='lat' dir='ltr'><strong>pag.</strong></span> <span class='ocrx_word' id='word_1_56' title='bbox 1849 683 1934 733; x_wconf 88' lang='grc'><strong>80.</strong></span> <span class='ocrx_word' id='word_1_57' title='bbox 1971 680 2129 728; x_wconf 84' lang='lat' dir='ltr'><strong>relata</strong></span> 
     </span>
     <span class='ocr_line' id='line_1_8' title="bbox 298 751 2129 817; baseline -0.001 -16"><span class='ocrx_word' id='word_1_58' title='bbox 298 752 478 801; x_wconf 82' lang='lat' dir='ltr'><strong>scribit</strong></span> <span class='ocrx_word' id='word_1_59' title='bbox 509 753 739 816; x_wconf 80' lang='lat' dir='ltr'><strong>Scaliger.</strong></span> <span class='ocrx_word' id='word_1_60' title='bbox 815 754 960 817; x_wconf 77' lang='lat' dir='ltr'><strong>Quae</strong></span> <span class='ocrx_word' id='word_1_61' title='bbox 993 770 1105 799; x_wconf 82' lang='lat' dir='ltr'><strong>non</strong></span> <span class='ocrx_word' id='word_1_62' title='bbox 1123 761 1242 799; x_wconf 75' lang='lat' dir='ltr'><strong>sunt</strong></span> <span class='ocrx_word' id='word_1_63' title='bbox 1274 753 1421 798; x_wconf 72' lang='lat' dir='ltr'><strong>tanti</strong></span> <span class='ocrx_word' id='word_1_64' title='bbox 1446 760 1502 798; x_wconf 79' lang='lat' dir='ltr'><strong>ut</strong></span> <span class='ocrx_word' id='word_1_65' title='bbox 1538 753 1801 812; x_wconf 78' lang='lat' dir='ltr'><strong>confutare</strong></span> <span class='ocrx_word' id='word_1_66' title='bbox 1827 752 1990 799; x_wconf 70' lang='lat' dir='ltr'><strong>velim.</strong></span> <span class='ocrx_word' id='word_1_67' title='bbox 2062 751 2129 799; x_wconf 88' lang='lat' dir='ltr'><strong>At</strong></span> 
     </span>
     <span class='ocr_line' id='line_1_9' title="bbox 297 822 2128 889; baseline -0.002 -16"><span class='ocrx_word' id='word_1_68' title='bbox 297 840 402 873; x_wconf 81' lang='lat' dir='ltr'><strong>non</strong></span> <span class='ocrx_word' id='word_1_69' title='bbox 424 822 503 870; x_wconf 85' lang='lat' dir='ltr'><strong>his</strong></span> <span class='ocrx_word' id='word_1_70' title='bbox 529 822 832 885; x_wconf 73' lang='lat' dir='ltr'><strong>asserendis,</strong></span> <span class='ocrx_word' id='word_1_71' title='bbox 868 823 955 871; x_wconf 86' lang='lat' dir='ltr'><strong>sed</strong></span> <span class='ocrx_word' id='word_1_72' title='bbox 983 839 1008 870; x_wconf 91' lang='lat' dir='ltr'><strong>e</strong></span> <span class='ocrx_word' id='word_1_73' title='bbox 1039 824 1094 870; x_wconf 92' lang='lat' dir='ltr'><strong>B.</strong></span> <span class='ocrx_word' id='word_1_74' title='bbox 1130 823 1406 889; x_wconf 85' lang='lat' dir='ltr'><strong>Hippolyto</strong></span> <span class='ocrx_word' id='word_1_75' title='bbox 1434 823 1776 886; x_wconf 86' lang='lat' dir='ltr'><strong>recensendis,</strong></span> <span class='ocrx_word' id='word_1_76' title='bbox 1818 829 2128 870; x_wconf 85' lang='lat' dir='ltr'><strong>momentum</strong></span> 
     </span>
     <span class='ocr_line' id='line_1_10' title="bbox 299 893 1178 976; baseline -0.006 -32"><span class='ocrx_word' id='word_1_77' title='bbox 299 910 446 945; x_wconf 84' lang='lat' dir='ltr'><strong>omne</strong></span> <span class='ocrx_word' id='word_1_78' title='bbox 470 901 643 942; x_wconf 84' lang='lat' dir='ltr'><strong>nostro</strong></span> <span class='ocrx_word' id='word_1_79' title='bbox 672 894 883 957; x_wconf 88' lang='lat' dir='ltr'><strong>Georgio</strong></span> <span class='ocrx_word' id='word_1_80' title='bbox 915 893 1178 976; x_wconf 80' lang='lat' dir='ltr'><strong>pendebat.</strong></span> 
     </span>
    </p>

    <p class='ocr_par' dir='ltr' id='par_1_4' title="bbox 295 958 2128 1170">
     <span class='ocr_line' id='line_1_11' title="bbox 447 958 2128 1034; baseline -0.002 -21"><span class='ocrx_word' id='word_1_81' title='bbox 447 967 549 1014; x_wconf 80' lang='grc' dir='ltr'><strong>Τοῦ</strong></span> <span class='ocrx_word' id='word_1_82' title='bbox 578 961 632 1015; x_wconf 80' lang='grc' dir='ltr'><strong>δὲ</strong></span> <span class='ocrx_word' id='word_1_83' title='bbox 661 960 854 1030; x_wconf 80' lang='grc' dir='ltr'><strong><em>κόσμου</em></strong></span> <span class='ocrx_word' id='word_1_84' title='bbox 889 958 1041 1034; x_wconf 60' lang='lat' dir='ltr'><strong>doebg&#39;</strong></span> <span class='ocrx_word' id='word_1_85' title='bbox 1047 963 1081 1028; x_wconf 89' lang='lat'><strong>.]</strong></span> <span class='ocrx_word' id='word_1_86' title='bbox 1129 964 1248 1011; x_wconf 87' lang='lat' dir='ltr'><strong>Tres</strong></span> <span class='ocrx_word' id='word_1_87' title='bbox 1280 979 1471 1011; x_wconf 90' lang='lat' dir='ltr'><strong>menses</strong></span> <span class='ocrx_word' id='word_1_88' title='bbox 1502 961 1764 1010; x_wconf 81' lang='lat' dir='ltr'><strong>Ioachim</strong></span> <span class='ocrx_word' id='word_1_89' title='bbox 1747 979 1802 1010; x_wconf 91' lang='lat' dir='ltr'><strong>1n</strong></span> <span class='ocrx_word' id='word_1_90' title='bbox 1829 979 2014 1010; x_wconf 88' lang='lat' dir='ltr'><strong>annum</strong></span> <span class='ocrx_word' id='word_1_91' title='bbox 2041 979 2128 1011; x_wconf 91' lang='lat' dir='ltr'><strong>re-</strong></span> 
     </span>
     <span class='ocr_line' id='line_1_12' title="bbox 297 1032 2127 1099; baseline 0.002 -20"><span class='ocrx_word' id='word_1_92' title='bbox 297 1032 453 1098; x_wconf 81' lang='lat' dir='ltr'><strong>cipit,</strong></span> <span class='ocrx_word' id='word_1_93' title='bbox 493 1035 579 1099; x_wconf 92' lang='lat' dir='ltr'><strong>qui</strong></span> <span class='ocrx_word' id='word_1_94' title='bbox 610 1052 723 1083; x_wconf 90' lang='lat' dir='ltr'><strong>eum</strong></span> <span class='ocrx_word' id='word_1_95' title='bbox 765 1052 894 1083; x_wconf 89' lang='lat' dir='ltr'><strong>anno</strong></span> <span class='ocrx_word' id='word_1_96' title='bbox 932 1034 1379 1096; x_wconf 81' lang='lat' dir='ltr'><strong>4895.·1egnasse,</strong></span> <span class='ocrx_word' id='word_1_97' title='bbox 1419 1034 1713 1082; x_wconf 87' lang='lat' dir='ltr'><strong>successoris</strong></span> <span class='ocrx_word' id='word_1_98' title='bbox 1749 1049 1866 1084; x_wconf 84' lang='lat' dir='ltr'><strong>vero</strong></span> <span class='ocrx_word' id='word_1_99' title='bbox 1897 1034 2127 1082; x_wconf 85' lang='lat' dir='ltr'><strong>Sedeciae</strong></span> 
     </span>
     <span class='ocr_line' id='line_1_13' title="bbox 295 1103 1450 1170; baseline -0.001 -19"><span class='ocrx_word' id='word_1_100' title='bbox 295 1111 493 1170; x_wconf 87' lang='lat' dir='ltr'><strong>tempus</strong></span> <span class='ocrx_word' id='word_1_101' title='bbox 518 1123 544 1151; x_wconf 88' lang='lat' dir='ltr'><strong>a</strong></span> <span class='ocrx_word' id='word_1_102' title='bbox 567 1105 722 1159; x_wconf 85' lang='lat'><strong>4896.</strong></span> <span class='ocrx_word' id='word_1_103' title='bbox 748 1121 1009 1153; x_wconf 74' lang='lat' dir='ltr'><strong>numerale</strong></span> <span class='ocrx_word' id='word_1_104' title='bbox 1034 1104 1214 1169; x_wconf 84' lang='lat' dir='ltr'><strong>incipit</strong></span> <span class='ocrx_word' id='word_1_105' title='bbox 1239 1103 1450 1152; x_wconf 73' lang='lat' dir='ltr'><strong>Auihol.</strong></span> 
     </span>
    </p>

    <p class='ocr_par' dir='ltr' id='par_1_5' title="bbox 255 1170 2130 3562">
     <span class='ocr_line' id='line_1_14' title="bbox 285 1170 2126 1243; baseline -0.003 -14"><span class='ocrx_word' id='word_1_106' title='bbox 285 1226 287 1229; x_wconf 90' lang='lat'><strong>.</strong></span> <span class='ocrx_word' id='word_1_107' title='bbox 439 1177 553 1239; x_wconf 69' lang='lat' dir='ltr'><strong>Pflg·</strong></span> <span class='ocrx_word' id='word_1_108' title='bbox 582 1181 703 1231; x_wconf 80' lang='lat'><strong>220.</strong></span> <span class='ocrx_word' id='word_1_109' title='bbox 749 1179 850 1226; x_wconf 81' lang='grc' dir='ltr'><strong>Τοῦ</strong></span> <span class='ocrx_word' id='word_1_110' title='bbox 874 1173 928 1226; x_wconf 82' lang='grc' dir='ltr'><strong>δὲ</strong></span> <span class='ocrx_word' id='word_1_111' title='bbox 951 1170 1138 1240; x_wconf 79' lang='grc' dir='ltr'>κόσμου</span> <span class='ocrx_word' id='word_1_112' title='bbox 1163 1171 1331 1243; x_wconf 54' lang='lat' dir='ltr'><strong>&amp;conos</strong></span> <span class='ocrx_word' id='word_1_113' title='bbox 1336 1174 1367 1239; x_wconf 89' lang='lat'><strong>.]</strong></span> <span class='ocrx_word' id='word_1_114' title='bbox 1398 1176 1521 1221; x_wconf 89' lang='lat' dir='ltr'><strong>Cum</strong></span> <span class='ocrx_word' id='word_1_115' title='bbox 1545 1172 1706 1236; x_wconf 87' lang='lat' dir='ltr'><strong>primo</strong></span> <span class='ocrx_word' id='word_1_116' title='bbox 1731 1172 1810 1220; x_wconf 89' lang='lat' dir='ltr'><strong>sui</strong></span> <span class='ocrx_word' id='word_1_117' title='bbox 1831 1173 1970 1238; x_wconf 88' lang='lat' dir='ltr'><strong>regni</strong></span> <span class='ocrx_word' id='word_1_118' title='bbox 1994 1191 2126 1223; x_wconf 84' lang='lat' dir='ltr'><strong>anno</strong></span> 
     </span>
     <span class='ocr_line' id='line_1_15' title="bbox 294 1242 2130 1326; baseline 0.001 -35"><span class='ocrx_word' id='word_1_119' title='bbox 294 1243 483 1292; x_wconf 87' lang='lat' dir='ltr'><strong>Iudaici</strong></span> <span class='ocrx_word' id='word_1_120' title='bbox 512 1247 689 1326; x_wconf 78' lang='lat' dir='ltr'><strong>populi</strong></span> <span class='ocrx_word' id='word_1_121' title='bbox 717 1255 906 1312; x_wconf 84' lang='lat' dir='ltr'><strong>partem</strong></span> <span class='ocrx_word' id='word_1_122' title='bbox 936 1245 1186 1310; x_wconf 86' lang='lat' dir='ltr'><strong>captivam</strong></span> <span class='ocrx_word' id='word_1_123' title='bbox 1214 1244 1478 1292; x_wconf 82' lang='lat' dir='ltr'><strong>abduxerit</strong></span> <span class='ocrx_word' id='word_1_124' title='bbox 1503 1242 1979 1306; x_wconf 80' lang='lat' dir='ltr'><strong>Nabuchodonosor,</strong></span> <span class='ocrx_word' id='word_1_125' title='bbox 2015 1245 2130 1292; x_wconf 83' lang='lat' dir='ltr'><strong>loa-</strong></span> 
     </span>
     <span class='ocr_line' id='line_1_16' title="bbox 296 1314 2129 1380; baseline -0.002 -13"><span class='ocrx_word' id='word_1_126' title='bbox 296 1315 394 1367; x_wconf 81' lang='lat' dir='ltr'><strong>cim</strong></span> <span class='ocrx_word' id='word_1_127' title='bbox 423 1334 547 1380; x_wconf 85' lang='lat' dir='ltr'><strong>quar</strong></span> <span class='ocrx_word' id='word_1_128' title='bbox 551 1325 601 1364; x_wconf 85' lang='lat' dir='ltr'><strong>to</strong></span> <span class='ocrx_word' id='word_1_129' title='bbox 624 1317 854 1378; x_wconf 85' lang='lat' dir='ltr'><strong>ineunte,</strong></span> <span class='ocrx_word' id='word_1_130' title='bbox 890 1316 1047 1380; x_wconf 90' lang='lat' dir='ltr'><strong>ipsius</strong></span> <span class='ocrx_word' id='word_1_131' title='bbox 1069 1315 1530 1364; x_wconf 84' lang='lat' dir='ltr'><strong>Nabuchodonosor</strong></span> <span class='ocrx_word' id='word_1_132' title='bbox 1549 1314 1751 1361; x_wconf 83' lang='lat' dir='ltr'><strong>exordia</strong></span> <span class='ocrx_word' id='word_1_133' title='bbox 1772 1315 1912 1362; x_wconf 88' lang='lat' dir='ltr'><strong>nulla</strong></span> <span class='ocrx_word' id='word_1_134' title='bbox 1936 1316 2129 1363; x_wconf 87' lang='lat' dir='ltr'><strong>ratione</strong></span> 
     </span>
     <span class='ocr_line' id='line_1_17' title="bbox 296 1354 2130 1448; baseline 0.001 -17"><span class='ocrx_word' id='word_1_135' title='bbox 296 1395 488 1448; x_wconf 86' lang='lat' dir='ltr'><strong>queunt</strong></span> <span class='ocrx_word' id='word_1_136' title='bbox 521 1387 576 1434; x_wconf 88' lang='lat' dir='ltr'><strong>in</strong></span> <span class='ocrx_word' id='word_1_137' title='bbox 601 1387 776 1434; x_wconf 88' lang='lat' dir='ltr'><strong>mundi</strong></span> <span class='ocrx_word' id='word_1_138' title='bbox 805 1354 959 1439; x_wconf 81' lang='lat'>4887.</span> <span class='ocrx_word' id='word_1_139' title='bbox 978 1386 1246 1435; x_wconf 86' lang='lat' dir='ltr'><strong>incurrere.</strong></span> <span class='ocrx_word' id='word_1_140' title='bbox 1322 1390 1366 1438; x_wconf 83' lang='lat'><strong>1.</strong></span> <span class='ocrx_word' id='word_1_141' title='bbox 1407 1385 1558 1444; x_wconf 85' lang='lat' dir='ltr'><strong>Quod</strong></span> <span class='ocrx_word' id='word_1_142' title='bbox 1587 1392 1794 1448; x_wconf 85' lang='lat' dir='ltr'><strong>quartus</strong></span> <span class='ocrx_word' id='word_1_143' title='bbox 1821 1385 2005 1433; x_wconf 86' lang='lat' dir='ltr'><strong>Ioacim</strong></span> <span class='ocrx_word' id='word_1_144' title='bbox 2035 1404 2130 1433; x_wconf 88' lang='lat' dir='ltr'><strong>an-</strong></span> 
     </span>
     <span class='ocr_line' id='line_1_18' title="bbox 294 1455 2129 1518; baseline 0 -14"><span class='ocrx_word' id='word_1_145' title='bbox 294 1472 388 1507; x_wconf 76' lang='lat' dir='ltr'><strong>nus</strong></span> <span class='ocrx_word' id='word_1_146' title='bbox 414 1456 468 1503; x_wconf 90' lang='lat' dir='ltr'><strong>in</strong></span> <span class='ocrx_word' id='word_1_147' title='bbox 494 1458 651 1510; x_wconf 81' lang='grc'><strong>4884.</strong></span> <span class='ocrx_word' id='word_1_148' title='bbox 678 1457 868 1505; x_wconf 84' lang='lat' dir='ltr'><strong>incidat</strong></span> <span class='ocrx_word' id='word_1_149' title='bbox 898 1457 953 1504; x_wconf 89' lang='lat' dir='ltr'><strong>in</strong></span> <span class='ocrx_word' id='word_1_150' title='bbox 976 1457 1163 1505; x_wconf 82' lang='lat' dir='ltr'><strong>vitiatis</strong></span> <span class='ocrx_word' id='word_1_151' title='bbox 1186 1456 1392 1518; x_wconf 81' lang='lat' dir='ltr'><strong>tabulis,</strong></span> <span class='ocrx_word' id='word_1_152' title='bbox 1430 1456 1648 1518; x_wconf 85' lang='lat' dir='ltr'><strong>adeoque</strong></span> <span class='ocrx_word' id='word_1_153' title='bbox 1672 1455 1854 1502; x_wconf 86' lang='lat' dir='ltr'><strong>loacim</strong></span> <span class='ocrx_word' id='word_1_154' title='bbox 1885 1465 1934 1503; x_wconf 86' lang='lat' dir='ltr'><strong>et</strong></span> <span class='ocrx_word' id='word_1_155' title='bbox 1957 1455 2129 1505; x_wconf 74' lang='lat' dir='ltr'><strong>Nabu-</strong></span> 
     </span>
     <span class='ocr_line' id='line_1_19' title="bbox 295 1526 2129 1588; baseline 0.002 -16"><span class='ocrx_word' id='word_1_156' title='bbox 295 1526 613 1576; x_wconf 85' lang='lat' dir='ltr'><strong>chodonosor</strong></span> <span class='ocrx_word' id='word_1_157' title='bbox 648 1529 765 1576; x_wconf 86' lang='lat' dir='ltr'><strong>anni</strong></span> <span class='ocrx_word' id='word_1_158' title='bbox 795 1527 1067 1575; x_wconf 89' lang='lat' dir='ltr'><strong>secundum</strong></span> <span class='ocrx_word' id='word_1_159' title='bbox 1102 1526 1361 1575; x_wconf 80' lang='lat' dir='ltr'><strong>historiam</strong></span> <span class='ocrx_word' id='word_1_160' title='bbox 1395 1526 1671 1588; x_wconf 82' lang='lat' dir='ltr'><strong>confligunt</strong></span> <span class='ocrx_word' id='word_1_161' title='bbox 1705 1526 1767 1573; x_wconf 86' lang='lat' dir='ltr'><strong>ad</strong></span> <span class='ocrx_word' id='word_1_162' title='bbox 1798 1526 2028 1575; x_wconf 90' lang='lat' dir='ltr'><strong>invicem.</strong></span> <span class='ocrx_word' id='word_1_163' title='bbox 2076 1533 2129 1581; x_wconf 82' lang='lat'><strong>2.</strong></span> 
     </span>
     <span class='ocr_line' id='line_1_20' title="bbox 297 1596 2130 1661; baseline 0.001 -18"><span class='ocrx_word' id='word_1_164' title='bbox 297 1598 420 1644; x_wconf 88' lang='lat' dir='ltr'><strong>Cum</strong></span> <span class='ocrx_word' id='word_1_165' title='bbox 458 1606 662 1661; x_wconf 87' lang='lat' dir='ltr'><strong>quartus</strong></span> <span class='ocrx_word' id='word_1_166' title='bbox 691 1598 873 1646; x_wconf 83' lang='lat' dir='ltr'><strong>Ioacim</strong></span> <span class='ocrx_word' id='word_1_167' title='bbox 899 1605 947 1646; x_wconf 86' lang='lat' dir='ltr'><strong>et</strong></span> <span class='ocrx_word' id='word_1_168' title='bbox 969 1597 1431 1646; x_wconf 86' lang='lat' dir='ltr'><strong>Nabuchodonosor</strong></span> <span class='ocrx_word' id='word_1_169' title='bbox 1455 1597 1646 1661; x_wconf 86' lang='lat' dir='ltr'><strong>primus</strong></span> <span class='ocrx_word' id='word_1_170' title='bbox 1672 1596 2008 1660; x_wconf 78' lang='lat' dir='ltr'><strong>Badylonicae</strong></span> <span class='ocrx_word' id='word_1_171' title='bbox 2042 1614 2130 1644; x_wconf 86' lang='lat' dir='ltr'><strong>ca·-</strong></span> 
     </span>
     <span class='ocr_line' id='line_1_21' title="bbox 293 1667 2130 1732; baseline 0 -18"><span class='ocrx_word' id='word_1_172' title='bbox 293 1667 518 1732; x_wconf 81' lang='lat' dir='ltr'><strong>ptivitati</strong></span> <span class='ocrx_word' id='word_1_173' title='bbox 542 1669 768 1716; x_wconf 84' lang='lat' dir='ltr'><strong>dederint</strong></span> <span class='ocrx_word' id='word_1_174' title='bbox 793 1669 1020 1731; x_wconf 84' lang='lat' dir='ltr'><strong>initium,</strong></span> <span class='ocrx_word' id='word_1_175' title='bbox 1058 1669 1118 1716; x_wconf 87' lang='lat' dir='ltr'><strong>ab</strong></span> <span class='ocrx_word' id='word_1_176' title='bbox 1143 1668 1316 1716; x_wconf 90' lang='lat' dir='ltr'><strong>iisdem</strong></span> <span class='ocrx_word' id='word_1_177' title='bbox 1334 1705 1347 1729; x_wconf 92' lang='lat'><strong>,</strong></span> <span class='ocrx_word' id='word_1_178' title='bbox 1390 1668 1510 1715; x_wconf 89' lang='lat' dir='ltr'><strong>dum</strong></span> <span class='ocrx_word' id='word_1_179' title='bbox 1533 1674 1699 1714; x_wconf 85' lang='lat' dir='ltr'><strong>tamen</strong></span> <span class='ocrx_word' id='word_1_180' title='bbox 1734 1667 1912 1716; x_wconf 88' lang='lat' dir='ltr'><strong>mundi</strong></span> <span class='ocrx_word' id='word_1_181' title='bbox 1945 1668 2130 1731; x_wconf 82' lang='lat' dir='ltr'><strong>vulga-</strong></span> 
     </span>
     <span class='ocr_line' id='line_1_22' title="bbox 293 1737 2129 1804; baseline 0.001 -18"><span class='ocrx_word' id='word_1_182' title='bbox 293 1754 374 1786; x_wconf 76' lang='lat' dir='ltr'><strong>res</strong></span> <span class='ocrx_word' id='word_1_183' title='bbox 419 1739 537 1785; x_wconf 88' lang='lat' dir='ltr'><strong>anni</strong></span> <span class='ocrx_word' id='word_1_184' title='bbox 575 1747 903 1802; x_wconf 85' lang='lat' dir='ltr'><strong>concurrant,</strong></span> <span class='ocrx_word' id='word_1_185' title='bbox 951 1740 1013 1790; x_wconf 79' lang='lat' dir='ltr'><strong>ad</strong></span> <span class='ocrx_word' id='word_1_186' title='bbox 1056 1739 1175 1803; x_wconf 88' lang='lat' dir='ltr'><strong>Cyri</strong></span> <span class='ocrx_word' id='word_1_187' title='bbox 1220 1738 1438 1804; x_wconf 87' lang='lat' dir='ltr'><strong>primum</strong></span> <span class='ocrx_word' id='word_1_188' title='bbox 1478 1737 1787 1802; x_wconf 80' lang='lat' dir='ltr'><strong>septuaginta</strong></span> <span class='ocrx_word' id='word_1_189' title='bbox 1824 1738 2129 1802; x_wconf 79' lang='lat' dir='ltr'><strong>captivitatis</strong></span> 
     </span>
     <span class='ocr_line' id='line_1_23' title="bbox 295 1808 2130 1873; baseline 0.002 -19"><span class='ocrx_word' id='word_1_190' title='bbox 295 1808 415 1855; x_wconf 90' lang='lat' dir='ltr'><strong>anni</strong></span> <span class='ocrx_word' id='word_1_191' title='bbox 454 1818 780 1858; x_wconf 85' lang='lat' dir='ltr'><strong>numerantur</strong></span> <span class='ocrx_word' id='word_1_192' title='bbox 794 1827 807 1871; x_wconf 82' lang='lat'><em>3</em></span> <span class='ocrx_word' id='word_1_193' title='bbox 869 1809 955 1873; x_wconf 92' lang='lat' dir='ltr'><strong>qui</strong></span> <span class='ocrx_word' id='word_1_194' title='bbox 1003 1809 1330 1857; x_wconf 88' lang='lat' dir='ltr'><strong>nihilominus</strong></span> <span class='ocrx_word' id='word_1_195' title='bbox 1372 1825 1532 1872; x_wconf 86' lang='lat' dir='ltr'><strong>neque</strong></span> <span class='ocrx_word' id='word_1_196' title='bbox 1572 1825 1599 1855; x_wconf 91' lang='lat' dir='ltr'><strong>a</strong></span> <span class='ocrx_word' id='word_1_197' title='bbox 1638 1808 1820 1855; x_wconf 90' lang='lat' dir='ltr'><strong>Ioacim</strong></span> <span class='ocrx_word' id='word_1_198' title='bbox 1861 1817 2037 1871; x_wconf 83' lang='lat' dir='ltr'><strong>quarto</strong></span> <span class='ocrx_word' id='word_1_199' title='bbox 2078 1817 2130 1857; x_wconf 87' lang='lat' dir='ltr'><strong>et</strong></span> 
     </span>
     <span class='ocr_line' id='line_1_24' title="bbox 294 1878 2128 1944; baseline 0 -17"><span class='ocrx_word' id='word_1_200' title='bbox 294 1878 474 1927; x_wconf 81' lang='lat' dir='ltr'><strong>mundi</strong></span> <span class='ocrx_word' id='word_1_201' title='bbox 500 1879 654 1932; x_wconf 81' lang='lat'><strong>4887.</strong></span> <span class='ocrx_word' id='word_1_202' title='bbox 681 1896 839 1944; x_wconf 90' lang='lat' dir='ltr'><strong>neque</strong></span> <span class='ocrx_word' id='word_1_203' title='bbox 858 1897 885 1925; x_wconf 83' lang='lat' dir='ltr'><strong>a</strong></span> <span class='ocrx_word' id='word_1_204' title='bbox 905 1879 1362 1928; x_wconf 84' lang='lat' dir='ltr'><strong>Nabuchodonosor</strong></span> <span class='ocrx_word' id='word_1_205' title='bbox 1381 1880 1544 1944; x_wconf 86' lang='lat' dir='ltr'><strong>primo</strong></span> <span class='ocrx_word' id='word_1_206' title='bbox 1570 1886 1618 1926; x_wconf 91' lang='lat' dir='ltr'><strong>et</strong></span> <span class='ocrx_word' id='word_1_207' title='bbox 1643 1879 1815 1925; x_wconf 87' lang='lat' dir='ltr'><strong>mundi</strong></span> <span class='ocrx_word' id='word_1_208' title='bbox 1834 1878 1988 1932; x_wconf 87' lang='grc'><strong>4888.</strong></span> <span class='ocrx_word' id='word_1_209' title='bbox 2012 1897 2128 1944; x_wconf 88' lang='lat' dir='ltr'><strong>pos-</strong></span> 
     </span>
     <span class='ocr_line' id='line_1_25' title="bbox 295 1950 2127 2015; baseline 0.001 -20"><span class='ocrx_word' id='word_1_210' title='bbox 295 1957 412 1996; x_wconf 87' lang='lat' dir='ltr'><strong>sunt</strong></span> <span class='ocrx_word' id='word_1_211' title='bbox 435 1950 698 2012; x_wconf 87' lang='lat' dir='ltr'><strong>recenseri,</strong></span> <span class='ocrx_word' id='word_1_212' title='bbox 734 1951 1109 1998; x_wconf 83' lang='lat' dir='ltr'><strong>excurrentibus</strong></span> <span class='ocrx_word' id='word_1_213' title='bbox 1136 1950 1301 2015; x_wconf 87' lang='lat' dir='ltr'><strong>quoad</strong></span> <span class='ocrx_word' id='word_1_214' title='bbox 1320 1950 1613 1997; x_wconf 88' lang='lat' dir='ltr'><strong>Iudaeorum</strong></span> <span class='ocrx_word' id='word_1_215' title='bbox 1640 1965 1810 2011; x_wconf 89' lang='lat' dir='ltr'><strong>regum</strong></span> <span class='ocrx_word' id='word_1_216' title='bbox 1837 1958 2127 2012; x_wconf 86' lang='lat' dir='ltr'><strong>computum</strong></span> 
     </span>
     <span class='ocr_line' id='line_1_26' title="bbox 296 2018 2128 2084; baseline -0.001 -16"><span class='ocrx_word' id='word_1_217' title='bbox 296 2019 436 2068; x_wconf 81' lang='lat' dir='ltr'><strong>annis</strong></span> <span class='ocrx_word' id='word_1_218' title='bbox 472 2020 632 2067; x_wconf 81' lang='lat' dir='ltr'><strong>tribus</strong></span> <span class='ocrx_word' id='word_1_219' title='bbox 664 2021 746 2068; x_wconf 83' lang='lat' dir='ltr'><strong>vel</strong></span> <span class='ocrx_word' id='word_1_220' title='bbox 778 2028 1033 2084; x_wconf 83' lang='lat' dir='ltr'><strong>quatuor,·</strong></span> <span class='ocrx_word' id='word_1_221' title='bbox 1056 2028 1104 2068; x_wconf 92' lang='lat' dir='ltr'><strong>et</strong></span> <span class='ocrx_word' id='word_1_222' title='bbox 1134 2020 1528 2068; x_wconf 87' lang='lat' dir='ltr'><strong>redundantibus</strong></span> <span class='ocrx_word' id='word_1_223' title='bbox 1556 2018 1743 2082; x_wconf 87' lang='lat' dir='ltr'><strong>pariter</strong></span> <span class='ocrx_word' id='word_1_224' title='bbox 1769 2019 1823 2066; x_wconf 88' lang='lat' dir='ltr'><strong>in</strong></span> <span class='ocrx_word' id='word_1_225' title='bbox 1849 2019 2128 2067; x_wconf 83' lang='lat' dir='ltr'><strong>Chaldaeo-</strong></span> 
     </span>
     <span class='ocr_line' id='line_1_27' title="bbox 292 2089 2127 2154; baseline 0.001 -16"><span class='ocrx_word' id='word_1_226' title='bbox 292 2107 407 2138; x_wconf 84' lang='lat' dir='ltr'><strong>rum</strong></span> <span class='ocrx_word' id='word_1_227' title='bbox 432 2106 598 2152; x_wconf 82' lang='lat' dir='ltr'><strong>regum</strong></span> <span class='ocrx_word' id='word_1_228' title='bbox 627 2091 865 2138; x_wconf 79' lang='lat' dir='ltr'><strong>aetatibus</strong></span> <span class='ocrx_word' id='word_1_229' title='bbox 893 2090 1035 2138; x_wconf 89' lang='lat' dir='ltr'><strong>annis</strong></span> <span class='ocrx_word' id='word_1_230' title='bbox 1056 2091 1229 2139; x_wconf 89' lang='lat' dir='ltr'><strong>solidis</strong></span> <span class='ocrx_word' id='word_1_231' title='bbox 1255 2090 1486 2154; x_wconf 86' lang='lat' dir='ltr'><strong>quinque.</strong></span> <span class='ocrx_word' id='word_1_232' title='bbox 1525 2090 1593 2136; x_wconf 87' lang='lat' dir='ltr'><strong>Ut</strong></span> <span class='ocrx_word' id='word_1_233' title='bbox 1619 2089 1748 2136; x_wconf 89' lang='lat' dir='ltr'><strong>enim</strong></span> <span class='ocrx_word' id='word_1_234' title='bbox 1771 2090 1946 2136; x_wconf 88' lang='lat' dir='ltr'><strong>mundi</strong></span> <span class='ocrx_word' id='word_1_235' title='bbox 1971 2091 2127 2144; x_wconf 84' lang='lat'>4883.</span> 
     </span>
     <span class='ocr_line' id='line_1_28' title="bbox 295 2159 2126 2225; baseline 0.002 -19"><span class='ocrx_word' id='word_1_236' title='bbox 295 2159 440 2207; x_wconf 84' lang='lat' dir='ltr'><strong>debet</strong></span> <span class='ocrx_word' id='word_1_237' title='bbox 473 2177 578 2206; x_wconf 89' lang='lat' dir='ltr'><strong>esse</strong></span> <span class='ocrx_word' id='word_1_238' title='bbox 610 2161 794 2207; x_wconf 87' lang='lat' dir='ltr'><strong>Ioacim</strong></span> <span class='ocrx_word' id='word_1_239' title='bbox 830 2169 1038 2225; x_wconf 86' lang='lat' dir='ltr'><strong>quartus</strong></span> <span class='ocrx_word' id='word_1_240' title='bbox 1078 2168 1127 2208; x_wconf 90' lang='lat' dir='ltr'><strong>et</strong></span> <span class='ocrx_word' id='word_1_241' title='bbox 1160 2160 1620 2209; x_wconf 87' lang='lat' dir='ltr'><strong>Nabuchodonosor</strong></span> <span class='ocrx_word' id='word_1_242' title='bbox 1653 2159 1846 2224; x_wconf 86' lang='lat' dir='ltr'><strong>primus</strong></span> <span class='ocrx_word' id='word_1_243' title='bbox 1869 2160 1922 2207; x_wconf 89' lang='lat' dir='ltr'><strong>in</strong></span> <span class='ocrx_word' id='word_1_244' title='bbox 1943 2161 2126 2209; x_wconf 88' lang='lat' dir='ltr'><strong>tabulis</strong></span> 
     </span>
     <span class='ocr_line' id='line_1_29' title="bbox 294 2230 2128 2296; baseline 0.002 -20"><span class='ocrx_word' id='word_1_245' title='bbox 294 2230 596 2292; x_wconf 87' lang='lat' dir='ltr'><strong>emendatis,</strong></span> <span class='ocrx_word' id='word_1_246' title='bbox 630 2238 689 2279; x_wconf 89' lang='lat' dir='ltr'><strong>ut</strong></span> <span class='ocrx_word' id='word_1_247' title='bbox 713 2230 772 2279; x_wconf 89' lang='lat' dir='ltr'><strong>ab</strong></span> <span class='ocrx_word' id='word_1_248' title='bbox 800 2247 856 2278; x_wconf 87' lang='lat' dir='ltr'><strong>eo</strong></span> <span class='ocrx_word' id='word_1_249' title='bbox 886 2231 1287 2296; x_wconf 82' lang='lat' dir='ltr'><strong>septuagenarius</strong></span> <span class='ocrx_word' id='word_1_250' title='bbox 1317 2248 1565 2278; x_wconf 85' lang='lat' dir='ltr'><strong>annorum</strong></span> <span class='ocrx_word' id='word_1_251' title='bbox 1594 2230 1896 2294; x_wconf 85' lang='lat' dir='ltr'><strong>captivitatis</strong></span> <span class='ocrx_word' id='word_1_252' title='bbox 1934 2247 2128 2296; x_wconf 85' lang='lat' dir='ltr'><strong>proce-</strong></span> 
     </span>
     <span class='ocr_line' id='line_1_30' title="bbox 294 2300 2130 2366; baseline 0.002 -19"><span class='ocrx_word' id='word_1_253' title='bbox 294 2301 381 2353; x_wconf 82' lang='lat' dir='ltr'><strong>dat</strong></span> <span class='ocrx_word' id='word_1_254' title='bbox 405 2317 667 2362; x_wconf 89' lang='lat' dir='ltr'><strong>numerus,</strong></span> <span class='ocrx_word' id='word_1_255' title='bbox 706 2310 859 2366; x_wconf 87' lang='lat' dir='ltr'><strong>prout</strong></span> <span class='ocrx_word' id='word_1_256' title='bbox 884 2303 1048 2366; x_wconf 89' lang='lat' dir='ltr'><strong>quoad</strong></span> <span class='ocrx_word' id='word_1_257' title='bbox 1074 2302 1283 2349; x_wconf 83' lang='lat' dir='ltr'><strong>Iudaeae</strong></span> <span class='ocrx_word' id='word_1_258' title='bbox 1307 2318 1478 2364; x_wconf 87' lang='lat' dir='ltr'><strong>regum</strong></span> <span class='ocrx_word' id='word_1_259' title='bbox 1499 2300 1742 2349; x_wconf 84' lang='lat' dir='ltr'><strong>rationem</strong></span> <span class='ocrx_word' id='word_1_260' title='bbox 1767 2301 2130 2350; x_wconf 88' lang='lat' dir='ltr'><strong>demonstravit</strong></span> 
     </span>
     <span class='ocr_line' id='line_1_31' title="bbox 291 2371 2127 2437; baseline 0.002 -20"><span class='ocrx_word' id='word_1_261' title='bbox 291 2371 546 2419; x_wconf 86' lang='lat' dir='ltr'><strong>Librarius</strong></span> <span class='ocrx_word' id='word_1_262' title='bbox 574 2389 636 2419; x_wconf 78' lang='lat' dir='ltr'><strong>ex</strong></span> <span class='ocrx_word' id='word_1_263' title='bbox 662 2371 884 2421; x_wconf 83' lang='lat' dir='ltr'><strong>Authore</strong></span> <span class='ocrx_word' id='word_1_264' title='bbox 909 2389 1020 2437; x_wconf 83' lang='lat' dir='ltr'><strong>pag.</strong></span> <span class='ocrx_word' id='word_1_265' title='bbox 1057 2377 1179 2426; x_wconf 79' lang='lat'><strong>217.</strong></span> <span class='ocrx_word' id='word_1_266' title='bbox 1221 2373 1280 2420; x_wconf 89' lang='lat' dir='ltr'><strong>A.</strong></span> <span class='ocrx_word' id='word_1_267' title='bbox 1320 2380 1370 2420; x_wconf 90' lang='lat' dir='ltr'><strong>et</strong></span> <span class='ocrx_word' id='word_1_268' title='bbox 1405 2375 1525 2426; x_wconf 77' lang='lat'><strong>223.</strong></span> <span class='ocrx_word' id='word_1_269' title='bbox 1558 2372 1612 2420; x_wconf 91' lang='lat' dir='ltr'><strong>B.</strong></span> <span class='ocrx_word' id='word_1_270' title='bbox 1637 2379 1684 2419; x_wconf 88' lang='lat' dir='ltr'><strong>et</strong></span> <span class='ocrx_word' id='word_1_271' title='bbox 1711 2389 1802 2419; x_wconf 87' lang='lat' dir='ltr'><strong>nos</strong></span> <span class='ocrx_word' id='word_1_272' title='bbox 1827 2371 1880 2418; x_wconf 89' lang='lat' dir='ltr'><strong>in</strong></span> <span class='ocrx_word' id='word_1_273' title='bbox 1907 2372 2127 2421; x_wconf 88' lang='lat' dir='ltr'><strong>eiusdem</strong></span> 
     </span>
     <span class='ocr_line' id='line_1_32' title="bbox 290 2441 2124 2507; baseline 0.002 -20"><span class='ocrx_word' id='word_1_274' title='bbox 290 2459 406 2506; x_wconf 82' lang='lat' dir='ltr'><strong>pag.</strong></span> <span class='ocrx_word' id='word_1_275' title='bbox 443 2442 581 2489; x_wconf 53' lang='lat' dir='ltr'><strong>‘notis</strong></span> <span class='ocrx_word' id='word_1_276' title='bbox 622 2442 1020 2504; x_wconf 85' lang='lat' dir='ltr'><strong>observavimus,</strong></span> <span class='ocrx_word' id='word_1_277' title='bbox 1057 2443 1128 2490; x_wconf 83' lang='lat' dir='ltr'><strong>ita</strong></span> <span class='ocrx_word' id='word_1_278' title='bbox 1159 2442 1370 2507; x_wconf 85' lang='lat' dir='ltr'><strong>quilibet</strong></span> <span class='ocrx_word' id='word_1_279' title='bbox 1407 2442 1629 2489; x_wconf 88' lang='lat' dir='ltr'><strong>calculus</strong></span> <span class='ocrx_word' id='word_1_280' title='bbox 1660 2441 1795 2490; x_wconf 86' lang='lat' dir='ltr'><strong>hisce</strong></span> <span class='ocrx_word' id='word_1_281' title='bbox 1829 2443 2124 2505; x_wconf 86' lang='lat' dir='ltr'><strong>contrarius,</strong></span> 
     </span>
     <span class='ocr_line' id='line_1_33' title="bbox 288 2512 2126 2577; baseline 0.001 -19"><span class='ocrx_word' id='word_1_282' title='bbox 288 2529 479 2577; x_wconf 80' lang='lat' dir='ltr'><strong>pravus</strong></span> <span class='ocrx_word' id='word_1_283' title='bbox 512 2512 712 2559; x_wconf 85' lang='lat' dir='ltr'><strong>omnino</strong></span> <span class='ocrx_word' id='word_1_284' title='bbox 742 2514 994 2577; x_wconf 85' lang='lat' dir='ltr'><strong>falsusque</strong></span> <span class='ocrx_word' id='word_1_285' title='bbox 1018 2513 1360 2562; x_wconf 79' lang='lat' dir='ltr'><strong>declarandus,</strong></span> <span class='ocrx_word' id='word_1_286' title='bbox 1431 2513 1586 2560; x_wconf 82' lang='lat' dir='ltr'><strong>Error</strong></span> <span class='ocrx_word' id='word_1_287' title='bbox 1617 2512 1773 2575; x_wconf 86' lang='lat' dir='ltr'><strong>igitur</strong></span> <span class='ocrx_word' id='word_1_288' title='bbox 1809 2514 1944 2561; x_wconf 87' lang='lat' dir='ltr'><strong>omni</strong></span> <span class='ocrx_word' id='word_1_289' title='bbox 1979 2514 2126 2562; x_wconf 87' lang='lat' dir='ltr'><strong>venia</strong></span> 
     </span>
     <span class='ocr_line' id='line_1_34' title="bbox 292 2582 2125 2647; baseline 0.002 -20"><span class='ocrx_word' id='word_1_290' title='bbox 292 2583 453 2629; x_wconf 81' lang='lat' dir='ltr'><strong>maior</strong></span> <span class='ocrx_word' id='word_1_291' title='bbox 478 2583 537 2630; x_wconf 88' lang='lat' dir='ltr'><strong>ab</strong></span> <span class='ocrx_word' id='word_1_292' title='bbox 565 2582 785 2630; x_wconf 87' lang='lat' dir='ltr'><strong>Authore</strong></span> <span class='ocrx_word' id='word_1_293' title='bbox 810 2584 1048 2635; x_wconf 82' lang='lat' dir='ltr'><strong>admissus</strong></span> <span class='ocrx_word' id='word_1_294' title='bbox 1065 2623 1078 2641; x_wconf 87' lang='lat'><strong>.‚</strong></span> <span class='ocrx_word' id='word_1_295' title='bbox 1116 2585 1202 2647; x_wconf 88' lang='lat' dir='ltr'><strong>qui</strong></span> <span class='ocrx_word' id='word_1_296' title='bbox 1225 2585 1311 2632; x_wconf 89' lang='lat' dir='ltr'><strong>ubi</strong></span> <span class='ocrx_word' id='word_1_297' title='bbox 1337 2582 1723 2645; x_wconf 83' lang='lat' dir='ltr'><strong>Chronologicas</strong></span> <span class='ocrx_word' id='word_1_298' title='bbox 1756 2583 1966 2647; x_wconf 90' lang='lat' dir='ltr'><strong>epochas</strong></span> <span class='ocrx_word' id='word_1_299' title='bbox 2014 2601 2125 2631; x_wconf 88' lang='lat' dir='ltr'><strong>cer-</strong></span> 
     </span>
     <span class='ocr_line' id='line_1_35' title="bbox 292 2651 2126 2716; baseline 0.002 -19"><span class='ocrx_word' id='word_1_300' title='bbox 292 2651 445 2700; x_wconf 81' lang='lat' dir='ltr'><strong>tiores</strong></span> <span class='ocrx_word' id='word_1_301' title='bbox 480 2671 536 2700; x_wconf 91' lang='lat' dir='ltr'><strong>ac</strong></span> <span class='ocrx_word' id='word_1_302' title='bbox 575 2654 808 2701; x_wconf 86' lang='lat' dir='ltr'><strong>clariores</strong></span> <span class='ocrx_word' id='word_1_303' title='bbox 841 2655 986 2702; x_wconf 86' lang='lat' dir='ltr'><strong>debet</strong></span> <span class='ocrx_word' id='word_1_304' title='bbox 1026 2655 1309 2716; x_wconf 77' lang='lat' dir='ltr'><strong>ostendere,</strong></span> <span class='ocrx_word' id='word_1_305' title='bbox 1348 2671 1404 2701; x_wconf 92' lang='lat' dir='ltr'><strong>eo</strong></span> <span class='ocrx_word' id='word_1_306' title='bbox 1431 2653 1583 2716; x_wconf 84' lang='lat' dir='ltr'><strong>magis</strong></span> <span class='ocrx_word' id='word_1_307' title='bbox 1613 2655 1839 2701; x_wconf 90' lang='lat' dir='ltr'><strong>confusas</strong></span> <span class='ocrx_word' id='word_1_308' title='bbox 1869 2661 1917 2701; x_wconf 90' lang='lat' dir='ltr'><strong>et</strong></span> <span class='ocrx_word' id='word_1_309' title='bbox 1940 2653 2126 2701; x_wconf 83' lang='lat' dir='ltr'><strong>obscu-</strong></span> 
     </span>
     <span class='ocr_line' id='line_1_36' title="bbox 294 2722 2126 2788; baseline 0.001 -18"><span class='ocrx_word' id='word_1_310' title='bbox 294 2722 453 2770; x_wconf 79' lang='lat' dir='ltr'><strong>riores</strong></span> <span class='ocrx_word' id='word_1_311' title='bbox 498 2732 847 2787; x_wconf 83' lang='lat' dir='ltr'><strong>repraesentat.</strong></span> <span class='ocrx_word' id='word_1_312' title='bbox 920 2724 1203 2788; x_wconf 86' lang='lat' dir='ltr'><strong>Castigandi</strong></span> <span class='ocrx_word' id='word_1_313' title='bbox 1250 2724 1432 2772; x_wconf 87' lang='lat' dir='ltr'><strong>erroris</strong></span> <span class='ocrx_word' id='word_1_314' title='bbox 1478 2723 1635 2787; x_wconf 86' lang='lat' dir='ltr'><strong>gratia</strong></span> <span class='ocrx_word' id='word_1_315' title='bbox 1677 2724 1948 2772; x_wconf 80' lang='lat' dir='ltr'><strong>nonnullus</strong></span> <span class='ocrx_word' id='word_1_316' title='bbox 1982 2724 2126 2772; x_wconf 84' lang='lat' dir='ltr'><strong>labor</strong></span> 
     </span>
     <span class='ocr_line' id='line_1_37' title="bbox 297 2792 2123 2860; baseline -0.001 -17"><span class='ocrx_word' id='word_1_317' title='bbox 297 2792 638 2857; x_wconf 75' lang='lat' dir='ltr'><strong>suscipiendus</strong></span> <span class='ocrx_word' id='word_1_318' title='bbox 655 2831 668 2855; x_wconf 88' lang='lat'><strong>,</strong></span> <span class='ocrx_word' id='word_1_319' title='bbox 708 2803 756 2841; x_wconf 87' lang='lat' dir='ltr'><strong>et</strong></span> <span class='ocrx_word' id='word_1_320' title='bbox 778 2795 912 2842; x_wconf 90' lang='lat' dir='ltr'><strong>unde</strong></span> <span class='ocrx_word' id='word_1_321' title='bbox 945 2796 1243 2860; x_wconf 82' lang='lat' dir='ltr'><strong>processerit</strong></span> <span class='ocrx_word' id='word_1_322' title='bbox 1269 2793 1648 2843; x_wconf 88' lang='lat' dir='ltr'><strong>coniiciendum.</strong></span> <span class='ocrx_word' id='word_1_323' title='bbox 1719 2793 1942 2842; x_wconf 87' lang='lat' dir='ltr'><strong>Athaliae</strong></span> <span class='ocrx_word' id='word_1_324' title='bbox 1970 2811 2123 2857; x_wconf 86' lang='lat' dir='ltr'><strong>regno</strong></span> 
     </span>
     <span class='ocr_line' id='line_1_38' title="bbox 296 2863 2124 2930; baseline 0.002 -21"><span class='ocrx_word' id='word_1_325' title='bbox 296 2879 386 2909; x_wconf 83' lang='lat' dir='ltr'><strong>sex</strong></span> <span class='ocrx_word' id='word_1_326' title='bbox 410 2880 566 2910; x_wconf 89' lang='lat' dir='ltr'><strong>annos</strong></span> <span class='ocrx_word' id='word_1_327' title='bbox 597 2865 838 2912; x_wconf 86' lang='lat' dir='ltr'><strong>duntaxat</strong></span> <span class='ocrx_word' id='word_1_328' title='bbox 857 2866 1081 2930; x_wconf 86' lang='lat' dir='ltr'><strong>plerique</strong></span> <span class='ocrx_word' id='word_1_329' title='bbox 1111 2865 1414 2928; x_wconf 84' lang='lat' dir='ltr'><strong>Chronologi</strong></span> <span class='ocrx_word' id='word_1_330' title='bbox 1440 2864 1718 2926; x_wconf 81' lang='lat' dir='ltr'><strong>assignant:</strong></span> <span class='ocrx_word' id='word_1_331' title='bbox 1764 2863 1846 2911; x_wconf 92' lang='lat' dir='ltr'><strong>cui</strong></span> <span class='ocrx_word' id='word_1_332' title='bbox 1883 2865 2124 2928; x_wconf 84' lang='lat' dir='ltr'><strong>Georgius</strong></span> 
     </span>
     <span class='ocr_line' id='line_1_39' title="bbox 296 2934 2126 2998; baseline 0.001 -17"><span class='ocrx_word' id='word_1_333' title='bbox 296 2950 402 2981; x_wconf 85' lang='lat' dir='ltr'><strong>non</strong></span> <span class='ocrx_word' id='word_1_334' title='bbox 433 2942 620 2996; x_wconf 85' lang='lat' dir='ltr'><strong>septem</strong></span> <span class='ocrx_word' id='word_1_335' title='bbox 643 2935 818 2996; x_wconf 88' lang='lat' dir='ltr'><strong>modo,</strong></span> <span class='ocrx_word' id='word_1_336' title='bbox 861 2936 947 2982; x_wconf 91' lang='lat' dir='ltr'><strong>sed</strong></span> <span class='ocrx_word' id='word_1_337' title='bbox 972 2944 1021 2983; x_wconf 91' lang='lat' dir='ltr'><strong>et</strong></span> <span class='ocrx_word' id='word_1_338' title='bbox 1041 2937 1205 2986; x_wconf 83' lang='lat' dir='ltr'><strong>octavi</strong></span> <span class='ocrx_word' id='word_1_339' title='bbox 1227 2937 1439 2998; x_wconf 84' lang='lat' dir='ltr'><strong>spatium</strong></span> <span class='ocrx_word' id='word_1_340' title='bbox 1469 2935 1600 2981; x_wconf 89' lang='lat' dir='ltr'><strong>inter</strong></span> <span class='ocrx_word' id='word_1_341' title='bbox 1634 2951 1788 2980; x_wconf 85' lang='lat' dir='ltr'><strong>annos</strong></span> <span class='ocrx_word' id='word_1_342' title='bbox 1825 2934 2001 2982; x_wconf 87' lang='lat' dir='ltr'><strong>mundi</strong></span> <span class='ocrx_word' id='word_1_343' title='bbox 2038 2952 2126 2983; x_wconf 83' lang='lat' dir='ltr'><strong>re-</strong></span> 
     </span>
     <span class='ocr_line' id='line_1_40' title="bbox 295 3002 2124 3071; baseline 0.003 -22"><span class='ocrx_word' id='word_1_344' title='bbox 295 3003 509 3067; x_wconf 82' lang='lat' dir='ltr'><strong>linquit,</strong></span> <span class='ocrx_word' id='word_1_345' title='bbox 543 3003 604 3051; x_wconf 89' lang='lat' dir='ltr'><strong>de</strong></span> <span class='ocrx_word' id='word_1_346' title='bbox 642 3021 738 3067; x_wconf 89' lang='lat' dir='ltr'><strong>quo</strong></span> <span class='ocrx_word' id='word_1_347' title='bbox 773 3006 997 3070; x_wconf 85' lang='lat' dir='ltr'><strong>superius</strong></span> <span class='ocrx_word' id='word_1_348' title='bbox 1038 3007 1092 3053; x_wconf 89' lang='lat' dir='ltr'><strong>in</strong></span> <span class='ocrx_word' id='word_1_349' title='bbox 1118 3025 1167 3071; x_wconf 85' lang='lat' dir='ltr'><strong>p.</strong></span> <span class='ocrx_word' id='word_1_350' title='bbox 1203 3010 1322 3059; x_wconf 83' lang='grc'><strong>187.</strong></span> <span class='ocrx_word' id='word_1_351' title='bbox 1359 3004 1519 3053; x_wconf 88' lang='lat' dir='ltr'><strong>notis:</strong></span> <span class='ocrx_word' id='word_1_352' title='bbox 1558 3002 1764 3052; x_wconf 86' lang='lat' dir='ltr'><strong>Ioachaz</strong></span> <span class='ocrx_word' id='word_1_353' title='bbox 1801 3005 1990 3069; x_wconf 86' lang='lat' dir='ltr'><strong>pariter</strong></span> <span class='ocrx_word' id='word_1_354' title='bbox 2021 3013 2124 3054; x_wconf 82' lang='lat' dir='ltr'><strong>tres</strong></span> 
     </span>
     <span class='ocr_line' id='line_1_41' title="bbox 298 3072 2122 3141; baseline 0.001 -19"><span class='ocrx_word' id='word_1_355' title='bbox 298 3090 487 3122; x_wconf 84' lang='lat' dir='ltr'><strong>menses</strong></span> <span class='ocrx_word' id='word_1_356' title='bbox 525 3074 579 3121; x_wconf 86' lang='lat' dir='ltr'><strong>in</strong></span> <span class='ocrx_word' id='word_1_357' title='bbox 613 3074 812 3122; x_wconf 80' lang='lat' dir='ltr'><strong>alterius</strong></span> <span class='ocrx_word' id='word_1_358' title='bbox 852 3076 979 3138; x_wconf 85' lang='lat' dir='ltr'><strong>regis</strong></span> <span class='ocrx_word' id='word_1_359' title='bbox 1016 3084 1239 3141; x_wconf 81' lang='lat' dir='ltr'><strong>tempore</strong></span> <span class='ocrx_word' id='word_1_360' title='bbox 1281 3075 1424 3123; x_wconf 82' lang='lat' dir='ltr'><strong>facile</strong></span> <span class='ocrx_word' id='word_1_361' title='bbox 1467 3072 1793 3122; x_wconf 83' lang='lat' dir='ltr'><strong>continendos</strong></span> <span class='ocrx_word' id='word_1_362' title='bbox 1842 3075 1896 3122; x_wconf 91' lang='lat' dir='ltr'><strong>in</strong></span> <span class='ocrx_word' id='word_1_363' title='bbox 1935 3093 2122 3124; x_wconf 88' lang='lat' dir='ltr'><strong>annum</strong></span> 
     </span>
     <span class='ocr_line' id='line_1_42' title="bbox 297 3144 2123 3211; baseline 0.002 -20"><span class='ocrx_word' id='word_1_364' title='bbox 297 3151 570 3194; x_wconf 81' lang='lat' dir='ltr'><strong>vertentem</strong></span> <span class='ocrx_word' id='word_1_365' title='bbox 595 3153 643 3192; x_wconf 87' lang='lat' dir='ltr'><strong>et</strong></span> <span class='ocrx_word' id='word_1_366' title='bbox 666 3145 945 3192; x_wconf 85' lang='lat' dir='ltr'><strong>absolutum</strong></span> <span class='ocrx_word' id='word_1_367' title='bbox 968 3146 1207 3210; x_wconf 84' lang='lat' dir='ltr'><strong>imputat:</strong></span> <span class='ocrx_word' id='word_1_368' title='bbox 1257 3155 1305 3191; x_wconf 87' lang='lat' dir='ltr'><strong>et</strong></span> <span class='ocrx_word' id='word_1_369' title='bbox 1346 3160 1572 3191; x_wconf 83' lang='lat' dir='ltr'><strong>excessus</strong></span> <span class='ocrx_word' id='word_1_370' title='bbox 1602 3144 1749 3206; x_wconf 84' lang='lat' dir='ltr'><strong>licet,</strong></span> <span class='ocrx_word' id='word_1_371' title='bbox 1787 3152 1845 3192; x_wconf 89' lang='lat' dir='ltr'><strong>ut</strong></span> <span class='ocrx_word' id='word_1_372' title='bbox 1883 3162 1946 3194; x_wconf 80' lang='lat' dir='ltr'><strong>ex</strong></span> <span class='ocrx_word' id='word_1_373' title='bbox 1979 3155 2123 3211; x_wconf 84' lang='lat' dir='ltr'><strong>parte</strong></span> 
     </span>
     <span class='ocr_line' id='line_1_43' title="bbox 298 3214 2122 3278; baseline 0.002 -17"><span class='ocrx_word' id='word_1_374' title='bbox 298 3214 609 3262; x_wconf 78' lang='lat' dir='ltr'><strong>vindicatum</strong></span> <span class='ocrx_word' id='word_1_375' title='bbox 645 3222 744 3275; x_wconf 85' lang='lat' dir='ltr'><strong>est,</strong></span> <span class='ocrx_word' id='word_1_376' title='bbox 794 3215 972 3262; x_wconf 77' lang='lat' dir='ltr'><strong>exinde</strong></span> <span class='ocrx_word' id='word_1_377' title='bbox 995 3217 1164 3263; x_wconf 85' lang='lat' dir='ltr'><strong>nullus</strong></span> <span class='ocrx_word' id='word_1_378' title='bbox 1202 3214 1438 3274; x_wconf 76' lang='lat' dir='ltr'><strong>mixetur,</strong></span> <span class='ocrx_word' id='word_1_379' title='bbox 1476 3215 1695 3278; x_wconf 83' lang='lat' dir='ltr'><strong>amplum</strong></span> <span class='ocrx_word' id='word_1_380' title='bbox 1724 3215 1845 3262; x_wconf 87' lang='lat' dir='ltr'><strong>adeo</strong></span> <span class='ocrx_word' id='word_1_381' title='bbox 1873 3224 2039 3264; x_wconf 84' lang='lat' dir='ltr'><strong>tamen</strong></span> <span class='ocrx_word' id='word_1_382' title='bbox 2073 3225 2122 3264; x_wconf 86' lang='lat' dir='ltr'><strong>et</strong></span> 
     </span>
     <span class='ocr_line' id='line_1_44' title="bbox 255 3285 2121 3363; baseline 0.002 -32"><span class='ocrx_word' id='word_1_383' title='bbox 255 3305 257 3307; x_wconf 95' lang='lat'>·</span> <span class='ocrx_word' id='word_1_384' title='bbox 299 3300 497 3332; x_wconf 77' lang='lat' dir='ltr'><strong>enulme</strong></span> <span class='ocrx_word' id='word_1_385' title='bbox 525 3292 597 3332; x_wconf 88' lang='lat' dir='ltr'><strong>est</strong></span> <span class='ocrx_word' id='word_1_386' title='bbox 633 3285 950 3332; x_wconf 75' lang='lat' dir='ltr'><strong>inteivallum</strong></span> <span class='ocrx_word' id='word_1_387' title='bbox 983 3304 1008 3331; x_wconf 87' lang='lat' dir='ltr'><strong>a</strong></span> <span class='ocrx_word' id='word_1_388' title='bbox 1034 3285 1212 3350; x_wconf 80' lang='lat' dir='ltr'><strong>populi</strong></span> <span class='ocrx_word' id='word_1_389' title='bbox 1239 3301 1301 3331; x_wconf 80' lang='lat' dir='ltr'><strong>ex</strong></span> <span class='ocrx_word' id='word_1_390' title='bbox 1323 3285 1419 3331; x_wconf 74' lang='lat' dir='ltr'><strong>Aeo</strong></span> <span class='ocrx_word' id='word_1_391' title='bbox 1395 3292 1544 3363; x_wconf 76' lang='lat' dir='ltr'><strong>gypto</strong></span> <span class='ocrx_word' id='word_1_392' title='bbox 1569 3286 1876 3347; x_wconf 84' lang='lat' dir='ltr'><strong>profectione</strong></span> <span class='ocrx_word' id='word_1_393' title='bbox 1904 3287 1967 3334; x_wconf 78' lang='lat' dir='ltr'><strong>ad</strong></span> <span class='ocrx_word' id='word_1_394' title='bbox 1991 3294 2121 3334; x_wconf 88' lang='lat' dir='ltr'><strong>tem-</strong></span> 
     </span>
     <span class='ocr_line' id='line_1_45' title="bbox 298 3354 2119 3422; baseline 0.001 -20"><span class='ocrx_word' id='word_1_395' title='bbox 298 3356 440 3419; x_wconf 80' lang='lat' dir='ltr'><strong>plum</strong></span> <span class='ocrx_word' id='word_1_396' title='bbox 475 3373 502 3401; x_wconf 79' lang='lat' dir='ltr'><strong>a</strong></span> <span class='ocrx_word' id='word_1_397' title='bbox 528 3356 786 3402; x_wconf 89' lang='lat' dir='ltr'><strong>Salomone</strong></span> <span class='ocrx_word' id='word_1_398' title='bbox 816 3355 1099 3416; x_wconf 83' lang='lat' dir='ltr'><strong>conditum,</strong></span> <span class='ocrx_word' id='word_1_399' title='bbox 1137 3362 1194 3402; x_wconf 87' lang='lat' dir='ltr'><strong>ut</strong></span> <span class='ocrx_word' id='word_1_400' title='bbox 1217 3372 1280 3401; x_wconf 77' lang='lat' dir='ltr'><strong>ex</strong></span> <span class='ocrx_word' id='word_1_401' title='bbox 1305 3355 1446 3401; x_wconf 84' lang='lat' dir='ltr'><strong>annis</strong></span> <span class='ocrx_word' id='word_1_402' title='bbox 1481 3354 1594 3401; x_wconf 87' lang='lat' dir='ltr'><strong>Heli</strong></span> <span class='ocrx_word' id='word_1_403' title='bbox 1625 3356 1800 3418; x_wconf 73' lang='lat' dir='ltr'><strong>viginti</strong></span> <span class='ocrx_word' id='word_1_404' title='bbox 1839 3363 1889 3403; x_wconf 82' lang='lat' dir='ltr'><strong>et</strong></span> <span class='ocrx_word' id='word_1_405' title='bbox 1918 3357 2119 3422; x_wconf 76' lang='lat' dir='ltr'><strong>palibus</strong></span> 
     </span>
     <span class='ocr_line' id='line_1_46' title="bbox 299 3424 2119 3491; baseline 0.003 -22"><span class='ocrx_word' id='word_1_406' title='bbox 299 3425 514 3476; x_wconf 77' lang='lat' dir='ltr'><strong>Samueli</strong></span> <span class='ocrx_word' id='word_1_407' title='bbox 548 3424 833 3488; x_wconf 74' lang='lat' dir='ltr'><strong>assignatis,</strong></span> <span class='ocrx_word' id='word_1_408' title='bbox 880 3432 1085 3488; x_wconf 78' lang='lat' dir='ltr'><strong>totoque</strong></span> <span class='ocrx_word' id='word_1_409' title='bbox 1127 3425 1287 3488; x_wconf 76' lang='lat' dir='ltr'><strong>spatio</strong></span> <span class='ocrx_word' id='word_1_410' title='bbox 1328 3426 1444 3478; x_wconf 87' lang='lat'><strong>659.</strong></span> <span class='ocrx_word' id='word_1_411' title='bbox 1495 3442 1767 3487; x_wconf 60' lang='grc' dir='ltr'>ιιι-1110111111,</span> <span class='ocrx_word' id='word_1_412' title='bbox 1813 3426 1872 3473; x_wconf 91' lang='lat' dir='ltr'><strong>de</strong></span> <span class='ocrx_word' id='word_1_413' title='bbox 1917 3443 2016 3491; x_wconf 87' lang='lat' dir='ltr'><strong>quo</strong></span> <span class='ocrx_word' id='word_1_414' title='bbox 2056 3427 2119 3474; x_wconf 83' lang='lat' dir='ltr'><strong>ad</strong></span> 
     </span>
     <span class='ocr_line' id='line_1_47' title="bbox 297 3494 2118 3562; baseline -0.002 -16"><span class='ocrx_word' id='word_1_415' title='bbox 297 3510 406 3560; x_wconf 69' lang='lat' dir='ltr'><strong>pag.</strong></span> <span class='ocrx_word' id='word_1_416' title='bbox 436 3495 550 3552; x_wconf 82' lang='lat'><strong>175.</strong></span> <span class='ocrx_word' id='word_1_417' title='bbox 578 3496 711 3544; x_wconf 83' lang='lat' dir='ltr'><strong>notis</strong></span> <span class='ocrx_word' id='word_1_418' title='bbox 736 3496 890 3547; x_wconf 80' lang='lat' dir='ltr'><strong>satius</strong></span> <span class='ocrx_word' id='word_1_419' title='bbox 915 3494 981 3544; x_wconf 87' lang='lat' dir='ltr'><strong>sit</strong></span> <span class='ocrx_word' id='word_1_420' title='bbox 1002 3494 1308 3558; x_wconf 82' lang='lat' dir='ltr'><strong>rescindere,</strong></span> <span class='ocrx_word' id='word_1_421' title='bbox 1348 3511 1494 3559; x_wconf 81' lang='lat' dir='ltr'><strong>quam</strong></span> <span class='ocrx_word' id='word_1_422' title='bbox 1527 3496 1648 3544; x_wconf 82' lang='lat' dir='ltr'><strong>adeo</strong></span> <span class='ocrx_word' id='word_1_423' title='bbox 1690 3496 1944 3562; x_wconf 84' lang='lat' dir='ltr'><strong>copiosum</strong></span> <span class='ocrx_word' id='word_1_424' title='bbox 1977 3512 2118 3545; x_wconf 74' lang='lat' dir='ltr'><strong>asse-</strong></span> 
     </span>
    </p>
   </div>
  </div>
 </body>
</html>
