2112 3854
173 143 255 200 54
961 143 1187 199 GOARI

180 279 238 334 ab
258 277 421 341 hisce,
463 278 638 340 quibus
659 276 815 323 vitam
838 274 1092 338 ducimus,
1127 291 1372 323 annorum
1397 274 1705 334 discrimine,
1745 273 1998 338 Scriptura

178 364 283 396 non
311 348 573 411 eloquente
598 346 794 410 penitus
811 382 824 408 ,
863 363 985 409 quae
1011 345 1071 394 de
1094 346 1203 393 istis
1228 345 1354 394 ratio
1381 347 1461 394 vel
1487 351 1828 407 argumentum
1853 345 2000 406 igno-

178 417 390 467 rantiam
427 425 473 463 et
513 417 720 464 dubium
762 432 905 463 omne
937 417 1117 465 tollat?
1162 416 1237 465 Ab
1271 415 1504 464 Hebraeis
1549 414 1726 463 Graeci
1765 412 2004 461 centuriis

180 505 421 536 annorum
449 487 651 548 integris
687 485 952 536 dissident:
989 487 1098 552 pari
1125 486 1371 536 discordia
1401 485 1604 533 Graecis
1632 491 1896 548 opponunt
1923 500 2003 530 se·-

180 576 231 607 se
259 558 443 605 Latini:
484 558 580 622 ipsi
617 557 827 619 denique
859 564 936 604 tot
974 558 1202 622 supputis
1229 576 1256 605 a
1286 575 1335 605 se
1363 556 1575 604 invicem
1611 553 1796 604 diversi
1825 554 2005 601 abeunt

181 628 374 690 Latini,
410 635 495 687 ut,
534 645 636 674 non
663 627 763 674 nisi
801 627 997 676 reiectis
1030 628 1239 676 aliorum
1267 627 1467 675 calculis
1486 664 1498 687 ,
1537 634 1584 673 et
1611 642 1740 672 nova
1767 623 2006 690 temporis

180 699 373 748 ratione
394 697 553 762 posita
568 736 583 758 ‚
621 698 791 745 nullus
813 715 980 760 eorum
1002 699 1181 764 ambiat
1205 697 1449 745 aestimari
1473 696 1833 758 Chronologus.
1906 694 2007 742 Ve-

182 786 294 817 rum
313 768 577 816 enimvero
596 767 884 816 latinorum
911 786 1104 833 pugnae
1131 787 1244 816 cum
1269 767 1494 816 omnibus
1517 774 1735 832 pateant,
1767 781 1861 812 nee
1889 781 2008 812 cura

187 839 255 886 sit
280 837 422 885 nobis
456 838 515 883 de
543 838 775 886 Hebraeis
806 841 1040 904 plurima3
1050 884 1051 887 ,
1080 858 1141 887 ex
1167 857 1262 903 quo
1290 839 1508 887 Veibum
1539 845 1787 884 aeternum
1812 852 2010 883 carnem

187 916 235 957 et
258 917 450 973 tempus
481 908 633 956 subiit
658 909 718 956 ad
743 911 900 958 Rom.¹
926 911 1121 975 imperii
1156 927 1266 957 cum
1294 909 1598 957 Francorum
1622 906 1904 954 Monarchis
1929 905 2009 953 di-

187 979 285 1027 visi
310 978 606 1041 terminum,
642 980 681 1028 si
706 980 764 1028 de
795 981 1099 1029 Graecorum
1127 980 1225 1028 Clu
1229 980 1452 1042 onoloous
1483 978 1765 1045 (Clemente
1791 976 2010 1024 Alexan-

190 1050 362 1111 drino,
402 1017 637 1112 Tatiangi,
676 1059 724 1098 et
758 1052 895 1114 aliis,
935 1068 1149 1115 quorum
1182 1051 1326 1106 labor
1362 1049 1658 1116 praecipuus
1683 1047 2010 1096 consideratio

187 1128 469 1184 temporum
497 1138 602 1168 non
626 1121 814 1184 extitit,
860 1119 1266 1187 praetermissis),
1303 1137 1462 1168 sermo
1490 1118 1810 1180 instituatur,
1844 1118 1897 1165 in
1918 1135 2012 1165 au-

188 1199 384 1238 ctorum
420 1191 614 1253 album,
654 1191 739 1255 qui
778 1192 841 1239 ad
868 1199 1029 1242 certos
1058 1192 1240 1239 limites
1269 1199 1318 1239 et
1345 1190 1573 1238 definitos
1598 1189 1745 1254 spatii
1771 1188 2013 1236 cancellos

186 1261 458 1308 Historiam
511 1261 797 1325 digesserint
845 1263 1163 1324 universam,
1196 1262 1379 1308 Iulium
1431 1263 1675 1308 duntaxat
1708 1259 2013 1322 Africanum,

190 1331 549 1384 Caesariensem
572 1333 852 1392 Eusebium,
877 1332 1125 1395 Anianum
1150 1339 1198 1378 et
1211 1331 1523 1389 Panodorum
1548 1328 1831 1391 Monachus,
1857 1329 2012 1377 Chro-

186 1401 291 1448 nici
333 1401 661 1449 Alexandrini
697 1403 1020 1467 scriptorem,
1070 1410 1118 1450 et
1168 1402 1436 1465 Georgium
1474 1403 1669 1450 tandem
1710 1401 2014 1464 Syncellum,

188 1472 329 1519 cuius
374 1489 499 1537 opus
536 1472 681 1520 nobis
716 1473 802 1521 1110
844 1473 1093 1535 scribendi
1133 1480 1506 1537 argumentum,
1543 1470 1867 1520 recensendos
1905 1471 2014 1519 exi-

186 1542 348 1591 stimo.

329 1612 520 1660 Primus
562 1612 646 1660 ille
678 1612 836 1661 Iulius
869 1611 1135 1673 Africanus
1163 1613 1454 1677 antiquitate
1493 1613 1791 1678 spectandus
1818 1613 2018 1662 Tertul-

187 1684 378 1744 1101111111
405 1690 453 1730 et
478 1682 739 1747 Origenem
765 1684 1004 1732 Antonini
1023 1685 1326 1748 Heliogabali
1346 1691 1567 1747 tempore
1590 1683 1766 1746 habuit
1795 1701 2017 1732 coaevos.

189 1742 401 1802 Eusebio
437 1754 749 1802 Caesariensi
767 1754 1041 1819 Episcopo,
1081 1755 1242 1819 quid
1227 1772 1281 1804 1n
1313 1754 1652 1820 componenda
1689 1753 2020 1818 Clironologia

189 1833 356 1890 posset
382 1824 596 1886 imitari,
635 1824 773 1873 dedit
800 1826 1113 1891 exemplum,
1150 1833 1251 1888 aut,
1286 1842 1434 1889 quam
1463 1825 1517 1871 in
1536 1826 1720 1890 scripta
1744 1843 1831 1873 sua
1862 1832 2020 1873 trans-

190 1896 367 1956 ferret,
406 1896 633 1959 praebuit
661 1896 930 1947 materiam.
967 1897 1228 1944 Caesareae
1250 1895 1606 1944 Bibliothecam
1633 1896 1842 1961 aperuit,
1871 1913 2020 1960 quam

190 1974 362 2031 postea
395 1967 659 2029 Eusebius,
698 1975 746 2014 et
770 1968 917 2015 unice
943 1984 1083 2015 carus
1120 1967 1327 2015 Eusebio
1364 1965 1654 2031 Pamphilus
1682 1967 2019 2015 Laodicaenus

191 2032 454 2101 Presbyter
479 2037 543 2085 ad
565 2037 768 2100 triginta
788 2038 942 2086 millia
967 2037 1280 2087 voluminum
1305 2045 1567 2087 auxerunt.
1640 2038 1777 2087 ldem
1804 2055 1906 2085 non
1936 2055 2022 2086 ar·-

195 2125 315 2155 cana
341 2107 490 2154 modo
521 2108 829 2172 Scripturae,
873 2109 987 2170 sed,
1027 2117 1086 2156 ut
1113 2126 1176 2156 ex
1212 2109 1315 2156 eius
1344 2108 1567 2172 reliquiis
1597 2109 1731 2173 apud
1759 2108 2022 2156 Eusebium

197 2186 407 2240 constat,
424 2178 641 2225 omnium
669 2197 824 2243 paene
848 2180 1070 2243 gentium
1094 2178 1428 2227 Bibliothecas
1457 2180 1724 2227 evolverat.
1790 2180 1909 2227 Eius
1938 2179 2021 2227 vi·-

193 2256 273 2295 tae
301 2248 397 2295 suit
419 2248 461 2295 is
485 2250 736 2313 splendor,
762 2258 821 2298 ut
843 2250 1030 2298 civium
1056 2267 1258 2297 suorum
1282 2249 1531 2313 suffragiis
1565 2249 1907 2316 (Palaestinam
1930 2266 2021 2298 ve-

193 2336 251 2367 ro
279 2336 590 2367 communem
607 2337 718 2368 011111
741 2321 808 2369 eis
827 2321 1036 2384 patriam
1062 2328 1239 2369 nactus
1267 2319 1379 2386 est),
1404 2320 1497 2385 ipsi
1513 2321 1688 2383 legatio
1709 2321 1771 2368 ad
1789 2323 2020 2368 Senatum

193 2391 337 2439 Rom.
365 2390 737 2452 decerneretur3
779 2392 1092 2455 obtinuitque
1116 2399 1170 2439 ut
1190 2390 1497 2440 Emmauntis
1525 2391 1748 2455 antiquae
1773 2391 1944 2439 ruinae
1969 2391 2023 2439 111

194 2460 366 2507 urbem
401 2462 641 2508 excitatae
675 2461 813 2510 urbis
858 2463 1057 2510 nomine
1097 2480 1154 2510 ac
1200 2462 1310 2510 iure
1344 2462 1400 2509 in
1439 2469 1691 2526 posterum
1723 2462 2021 2512 fruerentur.

196 2533 355 2594 Super
358 2539 496 2577 erant
518 2532 697 2593 adhuc,
734 2550 859 2596 quae
884 2541 1139 2595 memorat,
1172 2534 1274 2581 eius
1305 2532 1491 2596 scripta
1515 2532 1678 2580 Photii
1703 2539 1874 2594 aetate,
1903 2549 2024 2596 quae

195 2609 274 2647 tot
298 2602 555 2649 doctorum
579 2603 785 2651 vocibus
812 2604 1019 2670 periisse
1045 2573 1308 2667 deflentur,
1335 2611 1455 2668 quot
1487 2602 1740 2651 doctrinae
1764 2610 1911 2651 testes
1931 2604 2023 2651 ob·-

196 2671 339 2721 tinet.

336 2740 476 2790 Alter
517 2742 756 2791 Eusebius
806 2744 926 2790 adeo
964 2751 1114 2791 notus
1157 2751 1404 2807 tempore,
1443 2741 1702 2803 doctrina,
1737 2743 2023 2806 virtutibus,

198 2810 460 2875 dignitate,
502 2814 756 2893 operibus,
794 2821 853 2861 ut
887 2813 1009 2862 haec
1046 2830 1199 2878 aeque
1240 2814 1360 2862 trita
1400 2813 1586 2876 doctis,
1636 2831 1693 2861 ac
1734 2815 2023 2864 moltalium

198 2883 355 2933 oculis
386 2884 557 2946 quod
543 2902 598 2931 111
622 2885 808 2932 mundo
834 2884 1302 2934 communissimum.

334 2954 583 3002 Panodori
623 2963 670 3002 et
707 2954 888 3002 Aniani
925 2972 1027 3002 non
1065 2955 1334 3004 obscurum
1365 2969 1562 3003 nomen.
1634 2953 1868 3003 Virorum
1902 2955 2024 3003 illu-

195 3023 315 3072 stria
354 3024 556 3088 quidem
595 3026 800 3090 scripta:
839 3025 924 3073 sed
964 3043 1088 3090 quae
1130 3026 1308 3091 supina
1343 3026 1624 3090 priscorum
1658 3025 1851 3074 incuria
1877 3026 2023 3075 nobis

195 3094 448 3144 inviderit.
532 3096 676 3144 Aetas
716 3097 812 3143 fuit
862 3096 1056 3159 eadem,
1104 3114 1226 3161 quae
1272 3095 1536 3144 Theodosii
1583 3095 1828 3160 Iunioris,
1863 3097 2022 3162 pietas

194 3165 553 3214 Monachorum
592 3167 644 3213 in
687 3167 910 3231 Aegypto
950 3184 1004 3215 ea
1039 3175 1328 3234 tempestate
1366 3166 1798 3215 celeberrimorum
1834 3168 2024 3216 convi-

195 3244 331 3284 ctum
366 3237 537 3286 sortita
577 3245 675 3284 est:
713 3238 766 3283 in
794 3237 1056 3285 Historicis
1083 3247 1131 3287 et
1163 3247 1446 3303 temporum
1474 3253 1701 3284 mensura
1729 3244 1830 3286 tam
1855 3237 2024 3286 subti-

198 3306 259 3354 lis
286 3308 494 3371 peritia,
531 3315 591 3355 ut
617 3325 738 3372 quae
769 3308 1081 3356 Manethonis
1109 3317 1157 3357 et
1181 3309 1352 3357 Berosi
1377 3308 1740 3356 narrationibus
1761 3308 2023 3367 absurdis—

200 3378 321 3424 sima
347 3379 601 3425 nonnullis
629 3379 731 3426 visa
750 3416 763 3439 ,
802 3379 1117 3443 postmodum
1143 3379 1457 3428 evidentibus
1484 3386 1532 3427 et
1555 3379 1936 3428 accommodatis
1961 3378 2024 3425 ad

199 3449 468 3512 scriptores
501 3449 619 3497 alios
645 3450 943 3514 argumentis
968 3450 1153 3498 fuerint
1173 3451 1231 3498 ab
1259 3451 1327 3498 eis
1352 3450 1656 3500 confirmata.
