2112 3854
730 220 803 274 DI
807 219 1224 275 SSERTATIO
1802 208 1880 267 13

203 355 314 418 Pag.
341 352 390 407 4.
418 351 470 401 Α.
482 352 536 401 Β.
570 346 677 403 “““Ο
643 371 781 419 αγιος
803 346 1034 435 Ἰωάννης
1048 349 1134 401 καὶ
1163 347 1312 416 μέγας
1339 347 1392 400 ἕν
1416 343 1729 406 διδασκαλοις
1753 347 1883 433 Xqv:

67 421 306 490 σόστομος
344 427 407 494 τῇ
444 423 556 492 ε’κτῃ
599 421 761 508 ημέρα
797 425 887 484 τῆς
922 441 1124 489 πρωτης
1159 416 1464 486 ἑβδομάδος,
1498 413 1637 469 τοῦτ’
1666 417 1797 468 ε’στιν
1819 420 1883 487 τῇ

66 493 194 566 αὐτῇ
226 493 386 562 ἡμέρᾳ
419 497 510 559 τῆς
542 490 769 552 πλάσεως
795 487 978 554 αὐτοῦ,
1013 491 1141 557 λέγει
1175 487 1257 542 τὸν
1278 487 1434 555 ’Λδαμ
1461 488 1771 555 ἐκβληθῆναι
1791 491 1884 538 τοῦ

65 547 398 652 παραδείσου,
437 563 523 613 καὶ
550 561 644 629 τὴν
690 560 862 624 Εὕαν,
901 561 954 612 ἓν
989 565 1054 630 τῇ
1084 561 1318 632 ἑρμηνεία
1337 564 1429 612 τοῦ
1459 578 1584 611 κατα
1606 562 1883 610 Ματθαῖον

67 632 399 704 Εὕαγγελίου,
438 635 476 703 ῷ
459 627 579 684 καὶ
613 633 756 699 1ἡμεῖς
778 627 1084 697 πειθόμεθα.

202 707 260 754 In
289 704 366 753 his
390 705 558 768 paucis
589 704 751 752 verbis
780 704 927 767 plura
952 719 1030 749 me
1054 701 1341 750 offendunt:

201 778 453 837 Primum,
491 775 625 838 quod
650 790 922 837 cognomen
943 773 1137 819 Ioannis
1166 779 1216 819 et
1241 772 1347 820 sine
1373 770 1583 820 articulo
1610 778 1657 818 et
1679 786 1886 836 prorsus

67 845 223 896 alieno
258 847 370 893 loco
407 846 622 910 positum
660 852 760 892 est:
812 851 896 899 aut
941 843 1256 891 scribendum
1296 850 1420 890 esset
1456 841 1485 892 6
1520 838 1886 908 Χρυσόστομος,

67 925 151 965 aut
173 915 258 967 καὶ
282 911 575 974 διδάσκαλος
602 910 962 981 Χρυσόστομος.
1032 913 1276 961 Neutrum
1303 914 1496 977 placet:
1527 912 1762 974 coniicio,
1801 929 1890 959 co-

67 1003 277 1052 gnomen
321 986 529 1049 margini
568 986 883 1065 adscriptum
929 1001 955 1030 a
993 983 1196 1032 librario
1234 990 1416 1030 temere
1446 984 1611 1030 textui
1645 982 1891 1031 insertum

66 1074 184 1107 esse.
258 1057 464 1104 Ioannes
503 1056 646 1115 enim,
685 1056 946 1120 episcopus
983 1053 1503 1118 Constantinopoleos,
1542 1053 1658 1100 dum
1694 1053 1894 1101 vivebat

70 1127 314 1195 (mortuus
342 1135 414 1174 est
454 1144 496 1174 a.
533 1125 688 1190 407),
728 1124 1019 1189 cognomine
1047 1125 1179 1188 Cary
1181 1126 1388 1171 sostomi
1424 1140 1525 1170 non
1555 1130 1755 1170 ornatus
1778 1122 1890 1182 fuit,

66 1215 224 1262 neque
266 1205 429 1263 patres
454 1197 730 1258 Ecclesiae,
768 1196 851 1259 qui
887 1196 1082 1242 saeculo
1121 1196 1294 1258 quinto
1321 1193 1588 1258 scripsere,
1627 1192 1896 1254 Palladius,

13 1279 16 1282 ’
66 1268 438 1331 Hieronymus
424 1284 477 1313 111
509 1267 632 1314 vilis
654 1266 934 1314 illustribus
969 1283 1074 1330 cap.
1113 1270 1228 1318 129.
1265 1264 1601 1311 Theodoretus
1623 1263 1736 1311 libr.
1761 1264 1820 1314 V.
1847 1280 1890 1312 0.

67 1341 307 1393 28-32,
324 1339 620 1384 Sozomenus
642 1336 755 1384 libr.
780 1336 908 1385 VIII.
935 1352 976 1383 0.
999 1342 1048 1389 2.
1069 1351 1180 1383 011111
1196 1334 1598 1398 Chrysostomum
1623 1334 1889 1399 appellant,

68 1425 360 1473 quamquam
384 1407 604 1454 divinam
629 1406 732 1454 eius
761 1405 1095 1470 eloquentiam
1122 1405 1349 1453 laudibus
1376 1405 1645 1462 extollunt,
1682 1411 1729 1451 et
1750 1420 1891 1468 prae-

66 1477 420 1526 stantissimum
445 1477 663 1524 omnium
688 1477 760 1524 sui
781 1476 1017 1540 temporis
1039 1483 1289 1523 oratorum
1310 1482 1508 1523 vocant.
1573 1475 1747 1522 Exstat
1771 1491 1895 1539 quo-

68 1566 166 1613 que
194 1548 248 1595 in
273 1547 573 1595 Germania
558 1564 612 1592 111
637 1546 935 1594 bibliotheca
959 1546 1158 1610 publica
1180 1543 1560 1593 Helmstadiensi
1589 1545 1777 1608 codex,
1814 1543 1897 1592 cui

68 1618 211 1668 XVII
244 1617 488 1666 Homiliae
539 1615 655 1682 (aut
692 1634 789 1681 quo
836 1615 987 1664 verbo
1031 1615 1138 1662 illic
1185 1623 1433 1664 vocantur
1473 1610 1642 1680 λόγοι)
1692 1615 1893 1662 loannis

71 1687 410 1754 Chrysostomi
443 1687 497 1734 in
522 1686 823 1735 Matthaeum
858 1686 1059 1746 insunt,
1097 1685 1281 1750 quique
1317 1701 1484 1733 omnes
1509 1693 1651 1732 notas
1677 1701 1896 1732 summae

71 1758 375 1839 antiquitatis
398 1758 508 1808 sert.
555 1758 690 1806 Inter
712 1757 800 1805 has
822 1756 944 1805 mihi
968 1774 1071 1804 non
1094 1756 1340 1805 levissima
1367 1773 1474 1804 esse
1497 1756 1717 1818 videtur,
1761 1755 1899 1820 quod

70 1830 126 1878 in
155 1821 481 1896 inscriptione
519 1828 680 1894 operis
703 1845 885 1877 nomen
908 1827 1145 1887 honoris,
1181 1827 1239 1875 D.
1270 1827 1447 1874 Ioanni
1471 1827 1531 1874 ob
1563 1826 1899 1890 eloquentiam

73 1901 271 1963 datum,
309 1897 648 1964 Clzrysostomi
688 1899 852 1963 deest,
891 1899 1027 1978 quod
1064 1898 1365 1947 recentiores
1388 1897 1575 1946 scribae
1600 1898 1897 1962 plerumque

74 1972 263 2034 solum,
299 1988 420 2019 vero
458 1972 663 2019 Ioannis
696 1970 897 2018 nomine
918 1969 1124 2031 omisso,
1160 1969 1302 2016 libris
1337 1968 1701 2033 inscripserunt
1724 1966 1787 2031 4).
1824 1991 1896 2003 —-

72 2041 294 2103 Primus,
326 2041 459 2106 apud
496 2058 642 2106 quem
676 2057 943 2105 cognomen
972 2039 1308 2104 Chrysostomi
1340 2039 1548 2103 legitur,
1590 2046 1663 2086 est
1687 2038 1901 2086 Ioannes

73 2112 310 2176 Moschus
341 2112 397 2159 in
432 2113 578 2160 Prato
619 2128 725 2176 cap.
756 2112 872 2165 157.
909 2111 981 2178 (in
1021 2110 1250 2158 Cotelerii
1295 2109 1628 2158 monumentis
1653 2108 1903 2158 Ecclesiae

73 2199 295 2247 graecae,
346 2183 387 2230 T
391 2200 484 2233 om
542 2183 602 2230 ΙΙ.
639 2198 747 2247 pag.
784 2178 938 2250 439);
958 2179 1166 2248 Έλεγον
1201 2180 1317 2248 περὶ
1355 2184 1446 2232 τοῦ
1483 2179 1629 2247 αγίου
1666 2174 1901 2230 Ἰωαννου

76 2247 649 2313 Κωνσταντινουπόλεως
665 2290 678 2314 ,
716 2271 804 2302 του
830 2253 1033 2311 δικαίως
1057 2250 1488 2317 ἐπονομασθέντος
1517 2245 1900 2315 Χρυσοστόμου,

77 2320 160 2373 διὰ
185 2319 238 2373 τὸ
266 2326 358 2372 τοῦ
385 2324 733 2372 διδασκαλικοῦ
761 2318 906 2389 λόγου
928 2319 1154 2388 καθαρὸν
1184 2322 1267 2373 και
1295 2321 1504 2389 διαυγές.
1575 2322 1654 2368 ΕΧ
1676 2320 1754 2368 his
1778 2338 1900 2367 ver-

75 2393 152 2441 bis
190 2410 293 2440 non
315 2399 498 2440 temere
527 2393 756 2455 colligere
783 2393 906 2440 mihi
933 2393 1133 2452 videor,
1169 2391 1269 2439 hoc
1295 2408 1566 2456 cognomen
1590 2390 1725 2438 haud
1756 2391 1904 2454 longe

77 2470 190 2511 ante
215 2462 319 2510 eius
343 2470 546 2510 aetatem
569 2463 740 2509 Ioanni
765 2463 934 2510 datum
957 2463 1119 2510 fuisse.
1191 2463 1405 2527 Scripsit
1424 2479 1544 2510 vero
1568 2461 1776 2508 Ioannes
1796 2460 1904 2508 Mo·-

78 2533 199 2582 chus
229 2533 360 2580 circa
397 2550 509 2584 ann.
535 2537 638 2587 620
661 2559 731 2570 -·
758 2536 875 2586 630.
900 2561 972 2571 --
1000 2533 1177 2580 Photis:
1202 2533 1400 2595 quidem
1434 2537 1617 2593 aetate,
1654 2531 1741 2594 qui
1768 2531 1903 2579 circa

77 2607 181 2660 888
216 2610 330 2668 post
366 2602 481 2653 Chr.
520 2604 679 2661 vixit,
725 2620 905 2651 nomen
946 2602 1286 2665 Chrysostomi
1322 2602 1420 2649 iam
1455 2602 1714 2665 vulgatum
1750 2601 1905 2649 fuisse

78 2682 297 2739 apparet,
336 2673 570 2738 quoniam
595 2691 700 2739 cap.
726 2678 794 2726 96
817 2682 865 2720 et
877 2677 996 2727 277.
1027 2672 1452 2738 Chrysostomum‚
1481 2672 1680 2720 nomine
1702 2672 1905 2720 Ioannis

79 2762 181 2793 non
217 2743 412 2806 addito,
452 2745 585 2792 citat.
655 2743 779 2791 Aliis
801 2751 966 2790 tamen
997 2744 1119 2791 locis
1153 2744 1443 2806 cognomine
1466 2742 1646 2790 omisso
1670 2742 1905 2790 Ioannem

79 2822 273 2863 tantum
296 2822 443 2863 vocat
469 2831 513 2864 c.
546 2819 662 2869 229.
699 2831 750 2878 p.
780 2817 896 2868 819.
930 2813 1004 2861 ed.
1032 2813 1254 2872 Schotti3
1292 2821 1342 2861 et
1365 2831 1471 2878 cap.
1502 2816 1619 2866 231.
1649 2830 1756 2877 pag.
1788 2816 1906 2866 889.

81 2893 266 2948 narrat,
302 2902 355 2933 se
380 2885 551 2948 legisse
576 2885 834 2949 epistolam
858 2884 1147 2949 synodicam
1174 2883 1469 2948 Sophronii,
1506 2883 1729 2930 Honorio
1755 2883 1908 2948 impe-

82 2956 236 3005 ratori
279 2956 500 3003 Romano
532 2955 752 3002 missam.
789 2955 843 3001 in
882 2954 1054 3002 eodem
1086 2954 1339 3002 volumine
1369 2960 1597 3002 contenta
1623 2953 1775 3001 fuisse
1795 2954 1907 3000 loca

83 3033 315 3091 excerpta
351 3020 585 3092 (χρήσεις)
618 3042 644 3072 0
682 3024 884 3090 scriptis
921 3025 1173 3073 variorum
1201 3026 1404 3073 Patrum
1430 3031 1739 3086 sanctorum,
1775 3024 1908 3071 inter

85 3114 208 3161 quos
247 3097 343 3144 suit
373 3095 459 3146 καὶ
494 3094 524 3148 6
559 3098 775 3163 χρυσοῦς
810 3092 906 3160 τὴν
942 3098 1160 3162 γλῶτταν
1205 3094 1292 3147 καὶ
1326 3092 1398 3147 τὸ
1420 3090 1576 3160 στόμα
1607 3090 1836 3159 Ἰωαννης
1876 3091 1909 3144 6

142 3246 194 3304 4)
223 3247 422 3292 codicem
447 3248 558 3291 hunc
578 3246 728 3304 paucis
750 3245 978 3304 descripsit
999 3245 1334 3290 10.Saubertus
1321 3259 1367 3288 m
1387 3245 1519 3289 variis
1539 3244 1792 3288 lectionibus
1814 3246 1913 3287 tex-

196 3302 1911 3413 32252223551325eiiffiisstffissefaerffi'EZssad,„¹{Zffienssni'ssuissbssbffifiig-

201 3417 268 3460 vis
292 3418 513 3462 litterariis
547 3377 1225 3486 ann-1778gpag185—192.
1280 3417 1488 3460 conseras
1522 3429 1688 3482 quoque
1726 3417 1906 3471 Cypria-

201 3489 299 3518 num
327 3475 382 3517 ad
407 3490 502 3532 cap.
527 3478 608 3521 129
638 3475 885 3531 Hieronymi
907 3451 962 3519 de
987 3475 1092 3520 viris
1116 3475 1369 3526 illustribus,
1399 3475 1444 3517 in
1465 3472 1654 3517 Fabricii
1674 3471 1915 3516 Bibliothe-

204 3545 254 3575 ca
273 3531 578 3577 Ecclesiastico.
606 3548 705 3591 pag.
726 3534 825 3578 217
