2222 3938
628 207 726 260 ET
764 205 1350 263 ANNOTATIONES.
1781 197 1901 256 431

83 337 282 388 thusala
308 335 503 401 genitus
529 344 629 399 est,
666 354 822 386 annos
846 338 977 386 solos
1003 338 1208 401 triginta
1242 336 1488 402 quinque,
1528 336 1611 385 vel
1626 344 1726 384 tres
1754 353 1905 401 supra

85 410 381 475 quingentos
406 407 562 456 vixit:
601 407 874 472 quinimmo
895 407 1107 456 Lamech
1133 409 1239 474 ipse
1263 415 1359 466 est,
1397 408 1478 471 qui
1511 424 1539 454 a
1563 407 1666 454 Noe
1693 406 1782 454 filii
1809 424 1908 454 na·-

83 480 173 528 tali
195 480 274 527 die
296 495 427 526 anno
444 478 621 526 mundi
651 479 799 533 1642.
829 479 1163 542 consignando
1189 479 1311 526 alios
1333 479 1451 532 535.
1479 478 1562 526 vel
1587 478 1708 531 533.
1733 494 1908 542 super-

82 551 235 599 fuisse
256 549 514 611 scribitur,
559 549 621 596 ad
646 550 820 597 mundi
854 550 1088 598 videlicet
1117 551 1272 604 2175.
1313 556 1425 596 ante
1463 549 1709 598 diluvium
1752 566 1910 596 annos

82 625 166 675 68.
208 619 291 670 vel
326 619 596 668 correctius
631 623 713 672 67.
784 621 881 668 Hic
916 628 1082 668 tamen
1117 627 1381 686 computus
1415 619 1559 668 alteri
1596 619 1657 668 de
1696 618 1909 667 Lamech

81 691 225 739 annis
250 690 509 755 integriori
536 690 858 739 adversatur:
894 691 1011 738 solis
1039 691 1220 756 quippe
1240 699 1353 738 ante
1380 691 1625 738 diluvium
1652 690 1738 744 35.
1767 691 1909 737 annis

79 761 323 824 Lamech,
364 778 425 808 ex
453 760 599 808 dictis
628 762 881 826 superius,
919 779 1030 826 pag.
1059 767 1142 815 21.
1166 762 1223 812 A.
1253 769 1480 809 mortuus
1504 769 1591 809 est.
1663 762 1819 810 Porro
1846 758 1910 809 ess

80 832 306 881 Africani
337 832 503 880 verbis
529 840 792 897 computos
818 833 940 880 istos
981 833 1269 896 desumptos
1305 830 1426 878 mihi
1466 832 1773 879 demonstrat
1802 832 1910 879 cal-

81 904 226 951 culus
261 920 494 967 sequens,
534 919 632 966 quo
674 903 905 951 subditur
937 901 1150 950 Lamech
1179 910 1292 949 ante
1333 902 1550 966 parentis
1591 902 1781 950 obitum
1815 920 1914 949 an-

79 974 159 1021 nis
189 977 274 1026 81.
307 974 413 1021 vita
435 974 692 1034 functum3
733 991 854 1036 quos
877 972 973 1020 hac
996 974 1191 1020 ratione
1223 973 1421 1036 colligo.
1482 972 1784 1034 Mathusala,
1820 973 1914 1019 in—

81 1045 192 1109 quit
215 1043 476 1091 Africanus
493 1079 506 1102 ,
547 1061 675 1091 anno
699 1045 849 1098 2256.
875 1052 1032 1092 morte
1062 1045 1284 1091 sublatus
1309 1051 1408 1105 est,
1447 1043 1552 1090 filio
1580 1042 1794 1090 Lamech
1820 1044 1913 1090 vi-

76 1115 153 1164 vis
194 1122 362 1179 erepto
403 1132 431 1161 a
471 1115 646 1162 mundi
675 1115 829 1168 2175.
866 1131 967 1163 uno
1004 1115 1158 1178 igitur
1196 1131 1343 1180 supra
1380 1113 1730 1177 octogesimum
1778 1130 1909 1160 anno

75 1184 311 1234 Lamechi
338 1202 474 1233 mors
513 1185 669 1249 patris
699 1183 1003 1232 Mathusalae
1036 1194 1246 1233 mortem
1283 1185 1576 1245 antevertit,
1618 1201 1731 1231 cum
1756 1184 1910 1231 nimi..

75 1273 218 1319 rum,
254 1263 315 1304 ut
345 1255 431 1303 hic
467 1263 631 1317 extat,
668 1263 810 1319 pater
844 1255 1122 1303 Mathusala
1157 1259 1273 1309 888.
1308 1256 1478 1303 aetatis
1512 1262 1794 1302 numeraret
1816 1272 1910 1302 an-

77 1344 219 1376 num.
291 1326 428 1373 Haec
464 1326 687 1372 Africani
724 1342 862 1372 mens
890 1335 938 1374 et
961 1328 1136 1388 verba,
1175 1344 1280 1373 non
1313 1327 1536 1389 Georgii,
1572 1325 1709 1372 cuius
1738 1343 1910 1390 oppo-

77 1397 223 1446 sitam
263 1395 557 1444 sententiam
601 1395 909 1442 demonstrat
952 1397 1117 1460 pagin.
1149 1401 1230 1448 20.
1261 1396 1317 1446 Α.
1353 1413 1589 1443 numerus
1619 1404 1783 1443 tamen
1824 1400 1914 1449 68.

77 1468 159 1517 vel
184 1471 269 1520 67.
295 1473 609 1514 antevertens
639 1465 885 1512 diluvium
910 1473 959 1513 et
984 1467 1138 1519 2175.
1161 1482 1403 1513 summam
1429 1467 1717 1530 relinquens
1741 1466 1911 1530 sequi-

77 1546 162 1586 tur
185 1537 384 1600 Georgii
423 1536 668 1584 diluvium
702 1553 832 1582 anno
865 1537 1022 1590 2242.
1056 1538 1344 1602 reponentis
1368 1537 1686 1584 sententiam:
1724 1536 1824 1583 imo
1862 1544 1911 1583 et

78 1626 184 1656 eam
214 1609 373 1673 ipsam
400 1624 549 1672 quam
573 1605 862 1655 Africanum
883 1616 1140 1672 sequutus,
1179 1615 1294 1656 ante
1321 1625 1505 1674 paucas
1530 1607 1677 1672 huius
1701 1605 1912 1672 paginae

75 1678 232 1728 lineas
259 1679 517 1762 amplexus
542 1685 629 1726 est.

219 1743 547 1799 Μαθουσᾶλα
570 1745 624 1798 δὲ
648 1739 816 1807 ἔτοςς
778 1767 846 1812 ην
874 1766 970 1798 ωνε
969 1742 1018 1813 ’.]
1055 1747 1327 1795 Mathusala
1354 1747 1546 1796 diluvio
1574 1745 1912 1813 supervixisse

75 1837 249 1870 rursus
289 1819 483 1868 Author
520 1819 712 1880 asserit,
764 1825 812 1866 et
859 1835 981 1882 quae
1019 1836 1130 1884 pag.
1160 1816 1251 1872 20.
1290 1820 1347 1868 D.
1391 1819 1451 1866 de
1492 1818 1911 1884 praeoccupando

77 1892 296 1940 eiusdem
319 1890 474 1938 natali
502 1855 730 1974 scripsit',
768 1888 973 1938 videtur
998 1906 1200 1953 arguere
1229 1890 1489 1939 mendacii.

218 1956 396 2030 βρμοί.
423 1964 517 2015 ε’τει
541 1964 635 2011 τοῦ
661 1957 866 2025 κόσμου.
879 1959 899 2024 ]
938 1962 1147 2026 Repono
1170 1957 1348 2029 βρμβ’.
1386 1977 1484 2026 quo
1517 1976 1647 2007 anno
1677 1958 1741 2007 ad
1767 1966 1911 2007 aeta-

75 2033 140 2082 tis
166 2035 462 2098 quingentos
485 2032 586 2079 Noe
614 2031 861 2096 pervenit.

226 2107 329 2153 Τοῦ
355 2100 408 2153 δὲ
435 2105 555 2152 Νωε
583 2097 683 2166 μη’.
710 2097 976 2167 Μαλελεήλ
1007 2096 1306 2168 ἀπέθανεν]
1346 2101 1568 2149 Malaleel
1595 2117 1723 2148 anno
1755 2102 1909 2153 1690.

78 2173 230 2224 obiit·
267 2191 320 2237 p.
353 2176 469 2225 113.
499 2174 554 2220 Β.
578 2173 683 2220 Noe
707 2172 857 2226 1642.
883 2179 1031 2220 natus
1056 2181 1158 2222 est.
1194 2173 1355 2238 ipsius
1380 2189 1495 2236 ergo
1511 2172 1615 2220 Noe
1640 2172 1724 2225 48.
1748 2171 1908 2220 Mala-

74 2245 171 2295 leel
196 2243 303 2292 vita
328 2243 553 2290 excessit.

171 2309 361 2364 .Κατα
387 2331 442 2362 το
468 2305 644 2382 βρμοί.
678 2310 785 2370 ἔτος
813 2315 906 2362 τοῦ
927 2307 1159 2377 κόσμου]
1198 2312 1482 2376 Legeudum
1505 2305 1684 2381 βρμβ.

224 2386 330 2435 Του
351 2378 526 2447 Λάμεχ
555 2378 738 2465 πατρὸς
765 2382 930 2432 Νωε’
914 2382 1020 2442 ε’τος
1046 2378 1162 2446 χπξ.
1166 2382 1190 2446 ]
1229 2385 1435 2462 Repone
1458 2379 1586 2447 xmy'.

214 2450 388 2505 Λοιπᾶ
424 2453 505 2518 ε’τη
533 2471 575 2502 ιε
575 2447 623 2515 ’.]
665 2447 744 2502 ι’.δ
776 2468 839 2498 ex
865 2453 961 2499 iam
988 2454 1173 2517 putatis
1202 2454 1389 2501 rectius
1421 2451 1693 2516 collegeris.

217 2525 336 2587 Pag.
377 2524 493 2576 115.
532 2521 634 2572 Καὶ
657 2521 889 2586 ἐπέζησεν
925 2543 990 2586 φ.
964 2518 1013 2586 ’.]
1052 2523 1095 2570 A
1121 2523 1313 2571 diluvio
1338 2523 1594 2571 nimirum.

221 2597 304 2663 Τῷ
330 2589 487 2661 Ιβτοξ.
516 2592 610 2644 ἔτει
633 2595 725 2642 τοῦ
746 2588 972 2658 κόσμου]
1010 2593 1311 2658 Arphaxad‚
1347 2602 1459 2641 ante
1488 2594 1641 2640 lineas
1679 2607 1768 2639 sex
1791 2589 1902 2640 Au-

74 2665 193 2714 thor
219 2664 491 2725 scribebat,
530 2680 660 2710 anno
685 2670 799 2727 post
825 2663 1074 2711 diluvium
1095 2670 1146 2718 2.
1174 2664 1350 2712 mundi
1377 2664 1530 2718 2243.
1565 2663 1720 2712 vitam
1746 2663 1904 2711 sorti-

75 2745 185 2797 tus,
223 2752 380 2783 annos
423 2733 538 2788 135.
581 2733 760 2782 deinde
797 2740 944 2781 natus
985 2742 1186 2797 generat
1227 2735 1443 2792 Cainan3
1483 2751 1574 2783 cur
1613 2751 1716 2780 non
1751 2734 1902 2781 modo

77 2806 270 2870 colligit
309 2808 463 2859 2378.
499 2804 582 2852 vel
619 2820 733 2851 cum
773 2804 985 2852 Eusebio
1024 2808 1176 2858 2379.
1213 2805 1486 2867 Eusebius,
1525 2805 1611 2869 qui
1646 2804 1903 2852 biennium

74 2877 327 2941 integrum
354 2893 383 2922 a
413 2874 605 2923 diluvio
631 2874 696 2922 ad
719 2873 990 2940 Arphaxad
1010 2875 1138 2923 diem
1163 2877 1376 2924 natalem
1398 2874 1653 2936 interficit,
1692 2875 1903 2923 eundem

76 2948 131 2996 in
158 2946 335 2996 mundi
365 2945 520 2999 2244.
548 2946 774 3011 seponit,
812 2953 859 2994 et
884 2947 1076 3011 prolem
1105 2946 1165 2993 ab
1194 2964 1250 2995 eo
1283 2953 1560 3012 susceptam
1583 2950 1740 2999 2379.
1771 2961 1906 2993 asse-

76 3018 159 3066 rit.
231 3017 492 3065 Africanus
524 3032 586 3064 ex
622 3016 830 3065 adverso
868 3018 981 3065 Sem
1008 3034 1163 3064 annos
1198 3025 1395 3065 centum
1430 3024 1670 3083 provecto
1700 3015 1904 3082 Arpha-

77 3087 179 3136 xad
202 3096 375 3136 natum
409 3086 518 3150 ipso
557 3086 735 3136 diluvii
765 3093 988 3154 tempore
1025 3095 1245 3135 statuens
1279 3087 1490 3136 Authori
1531 3087 1740 3151 Georgio
1767 3103 1903 3133 non-

78 3175 359 3222 nunquam,
397 3156 495 3204 imo
518 3157 854 3222 frequentius,
893 3159 997 3207 eius
1031 3159 1275 3207 rationem
1312 3166 1552 3223 sequuto,
1590 3165 1648 3206 ut
1683 3156 1901 3204 calculos

79 3246 210 3276 anno
235 3245 334 3276 uno
371 3226 624 3276 breviores
659 3228 903 3276 subducat
936 3229 1249 3278 occasionem
1289 3230 1525 3293 suggerit:
1571 3229 1679 3292 ipse
1716 3225 1902 3289 quippe

82 3299 324 3362 Georgius
354 3296 623 3361 Arphaxad
652 3308 816 3347 ortum
842 3316 906 3347 ex
933 3301 1140 3367 proprio
1171 3308 1404 3366 computo
1434 3301 1498 3348 ad
1528 3314 1712 3346 annum
1748 3311 1902 3342 mun-

81 3369 132 3417 di
157 3370 310 3422 2243.
338 3367 520 3430 affigit,
559 3385 656 3432 quo
691 3369 949 3418 biennium
987 3389 1016 3418 a
1041 3371 1263 3435 diluvio,
1300 3388 1404 3419 non
1439 3370 1636 3435 quidem
1661 3382 1899 3413 consum-

79 3447 243 3500 mato,
284 3436 371 3486 sed
411 3437 640 3499 ineunte,
677 3448 901 3506 reputat.
940 3458 1039 3505 quo
1078 3441 1135 3490 fit
1170 3450 1228 3490 ut
1275 3459 1406 3490 anno
1450 3439 1701 3488 breviores
1733 3435 1897 3497 modo,

82 3509 376 3574 quandoque
402 3475 750 3573 productiores
774 3510 1173 3562 Genearcharum
1197 3521 1378 3562 aetates
1400 3510 1589 3568 offerat,
1630 3514 1679 3555 et
1701 3505 1897 3572 Arpha-
