2112 3854
710 182 1206 240 DISSERTATIO.
1794 175 1872 235 41

64 315 306 366 stolorum
327 314 515 367 inserit.
585 315 708 364 Nam
743 314 987 367 ἐκτίθεται
1024 317 1087 365 ad
1118 325 1370 366 auctorem
1402 315 1721 383 Anonymum
1744 316 1875 365 refe-

12 400 21 414 ’
63 386 273 438 rendum
293 394 388 449 est,
424 386 500 434 uti
527 402 733 451 sequens
757 387 1084 438 κατατίθεται.

204 491 317 552 Quo
347 498 509 539 autem
533 499 752 556 tempore
777 490 998 539 Zosimus
1025 492 1353 558 philosophus
1379 491 1590 554 vixerit,
1626 508 1729 540 non
1762 491 1879 538 satis

64 562 237 628 liquet.
308 561 606 610 Boerhavius
642 579 750 610 eum
779 561 1127 627 philosophum
1156 564 1338 612 saeculi
1361 563 1522 628 quinti
1550 562 1690 624 dicit,
1714 563 1878 610 nescio

66 650 164 698 qua
192 632 486 680 auctoritate
509 633 661 680 nisus.
733 632 948 695 Scaliger
962 633 1022 679 ad
1041 634 1310 681 Eusebiana
1327 652 1434 700 pag.
1469 635 1583 688 258.
1608 643 1720 682 ante
1746 635 1880 682 Pan-

66 703 302 766 odorum,
339 703 424 767 qui
461 703 672 750 Arcadio
714 702 987 766 imperante
1036 703 1167 751 circa
1217 722 1329 753 ann.
1365 707 1467 758 400
1506 705 1735 769 scripsit,
1774 706 1880 752 Zo-

68 774 250 823 simum
284 773 467 822 vixisse
509 773 788 821 contendit:
833 790 946 820 nam
989 774 1253 836 Georgium
1280 776 1455 838 ,locum
1499 776 1679 823 Zosimi
1713 792 1816 822 non
1855 791 1883 822 e

68 844 269 910 scriptis
301 844 541 904 auctoris,
578 860 752 891 verum
779 860 804 890 e
835 844 1093 892 Panodoro
1128 844 1360 893 hausisse.
1431 846 1565 894 Haec
1589 864 1730 894 causa
1750 862 1881 893 vana

69 923 166 976 est,
200 923 345 979 atque
372 914 507 962 omni
529 914 820 962 auctoritate
842 921 989 965 caret.
1030 942 1088 950 -—-
1122 915 1397 978 Zosimum,
1435 913 1523 967 τὸν
1550 916 1729 982 μέγαν,
1768 924 1882 964 ante

41 1025 44 1028 .
69 985 487 1050 Olympiodorum
513 985 720 1046 vixisse,
758 992 895 1049 patet
917 992 1023 1032 tum
1049 1002 1074 1033 e
1099 985 1318 1047 catalogo
1344 987 1493 1034 citato
1515 990 1618 1036 ταῖν
1645 991 1882 1050 ποιητῶν,

71 1056 156 1120 qui
181 1056 406 1104 ordinem
427 1057 664 1120 temporis
687 1055 934 1119 sequitur,
974 1063 1022 1104 et
1045 1056 1100 1103 in
1123 1073 1221 1120 quo
1244 1056 1465 1104 Zosimus
1492 1064 1605 1104 ante
1629 1057 1884 1121 Olympio·

70 1127 248 1175 dorum
273 1125 463 1191 positus
496 1133 596 1187 est,
645 1133 755 1174 tum
783 1143 845 1174 ex
886 1143 972 1188 eo,
1010 1127 1147 1191 quod
1183 1127 1573 1193 Olympiodorus
1606 1127 1660 1174 in
1700 1128 1886 1192 scripta

71 1197 254 1247 Zosimi
283 1203 640 1245 commentatus
676 1213 776 1244 esse
810 1196 1010 1245 dicitur.
1063 1198 1450 1263 Olympiodorus
1485 1206 1646 1245 autem
1683 1197 1887 1263 scripsit

70 1266 346 1316 Theodosio
374 1267 553 1315 minori
575 1274 835 1329 regnante,
872 1267 1050 1315 Photio
1077 1276 1200 1316 teste
1225 1269 1333 1317 cod.
1358 1272 1452 1322 80:
1488 1269 1520 1320 i.
1547 1285 1587 1319 e.
1614 1269 1744 1316 inter
1767 1286 1883 1318 ann.

70 1338 174 1391 408
201 1366 270 1376 —
295 1338 425 1399 4503
465 1344 512 1385 et
542 1337 775 1385 historiae
807 1337 922 1385 finis
954 1346 1057 1386 erat
1090 1339 1144 1385 in
1174 1339 1319 1387 caede
1354 1339 1580 1401 Ioannis,
1625 1339 1751 1403 regis
1787 1341 1889 1386 Ro·-

69 1425 358 1470 manorum,
399 1408 478 1455 cui
526 1408 902 1456 Valentinianus
947 1409 1198 1474 septennis
1233 1409 1467 1457 successit
1502 1427 1616 1458 ann.
1659 1410 1779 1464 425.
1819 1435 1888 1446 -

69 1479 200 1543 Ergo
229 1486 340 1526 ante
366 1478 463 1526 hoc
487 1486 682 1543 tempus
717 1473 968 1525 Zosimum
991 1480 1175 1526 vixisse
1199 1497 1394 1527 necesse
1421 1479 1530 1527 erit.
1602 1480 1767 1540 Quum
1798 1496 1890 1527 ve-

68 1567 127 1598 ro
161 1549 465 1598 Christianus
485 1549 608 1611 fuit,
643 1565 803 1611 neque
831 1549 964 1612 apud
998 1550 1156 1596 ullum
1188 1550 1481 1614 scriptorem
1514 1549 1698 1598 saeculi
1737 1566 1893 1613 quar—

67 1620 110 1668 ti
133 1627 218 1668 aut
252 1619 411 1684 quinti
447 1627 643 1684 praeter
669 1619 1113 1683 Olympiodorum,
1150 1623 1242 1669 τοῦ
1273 1616 1486 1685 μεγάλου
1518 1623 1732 1684 ποιητοῦ
1756 1637 1892 1667 men-

67 1691 140 1739 tio
178 1698 280 1738 est:
321 1689 535 1738 arbitror
559 1706 670 1736 eum
695 1688 831 1736 haud
856 1690 1068 1736 multum
1104 1697 1216 1737 ante
1253 1707 1435 1737 annum
1464 1691 1892 1754 quadringentesi-

71 1778 208 1809 mum
234 1768 351 1826 post
381 1759 495 1812 Chr.
522 1767 623 1808 nat.
647 1759 934 1826 ponendum
962 1777 1087 1823 esse,
1117 1759 1187 1808 ita
1214 1767 1271 1808 ut
1296 1749 1464 1809 forsan
1486 1761 1701 1825 aequalis
1728 1761 1893 1809 Pano-

72 1832 183 1881 dori
207 1832 369 1880 fuerit.

215 1937 410 1985 Testem
440 1935 737 1985 narrationis
765 1936 825 1984 de
848 1935 1107 2000 Egregoris
1139 1937 1424 1984 Hermetem
1451 1953 1651 2002 quoque
1675 1936 1896 1984 Zosimus

72 2007 270 2070 laudat,
307 2007 450 2055 illum
484 2007 664 2056 fabulis
699 2007 914 2055 cuiusvis
947 2007 1138 2070 generis
1173 2015 1467 2055 exornatum
1502 2007 1767 2072 sapientem
1802 2007 1897 2054 Ae·-

72 2079 330 2144 gyptium,
370 2078 449 2126 cui
483 2086 591 2126 tum
622 2078 807 2142 scripta
840 2078 1070 2142 antiqua,
1105 2078 1332 2143 inprimis
1356 2076 1588 2143 phySIca‘,
1627 2077 1816 2125 medica
1847 2085 1897 2125 et

73 2149 391 2212 astrologica,
429 2166 641 2213 quorum
692 2156 913 2196 auctores
951 2148 1111 2212 ignoti
1157 2157 1323 2206 erant,
1361 2157 1470 2196 tum
1510 2149 1790 2196 recentiora
1837 2148 1897 2195 ab

72 2220 200 2286 ipsis
239 2219 554 2281 auctoribus,
596 2219 808 2266 maxime
842 2218 1134 2266 Christianis
1172 2219 1456 2285 Aegyptiis,
1491 2219 1898 2284 Neoplatonicam

74 2288 442 2356 philosophiam
479 2290 828 2353 sequentibus,
866 2290 1284 2354 supponebantur.
1365 2290 1500 2337 Inter
1551 2290 1901 2338 obscurissima

75 2378 195 2412 vero
222 2359 528 2423 antiquitatis
557 2368 675 2406 sunt
699 2359 884 2424 scripta
909 2360 1213 2422 Hermetica,
1248 2378 1408 2424 neque
1442 2359 1607 2407 adhuc
1632 2361 1767 2407 ullus
1803 2360 1900 2407 do—

80 2439 276 2479 ctorum
302 2430 549 2494 ingenium
574 2447 632 2476 ac
651 2437 845 2494 tempus
883 2430 955 2478 rei
989 2431 1255 2479 litterariae
1290 2430 1445 2493 gratia
1483 2430 1713 2491 devovit,
1751 2437 1806 2477 ut
1846 2445 1901 2476 ea

78 2501 356 2565 collegisset
379 2508 525 2564 atque
546 2499 900 2564 interpretatus
922 2508 1062 2551 esset.
1134 2501 1257 2549 Nam
1297 2501 1386 2548 etsi
1418 2500 1643 2548 barbarie
1676 2500 1901 2562 horrent,

78 2572 168 2621 etsi
194 2572 341 2637 plena
382 2577 498 2618 sunt
534 2570 843 2630 fabularum,
882 2570 1315 2619 deliramentorum
1334 2589 1390 2618 ac
1414 2571 1700 2633 vecordiae,
1735 2579 1902 2619 tamen

78 2651 129 2692 et
150 2641 398 2706 ingenium
429 2641 614 2689 saeculi
638 2640 718 2688 sui
742 2648 1018 2700 ostentant,
1057 2649 1106 2689 et
1125 2643 1271 2707 plura
1294 2643 1568 2705 fragmenta
1593 2642 1903 2705 antiquitatis

78 2712 387 2777 elegantioris
410 2711 542 2760 inter
568 2711 657 2759 has
682 2712 851 2760 sordes
876 2711 1159 2760 delitescere
1186 2719 1412 2778 possunt.
1451 2739 1520 2750 —
1555 2713 1775 2760 Zosimus
1798 2713 1904 2759 lau-

81 2784 168 2832 dat
203 2783 427 2846 Physica
460 2784 742 2843 HermetiS,
779 2781 922 2829 cuius
962 2782 1080 2830 libri
1115 2782 1174 2830 ab
1212 2783 1308 2831 alio
1341 2782 1583 2847 scriptore
1604 2780 1904 2832 mentionem

80 2855 260 2903 factam
284 2870 386 2902 esse
408 2870 512 2901 non
534 2853 746 2919 reperio.
816 2852 1085 2901 Morhofius
1115 2853 1168 2900 in
1193 2853 1320 2902 libro
1347 2854 1384 2902 I.
1408 2852 1733 2918 Polyhistoris
1756 2871 1805 2919 p.
1822 2856 1903 2906 99.

82 2924 313 2987 coniicit,
350 2924 572 2972 eumdem
606 2925 815 2971 fortasse
853 2940 957 2971 esse
989 2923 1205 2986 librum,
1242 2924 1327 2989 qui
1363 2941 1392 2971 a
1434 2924 1644 2988 Georgio
1680 2941 1789 2989 pag.
1818 2923 1902 2976 35.

81 2995 146 3049 D.
179 3002 228 3042 et
250 3011 361 3060 pag.
387 2995 471 3047 52.
504 2995 557 3045 Β.
585 2994 675 3042 sub
701 2994 901 3042 nomine
927 2997 1049 3044 τῶν
1084 2998 1216 3060 Κυρ
1234 2995 1471 3045 ανίδων
1495 2994 1708 3060 allegari.
1783 2993 1905 3040 Chi-

83 3065 214 3113 mica
242 3072 451 3128 uterque
470 3065 610 3126 liber,
649 3072 781 3112 certe
807 3081 871 3112 ex
893 3071 1051 3128 parte,
1085 3072 1321 3113 tractasse
1342 3065 1555 3116 videtur.
1625 3066 1746 3113 Erat
1774 3063 1904 3111 enim

85 3134 247 3182 medio
279 3136 474 3182 saeculo
508 3135 697 3183 decimo
721 3134 929 3199 septimo
966 3135 1255 3199 Altenburgi
1279 3136 1332 3182 in
1362 3136 1602 3197 Saxonia,
1637 3136 1694 3182 in
1717 3133 1906 3182 Biblio-

88 3203 235 3252 theca
262 3205 433 3253 Ducali
468 3205 627 3254 codex
673 3205 1039 3270 manuscriptus
1066 3213 1375 3254 vetustorum
1401 3206 1730 3254 Chimicorum
1759 3206 1909 3251 Grae-

91 3291 296 3337 corum,
333 3275 466 3322 inter
500 3293 625 3340 quos
670 3284 718 3323 et
751 3275 1140 3340 Olympiodorus
1165 3276 1492 3356 Philosophus
1522 3274 1907 3334 Alexandrinus,

92 3361 236 3408 quem
261 3345 314 3392 in
338 3346 515 3393 Zosimi
541 3347 727 3411 scripta
765 3353 1148 3393 commentatum
1170 3363 1272 3395 esse
1294 3347 1393 3394 iam
1425 3354 1565 3394 antea
1589 3344 1908 3393 narravimus.

91 3415 170 3463 Ex
206 3413 305 3462 hoc
332 3415 586 3464 Reinesius
624 3418 968 3502 fragmentum
976 3415 1159 3478 edidit,
1197 3417 1251 3465 in
1274 3435 1373 3481 quo
1407 3416 1792 3480 Olympiodorus
1818 3411 1912 3479 τήν

94 3486 356 3553 Κυρανίδα
391 3489 483 3536 τοῦ
512 3485 698 3553 Ἑρμοῦ
737 3494 786 3535 et
825 3506 920 3551 την
953 3480 1220 3552 Ἀρχαϊκην
1244 3489 1418 3553 βίβλον
1447 3486 1643 3544 laudat,
1683 3485 1912 3549 quodque
