2112 3854
184 190 221 245 8
824 193 893 246 G.
940 190 1006 245 G.
1045 189 1381 246 BREDOVII

182 324 315 371 tinae
336 322 530 371 Eusebii
560 340 608 387 p.
637 326 686 376 9.
717 322 776 370 ab
804 338 933 370 anno
957 319 1142 368 Diluvii
1176 320 1239 369 ad
1268 318 1490 369 Abrahae
1514 334 1671 383 usque
1697 317 2004 366 nativitatem

184 395 303 442 anni
330 398 465 447 1072
487 393 810 456 colliguntur:
834 408 952 439 mox
973 407 1092 438 vero
1115 399 1333 455 apparet,
1356 390 1615 439 librarium
1632 405 1732 436 esse
1757 388 1812 435 in
1841 389 2002 452 culpa,

184 464 274 528 qui
308 461 371 510 ad
407 463 644 510 monitum
670 463 862 525 Georgii
890 461 1110 526 Syncelli
1132 478 1393 510 numerum
1421 461 1751 508 Eusebianum
1775 465 2004 506 mutave-

181 536 264 583 rit.
312 533 542 581 Pluribus
557 533 687 580 enim
704 533 828 579 locis
860 532 1095 595 Georgius
1119 532 1173 579 in
1194 532 1458 580 Eusebium
1484 529 1690 592 invehit,
1717 528 1851 593 quod
1873 528 2007 576 inter

181 603 437 652 Diluvium
463 610 511 651 et
528 602 772 650 Abraham
797 618 951 650 annos
986 605 1086 655 130
1112 602 1348 652 omiserit.

322 672 453 721 Huic
499 689 715 720 summae
762 689 1005 720 annorum
1055 672 1195 725 3184
1226 671 1462 720 Eusebius
1505 671 1560 718 in
1599 670 1796 717 Canone
1823 655 2005 732 ¹graeco

181 761 232 808 p.
262 747 377 796 186.
400 743 459 790 ab
481 742 762 790 Abraha'ad
793 742 978 791 Christi
1003 742 1311 791 nativitatem
1336 742 1475 789 addit
1502 758 1664 788 annos
1691 740 1852 793 2015:
1891 755 2005 801 ergo

182 814 243 860 ab
264 813 451 860 Adamo
472 813 535 860 ad
556 811 807 861 Christum
828 821 945 861 sunt
966 813 1102 866 5199
1124 815 1262 861 anni.
1335 812 1474 860 Idem
1499 827 1736 858 numerus
1762 826 2027 871 annorum5

181 885 321 936 2015
358 883 537 946 legitur
561 883 615 930 in
639 884 867 932 versione
894 883 1043 931 latina
1067 882 1359 948 Hieronymi
1385 900 1434 947 p.
1459 883 1579 943 256,
1617 888 1764 944 atque
1784 881 1838 926 in
1859 880 2008 927 Tiro-—

179 953 260 1001 nis
309 953 538 1018 Prosperi
578 952 824 1002 Chronico
858 972 908 1020 p.
942 956 1060 1007 283.
1131 953 1268 1001 Idem
1310 954 1412 1001 fere
1452 967 1688 1000 numerus
1727 950 1778 997 in
1814 949 2012 997 Eusebii

179 1022 488 1072 Praefatione
533 1024 597 1072 ad
642 1024 827 1073 librum
868 1023 1226 1074 chronicorum
1272 1023 1593 1091 posteriorem
1635 1020 1883 1084 colligitur
1915 1019 2009 1068 hac

179 1093 403 1142 ratione:

231 1159 233 1161 ’
318 1163 393 1212 Ab
435 1181 565 1213 anno
601 1164 793 1213 decimo
819 1163 991 1229 quinto
1016 1163 1198 1212 Tiberii
1223 1163 1463 1227 Caesaris,
1502 1180 1600 1227 quo
1630 1160 1872 1220 Christus,

180 1231 383 1296 triginta
429 1251 584 1282 annos
623 1243 796 1297 natus,
837 1234 1048 1282 docendi
1080 1233 1278 1281 initium
1315 1233 1465 1296 feeit,
1504 1233 1567 1280 ad
1593 1232 1725 1280 Darii
1742 1231 1870 1294 regis

180 1305 438 1352 Persarum
470 1322 651 1352 annum
678 1304 979 1365 secundum,
1019 1321 1117 1366 quo
1141 1304 1503 1368 Hierosolymis
1527 1303 1767 1368 templum
1798 1303 1873 1349 in-

180 1382 456 1422 stauratum
476 1383 563 1438 est,
589 1383 722 1424 retro
753 1374 986 1437 colligens
1010 1373 1248 1420 Eusebius
1274 1374 1418 1438 ponit
1446 1389 1599 1420 annos
1638 1408 1650 1420 .
1724 1407 1736 1419 .
1809 1411 1823 1423 .
1894 1369 2012 1426 548.

319 1444 361 1492 A
381 1444 518 1492 Darii
540 1462 668 1492 anno
693 1445 930 1502 secundo,
968 1443 1055 1507 qui
1084 1444 1138 1490 in
1161 1442 1375 1508 primum
1391 1441 1701 1508 Olympiadis
1725 1458 1873 1490 sexa-

179 1514 387 1578 gesimae
407 1515 606 1579 quintae
627 1515 868 1576 incurrit,
907 1513 970 1561 ad
993 1513 1205 1578 primam
1225 1530 1379 1578 usque
1405 1513 1753 1578 Olympiadem
1775 1513 1808 1565 i.
1829 1530 1871 1562 e.

180 1586 244 1632 ad
273 1584 419 1632 Oziae
446 1586 740 1634 Iudaeorum
761 1585 888 1648 regis
912 1601 1094 1632 annum
1123 1584 1599 1650 quinquagesimum,
1625 1601 1720 1648 quo
1746 1591 1880 1632 tem-

178 1672 301 1720 pore
321 1656 487 1703 Esaias
514 1656 705 1719 claruit,
747 1672 861 1702 ann.
947 1689 1822 1706 ...........
1894 1653 2012 1709 256.

319 1725 395 1773 Ab
444 1726 739 1791 Olympiade
781 1724 944 1790 prima
984 1724 1046 1772 ad
1083 1732 1277 1790 captam
1312 1741 1469 1789 usque
1502 1723 1730 1787 Troiam,
1779 1724 1871 1773 sub

181 1795 428 1844 Labdonis
445 1796 625 1844 iudicis
639 1797 939 1845 Ebraeorum
951 1802 1191 1861 tempora,
1217 1803 1407 1861 septem
1430 1812 1587 1844 annos
1610 1802 1874 1860 antequam

184 1867 425 1931 Sampson
451 1867 648 1915 Ebraeis
666 1866 938 1932 imperabat
1033 1900 1824 1918 ..........
1895 1868 2015 1921 408.

253 1935 327 2003 (in
357 1937 516 1984 latina
535 1938 763 1986 versione
798 1935 1091 2001 Hieronymi
1113 1935 1187 1984 bis
1210 1936 1392 2000 legitur
1413 1936 1558 1998 406).

317 2007 393 2054 Ab
419 2006 516 2055 hoc
541 2015 764 2072 tempore
787 2022 946 2070 usque
978 2007 1041 2054 ad
1061 2007 1231 2054 Mosen
1257 2014 1306 2054 et
1333 2008 1604 2072 Cecropem
1722 2043 1736 2055 .
1808 2043 1821 2054 .
1891 2009 2013 2062 329.

320 2078 362 2124 Α
385 2078 520 2125 Mose
541 2085 590 2124 et
616 2079 837 2143 Cecrope
865 2077 929 2126 ad
951 2078 1172 2144 primum
1195 2093 1352 2143 usque
1376 2076 1598 2126 Abrahae
1619 2093 1803 2125 annum
1825 2084 1874 2125 et

180 2146 298 2195 Nini
325 2147 608 2213 imperiumx
690 2184 1221 2197 .......
1293 2184 1308 2211 ,
1382 2183 1820 2197 ......
1892 2147 2014 2201 505.

1374 2223 2015 2312 comm

253 2313 548 2381 (secundum
574 2316 852 2366 versionem
876 2317 1081 2366 latinam
1103 2313 1278 2382 2044.)
2001 2348 2005 2353 ,

1174 2387 1265 2436 His
1292 2386 1494 2437 detrahe
1518 2405 1674 2436 annos
1701 2386 1885 2436 Christi
1922 2390 2008 2440 30.

933 2487 1142 2535 Restant
1169 2485 1229 2534 ab
1257 2485 1455 2536 Abraha
1479 2461 2016 2537 m.

249 2551 356 2617 (aut
389 2552 567 2620 2014·)

175 2636 460 2685 Lectionem
496 2646 660 2688 textus
684 2640 861 2687 Graeci
900 2657 1068 2691 veram
1095 2658 1199 2690 esse
1226 2658 1427 2703 censeo,
1468 2648 1640 2704 atque,
1677 2638 1755 2686 uti
1781 2637 2014 2686 Chrono-

175 2706 276 2768 logi
310 2708 500 2771 antiqui
542 2725 686 2773 saepe
725 2711 910 2772 solent,
949 2716 1052 2759 nori
1088 2730 1243 2759 annos
1270 2712 1475 2774 triginta
1502 2711 1598 2757 iam
1631 2710 1878 2773 perfectos
1906 2710 2013 2757 Eu-

177 2777 339 2824 sebius
385 2779 654 2825 detraxisse
691 2778 813 2826 mihi
851 2781 1079 2845 videtur,
1120 2782 1206 2829 sedv
1229 2781 1430 2844 triginta
1457 2788 1506 2827 et
1536 2796 1720 2841 unum,
1759 2796 1857 2843 quo
1880 2775 2041 2828 vitae*

176 2863 306 2894 anno
347 2847 571 2895 Christus
610 2850 785 2897 docere
822 2850 1028 2916 incepit.
1099 2852 1286 2915 Hisque
1322 2851 1556 2898 detractis
1590 2865 1827 2897 numerus
1850 2867 2010 2897 anno-

174 2933 286 2964 rum
318 2918 455 2970 2015
479 2918 621 2966 nobis
646 2927 815 2969 restat.
886 2922 1088 2970 Numeri
1112 2939 1232 2970 vero
1256 2921 1549 2986 Hieronymi
1593 2915 1676 2988 (p.
1702 2919 1771 2974 55
1800 2927 1849 2967 et
1874 2915 2010 2989 158)

175 2987 279 3040 406
310 2995 357 3034 et
382 2989 522 3041 2044
549 2989 828 3053 corrigendi
854 3006 956 3039 esse
982 2992 1232 3040 videntur.

314 3058 370 3104 In
400 3058 529 3105 libro
564 3060 754 3107 decimo
785 3062 1178 3126 Praeparationis
1215 3061 1541 3125 Evangelicae
1569 3078 1676 3125 cap.
1693 3064 1741 3114 9.
1770 3059 2010 3109 Eusebius

175 3127 497 3175 summarium
531 3136 783 3194 tamquam
826 3149 1075 3180 canonum
1111 3132 1580 3195 chronologicorum
1605 3130 1869 3193 exhibens,
1906 3147 2010 3178 uno

174 3215 379 3246 numero
417 3207 625 3264 excepto
668 3218 837 3249 omnes
865 3220 1097 3250 numeros
1141 3203 1338 3251 eo'sdem
1379 3202 1554 3249 habet:
1595 3217 1769 3266 nempe
1807 3218 1836 3247 a
1862 3201 2010 3248 Troia

176 3276 319 3332 capta
345 3268 408 3316 ad
428 3269 593 3317 Mosen
624 3288 782 3335 usque
816 3281 1074 3338 computat
1099 3290 1203 3320 non
1226 3275 1346 3334 329,
1377 3273 1462 3321 sed
1495 3289 1650 3319 annos
1681 3270 2012 3335 quadringen-

174 3345 266 3384 tos.
339 3341 520 3387 Tamen
555 3340 654 3388 hoc
690 3342 745 3388 in
770 3343 881 3390 loco
917 3360 1077 3408 neque
1098 3358 1315 3392 errorem
1339 3342 1556 3391 auctoris
1582 3358 1741 3406 neque
1767 3341 2012 3390 incuriam

176 3408 366 3455 librarii
396 3410 762 3474 deprehendere
784 3412 910 3460 mihi
931 3414 1121 3463 videor.
1159 3413 1331 3463 Annus
1363 3418 1466 3468 329
1490 3411 1855 3460 accuratissime
1878 3428 2008 3459 com-

177 3485 382 3542 putatus
420 3489 492 3529 est
531 3482 594 3531 ad
614 3482 923 3533 nativitatem
960 3485 1126 3533 Mosis.
1199 3484 1367 3545 Quum
1398 3500 1516 3532 vero
1542 3483 1699 3532 Moses
1733 3490 1932 3531 centum
1962 3487 2010 3530 et
