2222 3938
655 182 754 236 ET
791 183 1381 240 ANNOTATIONES.
1596 143 1601 155 Χ
1816 175 1941 242 503

112 314 232 364 δων.
302 313 402 362 Est
430 311 670 360 Plzibalz's
698 314 840 361 locus
871 315 1186 381 Megaridi37
1223 326 1270 365 et
1305 325 1364 364 ut
1399 315 1496 364 alia·
1518 315 1699 363 volant
1730 313 1942 365 Attices.

109 386 208 432 Est
228 399 429 449 quoque
450 384 688 431 Plzibalc's
699 386 906 448 ficuum
924 405 1086 451 genus
1101 427 1115 451 ,
1154 389 1295 454 qaod
1317 390 1586 436 exsiccetur
1607 385 1858 439 idoneum,

248 461 332 517 Ἐν
364 461 525 536 Ῥώμῃ
564 468 802 535 Κλαρίων
835 465 1007 537 οἶγῶν.]
1062 467 1221 539 'Ayco'v
1262 467 1612 537 έκατονταετὴς
1650 471 1945 537 celebratus,

111 537 333 587 dictione
378 538 642 604 Κλαρίων,
692 539 802 588 vice
852 545 1229 610 Σεκο-υλαρίων,
1288 561 1381 610 per
1430 559 1688 610 apocopen
1725 549 1944 606 sumpta,

110 609 396 657 Saeculares
437 608 583 656 ludos
631 609 982 675 concipiendos
1031 623 1214 664 monet.
1300 614 1412 665 Vox
1461 614 1699 680 Κλαρίων
1735 613 1945 662 barbara

16 706 25 716 x
112 678 312 727 Graecis
346 680 504 742 facta,
535 681 695 728 multo
732 681 992 731 barbarior
1018 685 1238 747 Latinis,
1274 684 1419 750 quasi
1450 683 1778 732 deformitatis
1813 683 1947 732 adie-

112 758 194 797 cto
232 751 468 811 foenore,
506 751 702 798 reddita
735 752 790 799 in
821 751 901 800 his
941 755 1141 803 Eusebii
1176 756 1342 804 Latini
1374 754 1438 803 ad
1473 755 1822 820 Olympiadem
1858 757 1943 812 81.

108 821 307 869 Romae
354 822 557 870 Clarior
602 839 738 886 agon
785 828 1100 873 centenarius·
1133 830 1341 891 primas
1377 834 1540 872 actas.
1618 823 1714 888 Τὰ,
1750 828 1948 890 πρῶτος

109 891 330 955 Scaliger
361 908 471 956 pag.
506 899 673 940 textus
710 892 797 945 43.
836 894 1190 962 dissimulavit,
1240 897 1467 947 redditur
1501 903 1671 945 tamen
1706 914 1734 944 a
1760 895 1946 945 Hiero·-

107 978 260 1027 nymo
285 962 340 1010 in
366 963 539 1010 Latina
568 963 813 1014 versione.

250 1043 306 1096 ‘0
340 1049 431 1112 τῆς
449 1043 612 1114 ’Ἡρας
648 1045 767 1108 ναός
804 1045 1083 1116 ἐπρήσθη]
1122 1050 1363 1100 Eusebius
1388 1051 1612 1101 Latinus,
1694 1049 1948 1118 Templum

109 1117 323 1166 Iunonis·
353 1116 490 1182 qaod
511 1119 675 1184 Argis
683 1122 900 1183 fuerat,
935 1123 1207 1175 incensum.
1918 1150 1921 1156 ·

244 1203 359 1266 Pag.
397 1203 515 1256 248.
559 1202 784 1264 Μέλισος
807 1202 1021 1268 φυσικός
1046 1205 1367 1273 ἕγνωρίζετο]
1403 1205 1520 1255 Vox
1560 1210 1799 1269 corrupta
1832 1206 1948 1253 Μι-

107 1268 281 1339 λήσιος
307 1273 366 1320 ab
391 1270 490 1320 hoc
521 1283 762 1322 commate
798 1276 1122 1324 describendo
1159 1277 1461 1340 Scaligerum
1502 1275 1760 1326 deterruit.
1818 1274 1947 1321 Cor-

106 1344 241 1393 rexit
265 1343 507 1391 Eusebius
533 1345 595 1392 ad
622 1345 968 1410 Olympiadem
996 1348 1082 1400 84.
1109 1337 1345 1397 scribens.
1415 1347 1656 1406 illelissas
1690 1345 1946 1409 Plzysicus

107 1417 441 1479 agnoscitur:
476 1414 623 1462 aliam
664 1433 859 1480 quoque
892 1433 1069 1466 vocem
1107 1421 1332 1469 Καλπῶν
1368 1417 1421 1464 in
1464 1419 1764 1482 Καμπανῶν
1802 1414 1948 1464 resti-

106 1485 344 1533 tuendam
378 1493 546 1533 monet
576 1485 654 1533 his
691 1487 871 1535 verbis.
951 1488 1084 1536 Gens
1123 1488 1504 1556 Campanorum
1533 1491 1590 1534 in
1628 1487 1789 1536 Italia
1827 1501 1948 1533 con-

106 1557 307 1605 stituta.
347 1555 508 1604 Habet
536 1573 735 1620 quoque
763 1556 1047 1606 Chronicon
1071 1559 1314 1607 Alexand.
1342 1558 1628 1626 olympiad.
1652 1562 1767 1612 102.
1807 1559 1950 1622 Καμ-

105 1629 285 1678 πανῶν
306 1624 459 1686 ἔθνος
486 1626 540 1678 έν
562 1622 735 1697 Ἰταλίᾳ
754 1626 981 1694 συνέστη.

247 1694 460 1760 Ῥοῦφος
480 1692 742 1765 Λάργιος]
780 1699 852 1746 De
876 1715 975 1762 quo
999 1700 1248 1761 Pontacus
1275 1698 1469 1747 abunde
1492 1699 1547 1746 in
1577 1697 1734 1746 Notis.

250 1767 549 1832 Πανίασος.]
587 1770 663 1816 lta
697 1768 896 1817 restitui
931 1786 995 1819 ex
1026 1769 1131 1819 eius
1167 1769 1610 1822 observationibus.
1682 1765 1950 1834 Panyasim

108 1836 282 1887 scribit
307 1838 549 1900 Eusebius
578 1838 799 1887 Latinus.
1794 1835 1796 1838 ’

245 1903 466 1974 Ἰωακεὶμ
499 1906 613 1971 υἷός
631 1904 822 1975 Ἰησοῦς
849 1904 1115 1978 δεύτερος.]
1153 1909 1232 1959 Ad
1255 1926 1422 1959 rerum
1449 1906 1824 1974 prophanarum
1847 1907 1948 1954 cal-

107 1995 231 2041 cem,
260 1979 402 2027 nulla
427 1979 730 2028 discriminis
755 1988 877 2030 nota
904 1982 1134 2048 apposita
1158 1981 1373 2030 coniecit
1396 1979 1519 2029 haec
1539 1979 1757 2043 Scaliger
1779 1985 1951 2028 textus

107 2067 219 2116 pag.
255 2050 344 2102 43.

149 2134 156 2140 ·
244 2118 685 2181 Ἑπτακαιδέκατος
717 2116 819 2172 vimi
847 2116 1085 2189 Ἀαρών.]
1123 2123 1296 2171 Plures
1331 2119 1667 2170 numerandos
1694 2135 1786 2183 per
1813 2115 1950 2165 mille

110 2190 354 2239 ducentos
385 2198 434 2237 et
467 2190 678 2254 amplius
717 2209 873 2240 annos
911 2210 1058 2256 quam
1086 2191 1437 2257 septemdecim
1464 2189 1730 2238 Pontifices
1759 2187 1946 2236 brevis-

109 2262 233 2310 sima
258 2261 494 2324 cuiusque
530 2261 748 2308 hominis
780 2262 886 2310 vita
919 2263 1190 2327 compellit.
1263 2260 1520 2308 Latercula
1553 2258 1776 2306 omnium
1804 2257 1948 2306 iuxta

109 2332 421 2397 Scripturam
438 2331 774 2380 Hebraeorum
803 2332 1107 2381 Chronicum
1131 2340 1179 2380 et
1200 2330 1464 2396 Iosephum
1494 2329 1692 2377 exhibet
1717 2327 1949 2376 Petavius

109 2403 198 2451 lib.
228 2406 310 2455 10.
339 2402 400 2449 de
423 2402 567 2451 Doct.
604 2403 775 2467 Temp.
813 2421 841 2450 a
877 2419 985 2468 cap.
1022 2403 1107 2456 47.
1145 2402 1209 2450 ad
1248 2403 1334 2456 57.
1373 2400 1745 2466 Successionem
1769 2413 1946 2448 rursus

112 2473 177 2521 ad
210 2473 395 2520 calcem
417 2472 580 2537 operis
613 2472 973 2538 apertissimam
998 2474 1085 2524 fol.
1110 2476 1233 2526 368.

251 2558 364 2620 Pag·
401 2557 521 2611 249.
562 2557 794 2628 Εἰκοστῷ
830 2556 925 2609 ἔτει
946 2551 1308 2624 Ἀρταξέρξου]
1357 2555 1516 2605 Aliter
1547 2554 1779 2605 redditur
1812 2544 1948 2618 apud

112 2627 434 2691 Scaligerum.
471 2628 681 2698 εἰκοστῷ
701 2627 796 2678 ἔτει
821 2623 1134 2694 Ἀρταξέρξου
1160 2630 1254 2678 τοῦ
1291 2623 1637 2697 Μακρόχειρος
1664 2620 1948 2694 ἀρξαμένου

110 2702 206 2750 τοῦ
232 2698 404 2765 ἔργον,
441 2696 526 2748 καὶ
552 2697 899 2758 τελειωθέντος
924 2694 1048 2748 κατα
1081 2694 1138 2748 vo*
1167 2692 1259 2764 λβ’.
1301 2697 1441 2759 ἔτος,
1478 2697 1548 2759 ὥς
1582 2692 1825 2763 ἷστορεῖῆ
1855 2695 1950 2744 τοῦ

94 2767 290 2837 ’Έσδρα
314 2764 514 2835 γραφή·
553 2768 660 2820 ἐπεὶ
692 2763 1070 2836 ἄρχιεροὶτευσεν
1097 2767 1178 2834 ἔτη
1217 2804 1643 2819 .........
1715 2761 1865 2816 Meto}
1894 2760 1950 2814 δὲ

107 2834 347 2904 Ἰωάννην
381 2837 408 2891 ὅ
442 2835 571 2890 nocto?
601 2835 926 2907 Ἀλέξανδρον
973 2833 1237 2907 γενόμενος
1278 2834 1491 2907 ὕστερον
1534 2835 1621 2891 τόν
1660 2831 1949 2888 Μακεδόνα.

152 2927 175 2958 a
213 2948 224 2962 .
261 2910 345 2962 43.

111 2928 147 2977 P
179 2926 210 2975 g
250 2987 413 3043 Ἰωδαὲ
440 2993 558 3043 υἱοῦ
576 2986 840 3059 Ἐλιασίβ]
870 2992 1167 3042 Pontificum
1188 2992 1400 3042 istorum
1426 2994 1705 3058 catalogum
1725 2989 1948 3041 Neemias

115 3062 315 3128 digessit
354 3080 460 3127 cap·
501 3068 583 3116 12.
621 3062 708 3114 καὶ
746 3058 933 3129 Ἰησοῦς
969 3063 1199 3131 ἐγέννησε
1236 3062 1325 3116 τόν
1360 3060 1577 3130 Ἰωακὶμ,
1623 3062 1709 3114 καὶ
1738 3057 1948 3125 Ἰωακὶμ,

115 3134 346 3202 ἐγέννησε
367 3131 455 3183 τὸν
473 3129 694 3199 Ἐλιασίβ
708 3147 720 3161 ·
758 3135 844 3186 καὶ
854 3130 1075 3201 Ἐλιασὶβ
1098 3133 1181 3186 τὸν
1200 3129 1386 3186 Ἰωδαέ·
1423 3135 1510 3186 καὶ
1525 3131 1692 3186 Ἰωδαὲ
1716 3130 1948 3205 ἐγέννησε

117 3202 207 3256 τόν
228 3198 495 3254 Ἱωνάθαν·
534 3204 619 3254 καὶ
646 3199 889 3256 Ἰωνάθαν
915 3204 1148 3273 ἐγέννησε
1171 3202 1261 3257 τόν
1288 3201 1521 3265 Ἰαδδοῦς.
1592 3206 1662 3251 Et
1698 3204 1837 3251 Iesus
1863 3217 1950 3264 ge-

120 3277 237 3323 nuit·
264 3275 486 3322 Ioczcc'm:
523 3283 569 3321 et
590 3276 782 3323 Ioacim
802 3279 981 3342 genu-it
1008 3276 1241 3324 Eliasib:
1279 3285 1325 3323 et
1351 3276 1555 3326 Elia-sib
1587 3275 1767 3338 genuit
1795 3269 1951 3319 lodae

123 3346 207 3393 alii
238 3344 573 3408 pronunciant
602 3345 844 3410 loiadam,
882 3347 1121 3412 Iosephus
1146 3347 1235 3396 lib.
1263 3351 1345 3400 11.
1373 3351 1490 3395 Ant.
1518 3362 1626 3408 cap.
1656 3348 1706 3396 7.
1733 3338 1948 3405 Iudam.)

124 3419 193 3464 Ec
231 3414 385 3463 [odae
404 3417 583 3478 genuit
624 3416 895 3464 Ionatham
937 3417 1192 3483 (Ioannem
1226 3433 1342 3466 cum
1374 3417 1524 3463 citato
1562 3413 1771 3478 Iosepho
1803 3421 1951 3461 vocat

125 3484 338 3552 Author)
378 3496 422 3532 ει
461 3486 730 3534 Ionatham
761 3490 943 3554 genuit
972 3487 1196 3550 Iaddzw,
1235 3487 1318 3551 qui
1351 3484 1687 3534 Alexandrum
1717 3482 1948 3538 Macedo-
