2112 3854
179 177 263 266 '22
816 213 886 270 G.
922 212 994 267 G.
1029 213 1374 272 BREDovn

283 344 442 393 Tanto
483 362 604 394 vero
655 343 818 392 studio
859 343 1098 407 Georgius
1134 345 1412 394 versionem
1463 350 1684 408 graecam
1719 344 1999 393 Bibliorum

179 416 428 478 sequitur,
465 423 520 463 ut
546 433 647 462 non
681 417 786 462 sine
820 415 903 461 ira
937 431 1016 460 eos
1039 415 1390 480 reprehendat,
1430 418 1521 480 qai
1560 424 1748 462 textam
1771 415 1999 464 Hebrai-

178 503 294 532 cum
318 495 569 550 sequentes
593 502 674 547 ea,
713 500 838 549 quae
870 483 934 530 ab
967 486 1316 548 interpretibus
1345 487 1547 550 graecis
1578 483 1763 532 addita
1787 501 1888 532 esse
1912 484 2000 532 vi-

180 556 412 616 deantur,
450 557 731 620 negligant.
801 555 859 602 In
890 571 994 619 cap.
1025 557 1112 605 XI.
1143 558 1383 605 Geneseos
1406 573 1536 605 verS.
1562 560 1644 608 12.
1678 554 1999 617 Genealogiae

177 626 308 674 No'es
347 593 412 674 ab²
437 625 792 690 interpretibus
830 625 1030 672 Graecis
1063 627 1285 688 Ca‘z'ncm,
1329 626 1464 673 filius
1487 624 1825 690 Arphaxadis,
1861 625 2000 671 inse-

179 696 335 757 ritur3
386 713 499 743 nam
539 695 593 742 in
631 703 776 743 textu
798 694 1041 744 Hebraico
1077 695 1385 762 Arphaxadis
1412 695 1544 743 fillus
1578 703 1650 742 est
1679 695 1818 755 Sala,
1857 710 2001 758 quem

179 766 474 830 interpretes
513 765 824 845 septuaginta
850 765 1009 813 filium
1036 767 1239 831 Cainae,
1275 773 1504 846 nepotem
1544 764 1859 830 Arphaxadis
1899 781 2000 828 po-

179 843 323 887 nunt.
395 837 467 883 Eo
497 836 674 883 maiori
700 843 862 883 autem
887 836 1053 885 studio
1085 838 1362 901 Georgius'
1348 855 1402 884 m
1430 833 1698 884 Eusebium
1723 842 1771 882 et
1798 833 2001 882 Africa-

179 923 327 968 num,
366 906 452 969 qui
495 914 686 954 textum
723 906 1017 954 Hebraicum
1058 908 1256 971 sequuti
1295 914 1439 970 sunt,
1473 905 1694 966 invehit,
1747 904 1882 968 quod
1918 904 2002 950 di·-

178 976 463 1024 vinissimus
490 993 688 1055 quoque
712 978 894 1038 Lucas,
929 975 960 1027 ό
983 979 1173 1044 μυρίων
1207 973 1475 1043 Εὕσεβίων
1507 971 1812 1042 οἷσυγκρίτως
1841 969 2002 1041 πρού-

179 1065 306 1111 χων,
341 1046 398 1093 in
437 1047 598 1111 capite
628 1047 779 1094 tertio
819 1047 979 1094 sancti
1005 1048 1258 1112 Evangelii
1292 1064 1422 1095 vers.
1448 1051 1533 1100 36.
1571 1046 1758 1093 Cainan
1797 1043 2002 1110 Arpha-

178 1116 322 1164 xadis
359 1115 546 1179 filium,
580 1117 826 1165 decimum
852 1119 1053 1166 tertium
1082 1119 1142 1166 ab
1145 1085 1359 1166 t>Adamo
1390 1124 1644 1165 numerat:
1681 1131 1790 1180 pag.
1816 1114 1966 1168 54.A
1971 1150 2000 1176 .,

177 1204 227 1251 p·
258 1189 340 1239 80.
373 1186 459 1248 Α.,
496 1205 546 1252 p.
578 1185 674 1240 92.
700 1188 753 1236 C.
785 1188 872 1250 D.‚
908 1205 958 1251 p.
994 1190 1108 1242 115.
1133 1187 1191 1238 A.
1218 1189 1303 1249 Β.,
1340 1205 1389 1252 p.
1429 1191 1545 1240 168.
1580 1188 1669 1247 D.‚
1706 1203 1756 1251 p.
1793 1189 1910 1239 169.
1945 1184 2003 1237 Β.

176 1256 372 1304 Etenim
409 1258 452 1304 si
486 1258 664 1306 nullibi
692 1274 875 1304 nomen
904 1257 1080 1306 Cainae
1112 1258 1372 1306 inventum
1398 1265 1550 1319 esset,
1587 1255 1722 1304 unde
1756 1255 1879 1302 lecti
1912 1271 2004 1319 per

179 1343 348 1374 omnes
367 1327 611 1375 Ecclesias
629 1327 931 1375 Christianas
961 1327 1118 1375 sancti
1139 1327 1256 1375 libri
1281 1328 1524 1374 Geneseos
1552 1327 1774 1389 (graecos
1800 1322 2000 1389 cogitat)

178 1396 323 1443 illum
357 1398 631 1461 promunt?
681 1397 815 1445 unde
844 1399 1028 1460 Lucas,
1067 1397 1282 1446 cuiusvis
1319 1397 1517 1447 divinae
1549 1396 1890 1458 humanaeque
1913 1411 2005 1441 sa·-

178 1467 395 1546 pientiae
428 1468 619 1532 peritus
648 1468 702 1515 in
734 1468 1001 1530 Evangelio
1042 1484 1131 1515 suo
1165 1467 1372 1533 posuit?
1428 1467 1582 1529 „Non
1608 1466 1812 1514 dubium
1839 1465 1885 1512 ei
1910 1472 2001 1526 est,

181 1536 303 1600 quin
341 1538 395 1585 in
423 1546 652 1586 accurate
681 1538 942 1602 descriptis
981 1538 1232 1586 codicibus
1256 1538 1512 1586 Hebraicis
1537 1535 1616 1603 (ἐν
1644 1541 1747 1595 τοῖς
1783 1531 2007 1601 ἠκριβω-

179 1606 345 1673 μένοις
380 1612 481 1658 ‘miv
505 1603 849 1676 ἀντιγράφων)
875 1608 1070 1656 numeri
1094 1609 1349 1672 legantur,
1390 1625 1484 1672 qua
1507 1607 1700 1656 ratione
1722 1606 1826 1671 ipse
1847 1621 2004 1653 annos

180 1686 446 1742 computet.
483 1705 553 1715 —
596 1677 945 1741 Cognoscimus
973 1695 1035 1726 ex
1072 1676 1151 1726 his
1178 1679 1330 1741 locis,
1375 1678 1641 1741 Georgium
1668 1678 1724 1725 in
1749 1676 2006 1740 exempla-

178 1748 318 1797 ribus
357 1748 454 1796 suis
476 1748 732 1811 Evangelii
759 1749 919 1796 Lucae
944 1765 1127 1796 nomen
1162 1749 1336 1796 Cainae
1365 1749 1570 1813 legisse,
1603 1763 1764 1812 neque
1799 1747 2005 1794 dubita-

177 1818 249 1865 tio
280 1818 340 1865 de
366 1819 575 1866 veritate
601 1818 828 1867 lectionis
855 1827 989 1866 mota
1014 1819 1164 1867 fuisse
1192 1819 1406 1870 videtur.
1477 1819 1536 1867 In
1562 1835 1662 1866 uno
1692 1817 1892 1882 quidem
1916 1834 2006 1864 co-

179 1888 289 1936 dice
318 1888 375 1936 N.
413 1890 500 1950 T.,
552 1888 1002 1951 Cantabrigiensem
1036 1890 1190 1937 Bezae
1229 1891 1368 1951 dico,
1421 1906 1604 1937 nornen
1637 1889 1814 1936 Cainae
1851 1887 2003 1948 abest,

179 1966 228 2006 et
259 1959 490 2007 nonnulli
518 1959 776 2008 doctorum
799 1959 1057 2022 dubitant,
1085 1977 1250 2007 annon
1268 1961 1476 2008 fortasse
1501 1977 1529 2007 a
1554 1959 1759 2007 caeteris
1786 1957 2002 2006 librariis

180 2029 431 2077 codicibus
466 2031 524 2078 N.
551 2031 607 2091 T.
634 2034 873 2078 insertum
907 2030 992 2077 sit:
1027 2030 1082 2078 in
1107 2030 1335 2078 omnibus
1359 2047 1477 2079 vero
1511 2029 1767 2077 codicibus
1800 2035 2005 2093 septua-

179 2100 315 2162 ginta
349 2100 681 2164 interpretum
716 2100 925 2163 legitur,
954 2098 1024 2168 11)
1062 2100 1257 2165 iamque
1296 2100 1516 2165 Originis
1543 2107 1700 2147 aetate
1731 2098 2003 2162 legebatur,

182 2187 210 2216 a
233 2187 359 2233 quo,
398 2171 531 2234 quod
561 2170 834 2235 Procopius
875 2170 1094 2219 Gazaeus
1129 2179 1365 2233 testatur,
1400 2173 1454 2218 in
1483 2170 1720 2235 Hexaplis
1748 2170 1887 2218 obelo
1916 2186 2010 2216 no-

179 2247 314 2287 tatus
348 2241 470 2303 fuit3
522 2258 624 2288 non
658 2248 852 2302 autem,
902 2258 1050 2305 quam
1088 2242 1425 2290 coniecturam
1461 2241 1578 2288 inde
1616 2239 1795 2304 aliquis
1831 2254 2007 2305 capere

178 2317 373 2375 posset,
425 2312 560 2374 quod
602 2329 630 2358 a
673 2311 962 2375 quibusdam
1000 2313 1365 2377 exemplaribus
1401 2311 1587 2375 graecis
1629 2309 1868 2371 abfuerit,
1916 2308 2006 2356 sed

183 2380 321 2444 quod
352 2382 406 2427 in
428 2381 685 2429 Hebraicis
719 2399 823 2430 non
853 2381 965 2429 fuit.
1007 2383 1107 2433 Cfr.
1138 2383 1353 2446 Originis
1389 2384 1714 2431 Commentar.
1745 2380 1801 2428 in
1827 2378 2005 2430 Matth.

182 2451 319 2500 Toni.
343 2450 382 2498 I.
408 2469 455 2516 p.
482 2455 602 2505 381.
644 2479 705 2489 --
746 2452 891 2499 Unde
922 2460 1089 2500 autem
1117 2470 1292 2502 versus
1322 2453 1407 2500 ille
1434 2470 1540 2518 cap.
1573 2457 1653 2506 11.
1682 2452 1924 2499 Geneseos
1950 2450 2006 2497 in

180 2521 460 2569 versionem
493 2539 715 2583 graecam
751 2522 1085 2587 subrepserit,
1120 2541 1220 2571 non
1257 2523 1476 2588 reperi03
1531 2539 1647 2570 nam
1684 2521 1744 2580 ab
1772 2520 2005 2568 omnibus

183 2591 436 2638 codicibus
475 2591 759 2654 Hebraicis,
798 2593 884 2656 qui
919 2594 1062 2641 nobis
1099 2602 1391 2660 supersunt
1435 2609 1653 2658 quosque
1679 2591 1870 2655 antiqui
1895 2607 2006 2638 me-

180 2668 409 2721 morant,
456 2661 605 2709 abest.
689 2663 1018 2721 Quamobrem
1061 2665 1220 2727 Georg
1196 2665 1272 2711 ‹rio
1309 2664 1593 2727 neutiquam
1616 2661 1876 2722 assentiar,
1913 2679 2005 2711 τον

179 2725 435 2796 Εὕσέβιον
456 2716 792 2794 offuscem,
830 2736 897 2799 τῷ
916 2733 1163 2801 Ἑβραὶκῷ
1188 2730 1476 2799 ἅντιγροὲφῳ
1515 2735 1685 2800 κακῷ
1718 2726 2005 2796 ακολουθή-

181 2814 363 2863 σαντα,
405 2817 514 2865 pag
540 2806 622 2854 79.
654 2802 742 2850 Ι).·
785 2802 872 2848 sed
897 2820 1051 2866 quum
1075 2811 1244 2851 textus
1269 2803 1540 2850 Hebraicus
1566 2803 1752 2866 primus
1777 2803 1890 2850 fons
1913 2810 2003 2864 est,

180 2887 244 2917 ex
287 2887 385 2934 quo
426 2870 626 2918 haurire
664 2871 927 2934 debemUS,
966 2890 1077 2920 eum
1113 2874 1279 2938 potius
1310 2874 1447 2936 sequi
1482 2888 1680 2920 necesse
1714 2879 1815 2934 est,
1854 2889 2004 2937 quam

179 2941 372 2990 rivulos
404 2941 521 2991 inde
560 2941 831 3004 deductos,
883 2960 1104 3009 quosque
1142 2943 1315 2991 alienis
1352 2942 1699 2990 additamentis
1742 2950 2002 3008 corruptos

239 3066 318 3122 11)
345 3066 394 3108 In
415 3079 499 3109 uno
522 3066 669 3109 codice
692 3068 786 3110 τῶν
816 3063 872 3120 ο’,
901 3081 1022 3124 quem
1059 3046 1268 3111 Robertus
1296 3067 1470 3110 Holmes
1497 3081 1670 3110 numero
1704 3069 1759 3112 82
1789 3066 2002 3123 designat,

296 3127 425 3179 atque
448 3124 491 3164 in
511 3124 707 3165 versione
725 3124 997 3176 Armeniaca,
1028 3139 1150 3180 quam
1184 3139 1265 3166 non
1289 3139 1341 3166 ex
1362 3124 1611 3176 Hebraicis,
1640 3139 1784 3168 verum
1808 3139 1832 3166 e
1860 3126 2003 3167 Grae-

295 3181 358 3222 cis
385 3180 601 3222 codicibus
631 3181 903 3237 septuaginta
939 3181 1215 3237 interpretum
1246 3188 1343 3237 post
1372 3181 1474 3223 Chr.
1503 3195 1544 3223 n.
1581 3182 1737 3224 factam
1772 3196 1868 3225 esse
1899 3195 2004 3224 con-

297 3243 406 3287 stat,
439 3237 598 3289 omnia,
631 3252 742 3293 quae
766 3253 877 3281 vere.
901 3241 955 3284 12
978 3244 1022 3280 et
1046 3240 1098 3282 13
1125 3239 1178 3279 ad
1204 3239 1367 3280 Cainan
1391 3238 1633 3293 pertinent,
1665 3239 1831 3281 absunt.
1889 3238 2003 3280 Vide

297 3291 470 3336 Holmes
496 3295 630 3336 Vetus
654 3295 972 3337 Testamentum
1000 3296 1210 3337 Graecum
1243 3310 1332 3337 cum
1359 3295 1491 3337 variis
1519 3269 1786 3337 lectibnibus.
1818 3294 1942 3337 Tom.
1965 3295 2000 3336 Ι.

297 3351 469 3394 Oxonii.
502 3353 627 3397 1798.
686 3353 823 3394 Unum
852 3352 896 3395 in
922 3353 1001 3394 hoc
1027 3366 1156 3408 opere
1183 3352 1500 3408 diligentissimo
1534 3357 1662 3407 atque
1692 3352 2001 3418 elegantissimo

295 3406 516 3460 desidero,
547 3406 662 3463 quod
683 3408 856 3452 Holmes
879 3409 984 3451 nihil
1010 3422 1184 3464 prorsus
1215 3410 1430 3477 praefatus
1459 3414 1548 3463 est,
1581 3414 1781 3465 quantum
1808 3408 2001 3451 auctori—

298 3465 400 3506 tatis
433 3465 612 3521 singulis
641 3467 858 3508 codicibus
894 3466 1160 3509 tiibuendum
1192 3467 1276 3520 sit,
1310 3480 1395 3524 quo
1421 3466 1588 3511 saeculo
1621 3469 1667 3507 et
1690 3478 1717 3508 a
1741 3479 1823 3523 quo
1853 3465 2003 3521 scripti

301 3521 413 3575 si11t3
444 3536 569 3579 quam
595 3523 883 3568 recensionem
906 3531 1149 3582 sequautur.
