2222 3938
615 191 715 245 ET
753 185 1343 245 ANNOTATIONES.
1776 175 1897 236 491

15 334 22 344 “·
68 324 321 375 mensibus
345 324 404 377 ’3.
438 320 497 370 in
530 338 716 369 annum
752 321 941 387 putatis
985 325 1218 386 occupat.
1288 315 1517 366 Sedecias
1557 315 1727 379 itaque
1771 332 1905 365 anno

9 397 21 414 ⁵
69 397 226 450 4893.
263 410 356 443 rex
389 392 668 440 declaratus
696 400 814 457 post
848 409 1006 440 annos
1038 395 1119 444 11.
1159 391 1213 438 id
1250 396 1325 437 est
1350 387 1529 436 mundi
1556 387 1712 442 4903.
1735 385 1791 434 in
1819 403 1906 434 ca-

3 461 21 473 ⁶
69 466 349 533 ptivitatem
368 463 610 511 abductus
637 471 731 511 est:
770 470 818 510 et
844 462 1014 511 eodem
1038 462 1193 516 4903.
1221 459 1467 524 integrum
1488 457 1682 508 civitati
1707 465 1907 507 sanctae

71 535 324 585 excidium
349 552 377 582 a
402 533 742 582 Nabuzardam
764 534 964 581 illatum
989 540 1090 580 est.-

213 608 323 670 Pag.
361 609 480 658 226.
522 602 579 655 ‘0
614 604 779 669 μέντοι
815 600 1110 669 Εὕσὲβιος.]
1169 602 1338 651 Editio
1382 600 1561 650 Latina
1605 597 1805 649 Eusebii
1841 597 1907 647 ad

71 693 258 728 annum
281 674 507 725 Abrahae
539 675 691 728 1416.
722 674 1039 723 consulenda.

213 742 365 814 Mmi'
399 742 524 806 ὅλως
555 740 881 812 λογισάμενος
906 742 967 795 τὰ
991 744 1210 812 Δαρείου
1245 746 1337 794 τοῦ
1363 737 1660 809 Ἀστυοῖγους
1697 740 1779 806 ἔτη
1809 734 1909 805 ιζ’]

2 846 7 852 ·
70 818 267 884 Ecquid
310 816 540 882 Astyagis
589 833 835 864 annorum
881 815 1063 864 oblitus
1101 823 1175 862 est
1207 813 1481 876 Eusebius,
1529 813 1614 878 qui
1665 828 1909 877 expansos

71 891 220 938 etiam
250 896 362 937 octo
389 905 538 953 super
560 887 766 951 triginta
799 886 1060 935 recenset?
1098 886 1176 933 Ex
1202 884 1406 950 propria
1434 892 1482 931 et
1507 883 1781 932 adversarii
1818 882 1912 930 do-

72 961 232 1010 ctrina
268 958 547 1024 composito
581 959 645 1006 ad
683 957 937 1005 hominem
963 963 1254 1020 argumento
1287 956 1411 1003 solet
1434 955 1631 1003 Author
1653 955 1911 1001 adversam

72 1030 295 1096 quamvis
315 1030 612 1078 sententiam
631 1032 893 1094 impetere:
932 1034 1239 1093 quapropter
1263 1026 1447 1074 usitato
1466 1026 1634 1090 potius
1661 1032 1712 1072 et
1734 1031 1910 1087 arguto

69 1119 237 1163 more,
276 1117 425 1166 quam
453 1100 590 1148 fideli
617 1100 854 1164 arguendi
877 1099 1011 1161 iure,
1047 1098 1246 1146 lacessit
1265 1096 1545 1148 Eusebium.
1595 1096 1673 1143 Ex
1703 1094 1912 1161 propria

72 1173 272 1239 quidem
302 1172 535 1220 doctrina
570 1171 966 1235 Hierosolymam
994 1169 1134 1232 regni
1164 1171 1246 1222 19.
1272 1186 1301 1215 a
1324 1166 1787 1216 Nabuchodonosor
1822 1165 1913 1212 de-

69 1251 318 1294 vastatam
341 1259 626 1307 supponens
656 1242 921 1305 Georgius,
961 1239 1253 1288 calamitatis
1280 1246 1475 1304 tempus
1502 1239 1555 1286 in
1582 1235 1782 1285 Eusebii
1815 1237 1914 1283 Ca-

70 1315 224 1364 nonio
255 1314 477 1378 Astyagis
500 1330 630 1360 anno
656 1330 790 1360 nono
817 1329 877 1359 ex
904 1329 1062 1374 aequo
1088 1310 1390 1375 respondere
1411 1308 1682 1374 prospicit:
1732 1307 1912 1355 exinde

69 1384 534 1435 Nabuchodonosor
561 1383 646 1436 24.
679 1384 846 1445 annis,
884 1382 1064 1430 Evilad
1100 1379 1369 1430 Merodach
1406 1380 1652 1445 quinque,
1688 1379 1912 1439 Baltasar

69 1457 230 1505 tribus
252 1454 554 1516 numeratis,
591 1454 646 1501 id
674 1462 748 1501 est
773 1453 965 1501 duobus
1003 1460 1053 1500 et
1089 1452 1322 1516 triginta,
1359 1451 1567 1499 ultimus
1601 1450 1821 1498 Baltasar
1855 1449 1911 1495 in

71 1526 192 1592 Cyri
240 1526 483 1592 primum,
542 1532 628 1572 aut
665 1524 834 1590 potius
874 1523 1175 1584 secundum,
1231 1522 1454 1570 incidere
1495 1520 1910 1587 deprehenditur:

69 1597 247 1647 melior
285 1613 406 1645 vero
447 1595 878 1660 Chronologorum
917 1611 1035 1660 pars
1094 1593 1388 1655 Baltasaris,
1441 1593 1524 1657 qui
1561 1592 1910 1655 Niriglesarus,

69 1668 213 1717 annis
251 1667 376 1715 alios
409 1665 641 1732 Astyagis
692 1665 1046 1731 septemdecim
1085 1672 1199 1711 ante
1239 1665 1455 1729 Cyrum,
1503 1664 1649 1711 nullo
1684 1661 1912 1727 principe

67 1739 393 1805 interpositO,
440 1739 769 1803 imperantem
812 1735 1012 1783 adiicit:
1069 1734 1314 1783 Eusebius
1356 1734 1534 1798 igitur,
1581 1733 1756 1781 iuncto
1793 1732 1912 1797 Cyri

67 1817 183 1877 post
217 1810 482 1874 Astyagem
517 1815 567 1855 et
599 1807 808 1856 subinde
847 1814 965 1871 post
996 1805 1352 1870 Niriglesarum
1390 1805 1629 1868 imperio,
1679 1802 1911 1869 Astyagis

69 1881 228 1948 ipsius
251 1896 498 1927 annorum
524 1882 606 1932 17.
627 1879 823 1926 nullam
848 1876 1025 1924 habuit
1044 1876 1330 1924 memoriam
1348 1912 1362 1938 ‚
1402 1874 1558 1924 infert
1582 1873 1840 1939 Georgius.

210 1952 325 2014 Pag.
361 1954 482 2004 227.
515 1944 632 1999 Ἀπ’
659 1945 866 2013 ἐσχάτου
891 1947 1032 2006 ἔτους
1062 1946 1339 2012 Σεδεκίου.]
1377 1945 1422 1994 A
1463 1946 1695 1994 Sedeciae
1731 1945 1912 1993 ultimo

70 2038 174 2072 non
195 2029 373 2087 quarto
400 2027 548 2086 putat
567 2019 809 2068 Eusebius
846 2017 1146 2084 captivitatis
1169 2035 1327 2066 annos
1358 2021 1445 2071 70.
1470 2017 1571 2065 hoc
1595 2023 1764 2083 pacto.
1836 2015 1913 2063 Ab

69 2093 299 2158 Astyagis
337 2099 516 2140 octavo
550 2090 614 2138 ad
648 2093 734 2144 38.
761 2106 918 2138 annos
952 2089 1183 2152 triginta:
1226 2096 1334 2137 tum
1370 2088 1490 2153 Cyri
1517 2091 1602 2141 30.
1636 2094 1916 2150 sequuntur

73 2162 328 2228 Cambysis
352 2170 467 2209 octo
485 2200 499 2222 ,
533 2161 791 2225 Magorum
815 2161 1028 2208 fratrum
1056 2176 1242 2220 annus,
1281 2165 1330 2206 et
1355 2157 1492 2206 Darii
1529 2157 1751 2222 primust
1790 2174 1915 2221 quo-

70 2251 184 2284 rum
216 2249 407 2281 summa
431 2239 505 2279 est
526 2235 611 2285 70.
657 2232 771 2280 Non
793 2230 962 2294 itaque
987 2229 1173 2277 Ioacim
1202 2229 1252 2282 4.
1279 2229 1368 2276 sed
1407 2246 1434 2275 a
1467 2227 1696 2275 Sedeciae
1730 2228 1914 2276 ultimo

72 2313 122 2354 et
146 2302 607 2352 Nabuchodonosor
635 2306 715 2356 19.
741 2300 1069 2349 consummati
1095 2298 1281 2347 excidii
1302 2305 1499 2362 tempus
1525 2298 1789 2347 exorditur
1814 2299 1915 2345 Eu-

72 2377 259 2438 sebius,
296 2381 345 2422 et
369 2372 597 2435 adiecta,
634 2388 740 2420 non
767 2371 994 2436 neglecta
1027 2369 1292 2418 Clementis
1317 2368 1622 2419 authoritate
1651 2368 1914 2436 propriam

72 2445 363 2495 sententiam
399 2444 582 2492 firmat.

215 2519 429 2580 Πρῶτον
453 2514 558 2574 ἔτος
583 2509 951 2578 αἰχμαλωσίας.]
987 2509 1122 2559 Haec
1147 2508 1388 2558 Eusebius
1423 2510 1644 2559 Graecus
1673 2510 1909 2574 Scaligeri

71 2603 183 2655 pag.
220 2587 304 2640 41.
378 2585 566 2634 Scribit
597 2580 696 2636 ἀπὸ
730 2577 936 2652 πρώτης
969 2584 1280 2648 κατασκευῆς
1314 2580 1440 2632 ἔτεσι
1476 2576 1631 2652 Ιθμβῆ
1667 2588 1908 2648 typorum

72 2659 214 2710 vitio·

210 2723 326 2778 Ἐπὶ
359 2727 452 2790 τῆς
489 2719 670 2790 ὀγδόης
702 2723 789 2776 καὶ
819 2725 1215 2789 τεσσαρακοστῆς
1244 2716 1625 2788 Ὀλυμπιάδος.]
1671 2722 1910 2773 Eusebius

74 2798 280 2848 Latinus
310 2798 373 2845 ad
394 2795 638 2845 Abraham
666 2812 854 2844 annum
887 2795 1041 2848 1426.
1071 2801 1119 2842 et
1145 2792 1375 2841 Sedeciae
1402 2793 1736 2845 undecimum.
1783 2797 1913 2842 Sen-

75 2872 260 2918 tentiae
283 2864 507 2930 nostrae,
544 2867 747 2930 scribit,
784 2868 937 2913 etiam
980 2862 1206 2916 Clemens
1229 2865 1465 2929 congruit
1500 2866 1556 2911 in
1587 2868 1645 2917 1-
1672 2866 1910 2913 Stromat.

75 2944 160 2994 47.
203 2937 504 3003 Olympiade
532 2940 881 3002 captivitatem
915 2935 1220 2985 Iudaeorum
1239 2936 1452 2998 flectam
1483 2952 1586 2982 esse
1611 2946 1910 2983 contestans.

77 3011 146 3060 Ea
174 3017 381 3076 propter
406 3009 460 3056 in
481 3009 631 3057 verba
655 3026 777 3057 mox
801 3014 1048 3056 secutura.
1086 3009 1241 3055 ταῦτα
1266 3001 1516 3072 Εὐσέβιος
1534 3002 1790 3068 ’ὑποτάξας
1816 3014 1909 3055 etc.

76 3082 192 3130 Not.
229 3095 343 3145 pag.
380 3082 463 3132 80.
513 3078 731 3143 Scaliger
769 3079 1028 3128 observat:
1088 3078 1286 3126 Mirum
1327 3086 1398 3123 est
1436 3076 1570 3125 hunc
1617 3077 1909 3141 Georgium,

78 3154 171 3216 qui
206 3150 408 3198 nullam
440 3166 652 3197 errorem
680 3147 896 3199 Eusebii·
914 3150 1189 3214 praeterire
1217 3147 1369 3210 solet,
1412 3146 1498 3197 llic
1528 3145 1658 3194 duos
1689 3148 1914 3210 insignes

78 3239 182 3270 non
220 3217 653 3271 animadvertisse.
723 3223 902 3269 Primo
948 3221 1081 3267 enim
1118 3217 1373 3266 Eusebius·
1404 3219 1635 3283 loquitar
1675 3215 1735 3264 de
1764 3224 1914 3280 capto

80 3289 315 3350 Sedecia,
358 3286 577 3338 Clemens
602 3289 663 3338 de
694 3290 945 3341 Ieclzonia.
1017 3287 1216 3338 Deinde
1243 3289 1497 3338 Eusebia-s*
1529 3289 1643 3351 agit
1676 3285 1735 3333 de
1768 3288 1911 3335 tertio

79 3380 212 3409 anno
247 3362 331 3414 47.
378 3359 735 3424 Olympiados,
777 3362 1002 3410 Clemens
1037 3357 1098 3407 de
1122 3378 1257 3408 anno
1287 3362 1458 3425 primo
1493 3355 1915 3421 quadragesimae

82 3441 303 3482 octavae.
374 3431 575 3479 Poterat
609 3431 796 3496 pariter
819 3430 1024 3480 tertium
1051 3430 1303 3479 indicare:
1340 3427 1604 3478 Eusebium
1625 3427 1859 3476 videlicet
1882 3445 1913 3475 a

82 3502 256 3569 templi
295 3500 500 3568 opificio
527 3518 684 3551 annos
710 3501 830 3558 442.
864 3517 1174 3565 numerasse,
1212 3500 1297 3550 ubi
1330 3516 1359 3547 a
1399 3496 1767 3548 Davidisobitu
1793 3497 1910 3554 452.
