2112 3854
741 181 1162 240 PRAEFATIO.
1791 175 1871 232 63

1 348 3 350 -
53 315 308 382 spicuum,
346 321 396 362 et
421 310 668 360 Historiae
696 328 722 358 a
750 312 961 376 Georgio
989 313 1198 377 digestae
1224 319 1467 379 postrema
1502 329 1641 376 pars3
1681 311 1878 360 eadem-

54 402 155 451 que
175 383 369 449 saepius
401 383 511 431 visa
539 389 589 431 et
615 382 924 447 frequentius
959 401 1256 449 occurrens,
1293 392 1349 431 ut
1374 384 1698 447 fragmentum
1725 383 1873 432 breve

52 454 214 521 operis
240 453 393 502 totius
413 454 555 515 loco,
591 453 675 500 vel
706 470 870 502 ramus
904 454 1156 518 praecisus
1181 455 1234 501 in
1274 462 1452 502 terram
1487 453 1645 515 fixus,
1685 453 1874 502 arboris

51 526 161 576 vice
180 523 470 582 haberetur,
509 521 685 571 effecit.
767 523 902 573 Hinc
938 523 1166 572 nonnihil
1195 525 1311 573 licet
1335 523 1578 572 variantes
1613 524 1873 587 fragmenti

51 594 268 646 eiusdem
288 595 452 644 tituli:
488 592 584 642 Hic
608 594 862 643 Barberini
891 611 952 643 ex
978 596 1216 644 Vaticano
1244 595 1409 660 prime
1436 594 1646 654 codicis,
1686 595 1747 642 de
1775 611 1874 659 quo

50 665 385 750 postmodum.
459 665 707 731 Γεωργίου
732 685 820 715 του
852 660 1210 749 εὐλαβεστατου
1235 684 1453 730 μοναχου
1483 665 1568 715 καὶ
1593 664 1873 730 Συγκέλλου

50 731 310 824 γεγονότος
351 735 599 803 Ταρασίου
623 754 711 786 του
740 730 1016 821 ἁγιωτάτων
1054 731 1443 809 ἄρχιεπισκόπου
1472 738 1589 785 ΚΠ.
1626 731 1871 798 σύνταξις,

49 804 163 873 ἤτοι
185 805 526 891 χρονογραφία
548 805 603 856 ἐν
626 801 839 876 ἐπιτόμω
867 801 967 858 από
1003 809 1092 873 τῆς
1116 807 1366 872 βασιλείας
1386 802 1588 856 Ἰουλίου
1616 807 1872 871 Καίσαρος

47 875 298 960 Ῥωμαίων
325 875 464 936 ἔτους
487 870 588 927 οἷπο
621 877 824 936 κτίσεως
848 872 1071 944 κόσμου
1075 871 1200 928 ευλδ’
1231 875 1370 943 μέχρι
1390 879 1480 940 τῆς
1504 877 1752 942 βασιλείας
1782 879 1875 926 τοῦ

49 942 252 1032 πρώτου
271 946 410 1006 ἔτους
428 946 835 1011 Διοκλητιανοῦ’
819 946 900 1012 ε’τη
925 927 1078 1016 εψοξ
1105 947 1235 1011 ὁμοῦ
1268 947 1347 1010 ἔτη
1372 943 1493 1012 τμγᾝ
1567 946 1874 1012 Principium

51 1012 323 1084 Πομπήϊος
358 1019 453 1068 οὐν
483 1018 748 1086 πολιορκία
772 998 970 1083 λαβών,
1005 1026 1159 1084 prout
1188 1034 1296 1083 pag.
1325 1021 1444 1071 299.
1517 1017 1700 1064 Scribit
1723 1017 1874 1064 Vati-

50 1105 201 1137 canus
226 1104 432 1136 numero
467 1087 584 1140 154.
654 1069 799 1155 Ἀρχη
815 1091 918 1172 τῆς
940 1088 1190 1154 Ῥωμαίων
1210 1088 1475 1154 βασιλείας.
1550 1088 1873 1151 Piincipium.

52 1160 206 1220 Γαΐος
226 1153 428 1219 Ἰουλιος
455 1161 651 1224 Καῖσαρ
682 1157 762 1223 ε’τη
792 1153 828 1209 ε’
857 1155 1199 1226 μοναρχήσας,
1239 1166 1390 1224 [nout
1414 1174 1525 1222 pag.
1551 1161 1668 1210 303
1693 1159 1788 1206 ite1
1793 1175 1876 1205 um

49 1229 176 1278 alius
201 1236 250 1278 et
270 1228 436 1277 alius'
420 1245 474 1277 in
499 1228 660 1293 Regiis
698 1237 746 1277 et
778 1229 910 1278 alibi.
981 1231 1059 1278 Ex
1090 1230 1280 1292 titulis,
1319 1237 1372 1276 ut
1392 1230 1717 1292 fragmentum
1751 1245 1873 1308 opus

49 1306 212 1348 totum
251 1306 594 1365 reputaretur,
661 1315 1019 1364 nonnunquam
1069 1317 1235 1362 error,
1297 1301 1590 1363 quandoque
1639 1299 1875 1364 suspicio.-

50 1370 187 1431 Quid
211 1387 382 1419 moror
406 1369 460 1417 in
481 1368 624 1417 istis?
663 1370 732 1417 De
758 1371 1032 1433 fragmento
1057 1370 1194 1417 nulla
1218 1386 1332 1417 cum
1358 1370 1603 1432 Scaligero
1630 1370 1875 1435 discepta-

49 1441 151 1503 tio,
188 1440 272 1506 qui
307 1439 506 1504 Georgii
531 1435 740 1506 ἐκλογήν
775 1439 1044 1503 integram,
1083 1440 1308 1504 quamvis
1342 1440 1513 1487 nullus
1540 1439 1604 1486 sit
1629 1440 1698 1486 ita
1735 1440 1876 1488 iudi-

49 1511 199 1560 candi
233 1511 400 1573 locus,
438 1510 738 1575 pronunciat
765 1511 990 1558 mutilam
1021 1511 1352 1576 Epistolarum
1390 1510 1516 1557 libro
1542 1511 1757 1557 secundo
1785 1507 1873 1574 21).

47 1582 128 1631 An
149 1598 251 1630 non
273 1581 380 1646 ipse
402 1596 572 1628 sensus
596 1579 820 1643 indigens
844 1581 1054 1629 sanioris
1069 1619 1083 1642 ‚
1124 1581 1204 1645 qui
1224 1581 1428 1646 proprio
1453 1579 1598 1627 nimis
1622 1580 1876 1628 abundat?-
1951 1607 1968 1626 ι

50 1661 127 1715 et,
164 1653 410 1714 mutilus,
452 1651 665 1715 repetit,
706 1651 914 1715 Georgii
950 1652 1076 1699 liber
1116 1649 1191 1698 ad
1224 1669 1315 1699 nos
1338 1652 1597 1714 pem-'enits
1635 1650 1874 1716 imperse-

50 1731 186 1771 ctum
216 1740 316 1771 non
354 1720 576 1769 inficior:
623 1728 798 1770 auctor
828 1721 957 1770 enim
993 1730 1200 1785 urgente
1234 1723 1334 1769 sato
1366 1717 1454 1771 τόν
1498 1717 1717 1779 σκοπόν,
1776 1721 1873 1768 alio

51 1793 223 1842 codice
259 1787 423 1845 κόπον
460 1789 804 1853 καταλέλοιπε,
855 1791 1079 1840 nondum
1126 1793 1420 1840 absolutam
1475 1809 1604 1855 opas
1649 1793 1872 1856 reliquit,

49 1863 277 1930 superius
315 1862 464 1911 habet
504 1861 862 1928 TheophaneS,
914 1864 975 1911 ad
1014 1863 1309 1912 Diocletiani
1350 1869 1584 1924 aetatem,
1635 1864 1772 1926 quod
1811 1863 1875 1909 ad

48 1951 204 1983 annos
231 1933 437 1982 ulterius
463 1931 761 1997 quingentos
789 1940 838 1981 et
861 1942 1071 1982 aetatem
1097 1951 1234 1982 suam
1261 1933 1503 1983 deducere
1527 1933 1873 1982 meditabatur.

50 2005 267 2054 Omnino
303 2004 545 2052 mutilas.-
581 2019 676 2051 nec
699 2004 856 2066 enim,
896 2005 1032 2069 quod
1058 2014 1326 2068 memorat,
1363 2002 1589 2065 exhibet,
1621 2010 1720 2052 ‘nec
1741 2003 1875 2069 quod

48 2075 325 2143 promittit,
378 2073 679 2138 exsequitur.
752 2075 964 2124 Ubinam
1000 2076 1271 2125 voluminis
1308 2075 1490 2123 istius?
1538 2075 1689 2122 Tacet
1725 2090 1876 2123 accu-

50 2154 201 2195 sator.
279 2144 400 2196 Eius
440 2145 640 2193 nomine
679 2145 843 2194 dicam
886 2154 937 2194 et
967 2147 1172 2194 crimina
1215 2145 1463 2196 scribam?
1513 2146 1626 2209 Pag.
1659 2146 1743 2200 35.
1781 2147 1874 2193 Pa-

48 2216 269 2266 schaleui
303 2215 524 2265 tabulam
561 2216 815 2265 editurum
861 2233 913 2266 se
945 2218 1231 2283 pollicetur.
1317 2213 1441 2268 κατοὲ
1491 2215 1666 2267 δέοντα
1714 2210 1874 2267 τόπον

49 2287 219 2354 posuit
239 2287 345 2334 ille:
380 2286 511 2335 vitae
530 2303 632 2335 non
653 2286 854 2349 habuit,
891 2288 979 2352 qui
1002 2289 1217 2355 tempori
1236 2287 1495 2353 reperisset
1516 2287 1682 2334 locum
1696 2284 1722 2336 Ξ)
1759 2287 1873 2350 Pag.

52 2360 171 2412 103.
197 2372 336 2420 reges
375 2363 587 2421 quatuor
613 2357 813 2406 'sanitas
844 2367 1098 2421 recenset,
1137 2358 1205 2419 ὥς
1239 2357 1352 2424 ἑξῆς
1386 2357 1742 2422 ἐστοιχείωταιε
1779 2372 1874 2404 nec

49 2434 218 2477 tamen
255 2426 487 2492 deinceps
521 2427 658 2475 adest
692 2428 968 2492 Catalogus.
1039 2429 1115 2477 Ab
1152 2437 1354 2477 auctore
1389 2427 1626 2475 omissus:
1685 2426 1875 2475 excidit

49 2498 279 2548 librario:
315 2498 402 2546 vel
432 2498 604 2546 forsan
629 2497 831 2547 Tanitae
865 2515 1002 2563 reges
1028 2499 1107 2547 illi
1129 2499 1329 2548 Eusebii
1353 2499 1618 2562 Dynastiae
1645 2503 1723 2551 17.
1756 2503 1876 2544 sunt

49 2585 160 2636 pag.
187 2572 256 2623 61
294 2575 344 2616 et
366 2572 452 2627 62,
488 2585 702 2633 quorum
730 2585 888 2618 annos
915 2571 1047 2632 251,
1081 2570 1244 2618 versio
1277 2569 1450 2618 Latina
1476 2585 1585 2634 pag.
1615 2570 1731 2621 103.
1755 2584 1877 2616 eon-

51 2639 269 2689 sentiens
304 2639 566 2704 expressit.
643 2640 756 2703 Pag.
798 2643 920 2694 290.
960 2640 1318 2706 Aegyptiorum
1354 2641 1545 2703 Regum
1583 2639 1719 2686 deest
1747 2656 1877 2704 pro-

50 2710 227 2760 missus
249 2704 537 2758 laterculus.
606 2709 793 2759 Verum
819 2710 1055 2758 suffectus
1083 2711 1140 2759 in
1160 2712 1322 2759 notis:
1370 2710 1508 2774 isque
1539 2709 1701 2758 brevis
1733 2710 1874 2770 adeo,

51 2789 112 2830 ut
144 2781 320 2845 exigua
344 2780 528 2829 lacuna
562 2779 738 2845 dignus
773 2781 840 2830 sit
865 2782 1048 2847 excipi.
1093 2783 1246 2830 ‘Suae
1279 2789 1400 2830 sunt
1423 2781 1571 2828 etiam
1600 2779 1874 2829 voluminis

52 2851 196 2900 istius
233 2851 356 2900 aliae
380 2851 615 2900 lacunae:
664 2859 716 2899 at
746 2868 850 2899 non
883 2853 1189 2918 frequentes,
1236 2869 1329 2902 nec
1360 2851 1577 2917 amplae:
1627 2851 1872 2915 illudque,

54 2939 85 2970 o
108 2922 392 2985 Praeclare,
429 2930 529 2985 est,
567 2922 703 2986 quod
724 2923 885 2971 lector
913 2923 1075 2988 quivis
1105 2915 1329 2972 eruditus
1359 2939 1553 2970 mecum
1595 2921 1873 2986 deplorare,

53 2993 137 3042 vel
170 2992 344 3040 saltem
377 3000 542 3059 potest
574 2993 856 3042 advertere:
891 3010 996 3042 non
1023 2993 1209 3042 alienae
1242 2993 1443 3059 quidem
1464 2991 1695 3040 audaciae
1724 3007 1874 3039 manu

55 3062 378 3125 diminutum,
414 3064 503 3111 sed
539 3063 757 3112 auctoris
793 3064 985 3129 proprii
1017 3064 1242 3113 orbatum
1280 3081 1428 3126 cura,
1478 3071 1528 3111 et
1557 3062 1695 3110 eiecti
1733 3077 1875 3127 prae-

55 3141 275 3195 mature,
310 3134 395 3182 vel
429 3142 692 3200 parentum
728 3134 1068 3183 sollicitudine
1103 3136 1330 3184 destituti
1365 3137 1527 3184 scetus
1563 3132 1748 3194 instar,
1792 3131 1878 3178 in·-

55 3203 350 3268 tempestivo
387 3213 537 3269 partu
585 3205 748 3253 lucem
785 3205 1013 3274 adspexi-s
1018 3222 1082 3255 se.
1175 3207 1441 3289 Propterea
1490 3203 1673 3289 quippe
1718 3209 1878 3249 morte

56 3281 230 3339 raptus
253 3275 512 3338 Syncellus
537 3275 608 3336 εἰς
635 3271 846 3342 πέρας’
813 3282 1015 3344 αγαγεῖν
1044 3295 1134 3328 τον
1169 3274 1351 3328 ἑαυτοῦ
1385 3270 1543 3327 κόπον
1571 3269 1665 3324 οὐκ
1692 3272 1875 3336 ἴσχυσε,

57 3360 120 3393 ex
148 3341 462 3409 Theophanis
486 3345 799 3395 testimonio:
837 3354 1115 3413 temporum
1145 3347 1340 3413 occepit
1366 3344 1664 3405 Historiam,
1700 3358 1874 3391 verum

114 3496 196 3551 21)
226 3495 366 3553 Epist.
394 3498 475 3541 160
497 3501 541 3541 et
562 3499 657 3543 161.

1622 3544 1647 3569 ⁷4
