2222 3938
371 180 498 242 430
641 206 644 210 ’
1003 191 1579 249 EMENDATIONES

368 321 622 389 prioribus
652 322 960 372 commodius
986 323 1312 409 adaptantur,
1349 325 1404 372 in
1441 325 1579 374 hunc
1603 327 1822 376 modum.
1867 321 2024 413 Ἀὃοῖμ
2049 325 2195 414 γενό-

370 413 520 460 μενος
544 394 667 445 ἐτων
694 390 776 445 62!-
803 393 1062 460 ἐγέννησεν
1091 391 1174 446 τὸν
1203 390 1354 460 Σήθ·
1390 395 1476 446 καὶ
1496 397 1769 464 ἐπέζησε-ν’
1753 398 1835 464 ε’τη
1859 393 2054 462 1ψ’.καὶ
2077 395 2196 451 οἷπέ-

368 470 556 515 θανεν·
594 460 756 533 τούτῳ
790 484 857 534 τῳ
889 462 962 530 ψ’.
994 465 1100 517 ἔτει.
1135 465 1220 515 καὶ
1245 463 1305 516 τοὶ
1334 465 1462 532 ἑξῆς.
1536 469 1627 516 Vel
1659 469 1701 517 si
1727 468 1946 516 volueris
1971 469 2192 532 immota,

366 534 423 582 in
441 534 575 582 hunc
599 535 803 582 modum
827 536 1035 599 corrige.
1073 535 1158 587 καὶ
1182 535 1414 602 ἑπέζησεν
1439 536 1521 602 ἔτη
1539 535 1636 603 ψζ.
1663 539 1749 590 καὶ
1777 535 2050 590 οἷπέθανεν.
2081 560 2197 591 του-

365 624 454 657 του
477 608 546 673 τῷ
570 600 643 668 ψ’.
671 604 790 669 ἔτει,
827 603 941 671 η’τοι
964 626 1031 676 τῳ
1056 603 1176 675 ‘702'-
1215 606 1307 656 ε’τει
1335 610 1426 657 τοῦ
1454 604 1641 674 κόσμου
1669 630 1696 661 ο
1717 607 1871 675 Ἀδάμ
1888 605 2159 662 ἀπέθανεν.

513 691 595 756 Τῷ
619 685 743 753 ψλέ.
779 689 870 740 ἔτει
894 709 981 741 του
1005 685 1234 756 κόσμου.]
1270 691 1646 756 Frequentiores
1672 693 2082 760 interpolationes
2107 693 2195 743 hic

365 758 644 825 appositae,
683 763 766 812 70
796 761 1132 825 Interpretum
1157 762 1372 810 lectione
1397 764 1685 827 probantur.

472 842 592 978 880
599 838 750 903 αὐτος
787 842 841 895 δὲ
884 839 1041 913 Ἰοὲρεδ
1079 845 1312 911 ἐπέζησεν
1351 846 1434 913 ἔτη
1476 843 1540 914 β’.
1552 849 1579 915 ]
1633 848 1878 896 Germana
1925 850 2075 899 lectio
2121 857 2197 901 est

365 908 434 965 ω’.

512 1001 592 1068 Τῷ
619 996 672 1050 δὲ
698 991 808 1064 σιηῖ
849 996 943 1050 ἔτει
966 993 1122 1067 Ἐνωχ
1151 995 1411 1052 ἀπέθανεν
1436 997 1628 1068 Ἐνώς]
1677 1003 1864 1053 Textus
1885 1006 2032 1055 lectio
2069 1005 2196 1056 reti-

360 1069 615 1204 nendffii’ag.
655 1109 771 1193 114.
806 1137 1049 1205 ’Τπερέβη
1087 1160 1178 1191 τον
1216 1140 1558 1208 κατακλυσμὸν
1603 1142 1728 1194 ἔτεσι
1777 1140 1849 1196 ιε’.
1863 1141 1883 1209 ]
1934 1106 2195 1195 Immemor

362 1227 535 1260 eorum
564 1227 687 1275 quae
713 1226 822 1274 pag.
847 1214 931 1262 20.
955 1211 1011 1261 Β.
1038 1218 1086 1257 et
1111 1212 1162 1258 C.
1192 1220 1240 1259 et
1265 1230 1374 1291 pag
1397 1218 1480 1266 21.
1502 1214 1557 1261 A.
1589 1214 1818 1279 soiipsit,
1855 1214 2068 1280 sibiipsi
2091 1233 2196 1263 non

362 1290 559 1330 constat
586 1280 795 1329 Author.
834 1281 1127 1329 Emendatio
1156 1278 1228 1332 ιε’.
1261 1283 1316 1330 in
1341 1279 1420 1334 ιδ’.
1456 1300 1516 1331 ex
1544 1284 1820 1332 scribendis
1853 1285 1917 1332 ad
1943 1302 2054 1350 pag.
2088 1285 2197 1334 cal-

363 1369 470 1401 cem
501 1352 757 1417 probatur.

488 1433 727 1486 ’Ἑσονται
750 1430 844 1500 γάρ
870 1452 995 1483 κατα
1018 1452 1198 1485 τουτον
1222 1431 1306 1486 τὸν
1332 1430 1516 1501 λόγον]
1554 1436 1749 1485 Eusebii
1768 1438 2064 1502 Georgiique
2082 1456 2196 1502 erga

361 1524 530 1556 sacros
569 1506 764 1554 codices
806 1504 1167 1553 observantiam
1187 1541 1201 1566 ,
1251 1506 1468 1568 Scaliger
1509 1508 1616 1557 Not.
1666 1509 1832 1573 pagin.
1874 1511 1994 1562 243.
2045 1517 2195 1558 vocat

363 1577 687 1643 σκιομαχίανι
725 1575 834 1637 vel,
873 1583 928 1622 ut
956 1593 1103 1639 quam
1133 1576 1395 1623 Eusebiani
1431 1578 1506 1625 sui
1532 1585 1700 1626 textus
1725 1597 1834 1644 pag.
1865 1580 1913 1633 4.
1951 1579 2080 1627 linea
2110 1584 2192 1633 10.

359 1648 611 1709 Hebraeo,
649 1647 847 1706 Latin0‚
890 1647 1094 1708 Graeco,
1136 1646 1401 1694 Chaldaico
1424 1649 1641 1696 textibus
1669 1650 1888 1699 adversis
1911 1648 2018 1715 (ore
2046 1650 2193 1715 quip-

359 1737 425 1783 pe
457 1736 558 1766 uno
593 1716 735 1764 annis
770 1721 888 1770 969.
932 1717 1206 1764 Mathusala
1239 1718 1424 1765 vixisse
1460 1718 1728 1786 testantur)
1766 1728 2000 1784 tanquam
2028 1721 2193 1770 Euse-

360 1789 433 1837 bii
450 1790 510 1836 de
536 1787 679 1835 annis
704 1787 980 1834 Mathusala
1010 1788 1127 1840 949.
1156 1788 1400 1836 duntaxat
1420 1789 1633 1853 positam
1660 1798 1859 1839 tueatur
1879 1792 2190 1854 sententiam,

360 1876 423 1908 ex
446 1858 809 1907 contrariarum
836 1858 1208 1922 Scripturarum
1232 1859 1515 1907 testimonio
1540 1860 1786 1909 firmatam
1804 1879 1832 1909 a
1860 1862 2069 1925 Georgio
2098 1863 2192 1911 ob-

357 1930 623 1979 iectionem
647 1936 909 1993 nuncupat
941 1930 1249 1994 σκιομαχίαν.

500 2013 604 2064 Καὶ
638 2008 805 2075 ᾏπθῖ
829 2012 1018 2079 λέγοντι
1041 2018 1132 2064 τοῦ
1159 2010 1528 2080 Μαθουσάλα]
1571 2015 1679 2075 Qua
1714 2015 2018 2081 scriptorum
2047 2024 2191 2081 parte

356 2088 476 2139 989.
518 2101 676 2132 annos
706 2084 980 2131 Mathusala
1010 2084 1195 2132 vixisse
1225 2087 1590 2149 consignaverit
1627 2087 1920 2149 Africanus,
1962 2088 2067 2151 ipse
2103 2087 2191 2151 qui

357 2155 531 2204 obiicit
571 2155 811 2218 Georgius
847 2154 1020 2218 nequit
1050 2171 1312 2218 exponere.
1395 2157 1708 2217 Quinimmo,
1765 2173 1876 2204 cum
1915 2174 1942 2204 a
1985 2157 2191 2206 conditu

357 2225 534 2273 mundi
557 2242 687 2272 anno
723 2229 875 2278 1287.
905 2233 1075 2272 natum
1105 2226 1380 2274 Mathusala
1406 2244 1469 2274 ex
1489 2232 1571 2280 70.
1609 2228 1941 2292 Interpretum
1970 2236 2189 2293 supputo

357 2303 406 2343 et
432 2312 541 2361 pag.
570 2301 653 2349 20.
684 2296 735 2344 C.
764 2296 964 2358 colligat
982 2295 1260 2359 Africanus,
1300 2315 1359 2345 ac
1385 2298 1563 2345 deinde
1588 2297 1719 2362 vitae
1742 2302 1860 2351 969.
1886 2297 2076 2345 tribuat
2095 2316 2189 2346 an-

354 2383 472 2429 nos,
510 2374 721 2414 mortem
763 2367 979 2414 eiusdem
1018 2384 1145 2414 anno
1183 2370 1337 2421 2256.
1384 2369 1642 2415 manifesto
1685 2367 1884 2434 posuit,
1921 2378 2187 2433 prorogato

355 2437 411 2484 in
441 2454 625 2484 annum
657 2441 810 2490 2262.
844 2437 1055 2486 diluvio.
1128 2438 1271 2486 Unde
1296 2439 1451 2501 igitur
1480 2439 1555 2486 illi
1586 2440 1719 2502 apud
1746 2438 2039 2487 Africanum
2068 2442 2186 2493 989.

357 2507 516 2554 anni?
576 2508 821 2570 Receptus
857 2507 1071 2555 Authori
1114 2524 1231 2555 usus
1272 2510 1465 2556 nodum
1509 2526 1704 2556 omnem
1746 2509 1977 2560 exsolvit.
2061 2510 2187 2557 Eum

356 2577 515 2641 ipsius
541 2594 752 2638 morem,
790 2585 848 2624 ut
874 2586 983 2626 tum
1014 2595 1075 2625 ex
1101 2578 1196 2625 sibi
1223 2580 1467 2644 propriis,
1499 2588 1607 2627 tum
1632 2587 1693 2627 ex
1720 2579 1987 2627 adversarii
2017 2579 2185 2642 dictis,

356 2647 695 2695 adversarium
722 2648 950 2713 impetat,
993 2657 1040 2696 et
1062 2650 1353 2711 vaferrime,
1393 2651 1437 2697 si
1469 2651 1540 2697 fas
1574 2650 1910 2714 permitteret,
1955 2648 2183 2712 configat,

355 2717 474 2764 alibi
500 2719 889 2767 observavimus.
934 2720 1108 2784 Itaque
1132 2737 1244 2767 cum
1275 2720 1451 2767 diluvii
1475 2729 1633 2767 terrae
1649 2718 1961 2783 superficiem
1988 2736 2184 2767 omnem

355 2803 483 2834 anno
521 2788 673 2841 2242.
710 2790 992 2838 invadentis
1031 2790 1282 2838 communi
1324 2792 1464 2838 clade
1503 2790 1824 2837 Mathusalam
1861 2805 1992 2835 anno
2027 2794 2181 2842 1273,

352 2865 527 2906 natum
552 2858 723 2906 aetatis
751 2865 871 2913 969.
907 2861 1111 2925 periisse
1138 2861 1317 2909 sentiat
1345 2861 1604 2924 Georgius,
1647 2877 1756 2907 cum
1783 2858 1986 2924 insuper
2009 2861 2073 2906 ad
2097 2877 2183 2906 an-

353 2945 477 2975 num
499 2933 663 2986 ,2262
705 2930 953 2980 diluvium
995 2932 1283 2979 submoveat
1316 2932 1609 2992 Africaan
1659 2937 1706 2977 et
1742 2929 1929 2976 diluvio
1967 2946 2182 2978 mersum

351 2999 482 3048 velit·
507 2999 612 3062 ipse
656 2999 920 3063 Georgius3
964 3003 1156 3063 colligit
1193 3001 1395 3048 insimul
1428 3000 1663 3063 Georgius
1692 3000 1820 3047 idem
1850 2999 2182 3049 Mathusalam

352 3085 417 3117 ex
440 3068 663 3117 Africani
687 3070 808 3116 falso
833 3080 1051 3135 supputo
1078 3075 1193 3124 989.
1216 3089 1370 3117 annos
1394 3071 1623 3134 attigisse,
1663 3071 1803 3135 quasi
1826 3070 2061 3118 nimirum
2086 3089 2181 3118 an·-

350 3157 471 3187 num
499 3139 714 3186 natalem
751 3140 1051 3189 Mathusalae
1083 3141 1255 3188 mundi
1287 3145 1436 3193 1273.
1477 3157 1588 3188 cum
1619 3142 1829 3207 Georgio
1861 3141 2182 3189 existimave-

349 3211 442 3272 rit,
482 3217 531 3257 et
571 3226 684 3257 cum
718 3210 890 3258 eodem
924 3212 1133 3275 Georgio
1171 3211 1362 3260 diluvio
1395 3219 1596 3276 raptum
1629 3230 1760 3261 anno
1806 3212 1981 3260 mundi
2018 3217 2176 3266 2262.

351 3287 556 3330 statuat.

474 3349 602 3416 ”qu
627 3345 751 3418 φλγ’.
786 3349 924 3417 μέχρι
945 3355 1036 3402 τοῦ
1058 3347 1249 3420 ,βροε’.]
1289 3351 1392 3400 Nisi
1426 3352 1557 3415 Noe,
1594 3353 1706 3401 vice
1738 3351 2040 3413 Mathusala,
2077 3367 2176 3399 no-

351 3437 464 3469 men
492 3422 793 3486 reposueris:
829 3424 971 3471 nulla
992 3423 1082 3471 tibi
1108 3423 1162 3470 in
1192 3423 1355 3471 verbis
1390 3430 1438 3471 et
1475 3424 1694 3472 numeris
1728 3423 2046 3488 sequentibus
2082 3422 2176 3468 lux

353 3491 620 3557 effulgebit.
694 3494 742 3542 Is
771 3494 903 3543 enim
924 3511 1028 3543 non
1057 3501 1132 3543 est
1163 3493 1399 3556 Lamech,
1438 3495 1525 3560 qui
1547 3503 1811 3561 postquam
1839 3512 1865 3541 a
1897 3501 2039 3559 patre
2064 3492 2173 3539 Ma-
