2112 3854
241 154 325 216 46
885 159 954 217 G.
992 159 1060 216 G.
1095 159 1436 220 BREDOVII

246 294 638 360 Μακκαβαῖκοῖς
663 290 860 358 ἱστορεῖ.
904 317 971 327 -
1008 289 1071 338 Et
1093 308 1200 356 pag.
1223 295 1349 346 273
1378 293 1437 340 (3·
1479 289 1546 342 Ἦ
1573 293 1674 343 τῶν
1703 290 2064 379 Μακκαβαίων

244 361 470 451 ἱστορικὴ
506 383 675 432 γραφη
708 382 826 422 τους
854 354 1105 445 Ἑλλήνων
1138 364 1357 428 βασιλεῖς
1392 359 1492 414 vind
1528 357 1815 448 Ἀντιγόνου
1840 358 2064 431 ἀριθμεῖ,
2110 431 2112 434 Ι

245 432 314 500 ἣν
333 430 566 500 Ἰώσηπος
589 434 806 501 ἔγραψεν
821 468 835 495 ,
870 426 981 497 ἥτις
1002 435 1101 484 τῶν
1125 430 1223 499 μὲν
1238 428 1594 485 θεοπνεύστων
1620 429 1714 486 οὐκ
1750 433 1910 497 ἔστιν,
1947 451 2066 502 χρη.
2100 476 2105 482 Α

245 507 366 572 σίμη
393 503 448 556 δὲ
466 501 600 556 πάνυ
623 503 2087 567 πέφυκεν..

387 577 573 623 Τ3111311
596 576 650 622 111
671 573 768 621 1100
789 574 903 621 1000
928 589 1038 638 pag.
1062 576 1178 627 273.
1200 571 1308 620 fieri
1331 590 1435 621 non
1457 580 1646 640 potest,
1684 572 1805 638 quin
1826 571 2067 623 historiae

244 646 435 712 peritus
464 645 757 693 offendatur.
829 643 1229 692 Maccahaeorum
1259 643 1374 693 libri
1401 661 1574 708 regum
1602 645 1862 709 Syr-iorum
1887 641 2065 692 histo—

244 717 370 765 riam
412 733 511 764 non
556 715 616 762 ab
652 714 913 779 Antigono
947 714 1219 780 incipiunt,
1269 714 1355 763 sed
1393 715 1452 762 ab
1489 715 1746 762 Antiocho
1783 714 2065 779 Epiphane.
2110 712 2112 714 ’

247 787 513 849 Antigoni,
551 786 688 850 quod
721 785 952 848 memini,
989 802 1052 832 ne
1074 785 1257 832 mentio
1283 785 1479 848 quidem
1504 787 1633 834 facta
1661 785 1806 833 estin
1836 784 2066 832 omnibus

244 857 650 905 Maccahaeorum
671 856 826 905 libris.
862 883 933 892 —
969 855 1139 917 Dicas,
1176 873 1358 903 nomen
1382 856 1617 920 Antigoni
1639 873 1855 905 errorem
1879 854 2068 904 scribae

243 944 381 990 esse,
430 945 490 975 ac
539 927 829 990 legendum,
881 925 958 974 uti
1009 927 1201 973 Goarus
1253 943 1446 990 quoque
1488 928 1664 990 vertit,
1713 920 2067 991 Ἀντιόχου.

243 997 355 1046 Ηο0
378 1006 542 1046 autem
564 997 765 1045 nomine
791 996 982 1062 posito,
1024 996 1142 1060 quid
1165 1004 1302 1044 totus
1324 995 1409 1044 1110
1432 997 1572 1046 10003
1598 998 1658 1045 de
1679 995 1927 1045 Antiocho
1948 995 2069 1062 Epi-

242 1068 429 1155 phane
430 1085 489 1115 ac
510 1068 650 1116 libris
671 1067 1074 1116 Maccahaeorum
1103 1067 1196 1114 sibi
1220 1067 1334 1114 vult
1354 1068 1443 1115 sub
1467 1067 1645 1116 titulo:
1680 1061 1846 1128 Ἀσίας
1874 1086 2070 1134 πρωτος

243 1137 370 1206 μετοὲ
413 1132 741 1205 Ἀλέξανδρον
775 1134 1052 1206 Ἀντίγονος
1091 1137 1446 1203 ἑβασίλενσενῖ
1488 1166 1548 1175 —-
1588 1138 1866 1201 Antigonus
1895 1144 2071 1201 regnat

246 1212 304 1260 A.
333 1210 398 1257 M.
423 1209 718 1276 (secundum
745 1207 1166 1287 computationem
1194 1205 1413 1273 Georgii)
1443 1209 1607 1271 51713
1645 1207 1920 1257 Antiochus
1947 1225 2068 1257 vero

246 1280 530 1345 Epiphanes
558 1281 710 1341 5310.
785 1278 1008 1327 Coniicio
1037 1278 1216 1341 igitur,
1254 1276 1375 1325 haec
1409 1278 1601 1327 verba
1587 1296 1641 1326 111
1672 1296 1880 1344 prorsus
1908 1278 2070 1326 alieno

246 1351 362 1399 1000
393 1351 453 1399 ab
483 1349 640 1398 aliena
666 1366 818 1397 manu
839 1349 1033 1397 intrusa
1063 1365 1185 1410 esse3
1226 1365 1375 1414 quam
1401 1365 1519 1398 vero
1549 1349 1611 1397 ob
1639 1367 1836 1397 causam
1873 1350 2071 1397 1101113-

245 1420 359 1471 vius
376 1457 392 1483 ,
445 1420 597 1467 immo
643 1436 840 1483 31317103
879 1419 1218 1468 testimonium
1261 1418 1423 1479 verbis
1455 1436 1563 1485 pag.
1606 1420 1725 1474 249.
1765 1420 1970 1484 darent,
2016 1419 2072 1467 in

245 1492 426 1558 quihus
447 1489 685 1555 Iosephus
709 1499 883 1538 auctor
909 1490 1312 1537 Maccahaeorum
1340 1506 1442 1538 esse
1464 1497 1630 1556 aperte
1654 1499 1900 1543 narratur.

387 1562 619 1609 Attamen
657 1561 787 1608 hanc
822 1560 1131 1626 opinionem,
1163 1560 1442 1642 Iosephum·
1473 1568 1687 1626 quatuor
1727 1557 1972 1610 librorum
2011 1561 2073 1610 de

247 1632 550 1682 Maccabaeis
587 1640 839 1680 auctorem
876 1649 1007 1692 esse,
1062 1631 1243 1679 nullibi
1281 1632 1477 1696 reperi.
1529 1649 1585 1679 ac
1622 1633 1726 1680 fere
1762 1631 2074 1695 crediderim,

247 1703 521 1766 Georgium
551 1703 752 1766 1101111113
780 1702 998 1750 auctoris
1035 1703 1199 1766 quarti
1224 1701 1339 1749 libri
1364 1703 1773 1751 Maccahaeorum
1794 1704 2074 1769 deceptum,

248 1782 296 1822 et
320 1774 453 1839 quod
483 1773 719 1839 Iosephus
745 1773 799 1820 in
830 1774 975 1821 rebus
1007 1772 1409 1820 Maccahaeorum
1443 1774 1730 1821 enarrandis
1763 1774 1983 1839 primum
2007 1773 2076 1833 lif-

245 1844 393 1894 brum
434 1843 838 1893 Maccahaeorum
877 1852 1038 1892 totum
1078 1845 1180 1892 fere
1219 1842 1473 1906 exhausit,
1513 1861 1682 1892 omues
1719 1844 1877 1893 libros
1916 1846 2076 1893 eidem

246 1914 446 1963 auctori
479 1915 735 1963 tribuisse:
774 1932 1064 1979 quamquam
1103 1932 1188 1978 ego
1217 1914 1416 1978 quidem
1456 1932 1617 1980 neque
1649 1915 1704 1963 in
1740 1924 1916 1980 quarto
1945 1917 2075 1965 libro

245 1986 491 2036 rationem
515 1985 712 2050 Iosephi
736 2003 830 2034 nec
862 1985 1109 2049 cogitandi
1134 2001 1229 2033 1130
1255 1985 1456 2033 dicendi
1481 1986 1642 2035 video.

388 2056 572 2106 Verum
603 2056 857 2104 enimvero
892 2057 948 2103 in
970 2054 1152 2104 horum
1177 2055 1415 2104 libiorum
1441 2073 1538 2104 usu
1561 2064 1794 2122 apparet,
1829 2056 1884 2104 ni
1908 2057 2073 2138 fallor,

247 2127 516 2190 Georgium
536 2128 681 2175 rebus
704 2135 838 2175 recte
858 2127 1192 2175 diiudicandis
1209 2125 1344 2174 haud
1361 2126 1477 2174 satis
1497 2127 1732 2175 idoneum
1751 2144 1878 2176 esse:
1915 2127 2075 2176 omni-

243 2198 339 2260 bus
360 2198 764 2246 Maccahaeorum
786 2198 925 2245 libris
948 2197 1167 2246 eamdem
1195 2198 1541 2246 auctoritatem
1564 2198 1768 2262 tribuit,
1805 2215 1900 2248 nec
1921 2199 2075 2248 verbo

246 2268 450 2333 quidem
484 2268 700 2331 indicat,
738 2269 956 2334 primum
997 2269 1182 2316 librum
1221 2277 1270 2316 et
1302 2268 1698 2332 antiquissimum
1733 2277 1783 2316 et
1811 2269 2076 2333 integerri—

248 2355 388 2387 mum
424 2339 628 2387 caeteris
653 2340 757 2387 sine
784 2340 919 2387 omni
951 2338 1261 2388 dubitatione
1295 2340 1676 2405 praeferendum
1713 2333 1832 2392 esse.
1905 2340 2075 2405 Origi-

247 2410 385 2458 nitus
407 2409 639 2458 hebraice
662 2410 878 2490 scriptus
899 2410 1022 2459 fuit:
1060 2427 1176 2458 nam
1201 2409 1424 2473 Origines
1448 2409 1540 2498 (111
1542 2410 1736 2458 Εο331111
1758 2410 1932 2459 histor.
1956 2411 2076 2464 eccl.

251 2479 336 2529 VI.
375 2497 482 2545 cap.
516 2478 622 2546 25.)
660 2481 780 2529 citat
816 2481 1018 2529 titulum
1041 2480 1338 2547 Hebraicum
1368 2477 1588 2547 Σαοβήθ
1616 2478 1848 2549 Σαρβανὲ
1884 2481 1935 2532 ἕλ.
1969 2482 2007 2531 1.
2035 2498 2076 2533 3.

251 2543 321 2598 ‘m
346 2562 428 2619 ⁹³³.
453 2553 553 2598 'ain
589 2557 764 2619 0:531),
801 2551 1016 2600 historia
1035 2551 1321 2617 principum
1346 2551 1564 2599 filiorum
1589 2551 1704 2600 Dei·
1692 2587 1706 2614 ,
1746 2559 1794 2599 et
1819 2552 2075 2618 Hierony-

249 2636 362 2668 mus
387 2615 440 2666 in
463 2604 668 2685 piologb
678 2589 883 2684 galeato
908 2630 1105 2684 narrat,
1143 2639 1194 2670 se
1217 2622 1620 2670 Maccahaeorum
1646 2621 1866 2687 primum
1887 2623 2075 2690 librum

247 2690 553 2739 Hebraicum
578 2692 835 2755 reperisse.
909 2693 1150 2743 Calmetl.
1187 2709 1230 2741 c.
1265 2692 1433 2754 addit,
1470 2691 1569 2741 iam
1601 2693 1806 2756 longum
1830 2710 1921 2759 per
1947 2701 2075 2758 tem-

247 2777 346 2826 pus
369 2760 669 2809 Hebraicum
690 2747 1005 2826 deperditum
1027 2779 1131 2809 esse
1155 2762 1329 2811 videri.
1401 2761 1603 2818 Memini
1624 2779 1742 2812 vero
1767 2781 1794 2810 a
1818 2764 1927 2813 viro
1952 2780 2075 2830 quo·

247 2832 369 2889 dam
394 2831 682 2879 doctissimo
711 2832 909 2894 audire,
946 2832 1002 2880 in
1036 2832 1336 2880 bibliotheca
1369 2831 1727 2897 Hamhurgensi
1754 2834 1983 2903 publica,
2018 2835 2074 2884 in

250 2919 349 2966 qua
377 2902 541 2967 plures
578 2902 698 2949 libri
732 2903 1057 2968 manuscripti
1090 2902 1311 2952 hebraici
1340 2902 1687 2968 repeliuntur‚
1726 2921 1829 2954 esse
1854 2905 2074 2975 primum

249 2970 433 3022 librum
488 2972 891 3021 Maccahaeorum
969 2973 1360 3038 manuscriptum
1419 2973 1726 3037 hebraicum.
1787 3003 1858 3016 ο·-
1928 2966 2075 3025 Liber

249 3042 492 3092 secundus
510 3043 671 3091 multo
690 3044 939 3093 recentior
958 3052 1031 3091 est
1052 3061 1111 3091 ac
1127 3044 1336 3092 similior
1358 3044 1587 3106 carmini,
1626 3062 1774 3110 quam
1797 3046 2074 3118 narrationi

250 3129 417 3163 rerum
447 3120 709 3177 gestarum.
780 3114 926 3163 Liber
960 3114 1164 3176 tertius,
1201 3115 1376 3163 merito
1406 3131 1432 3162 e
1466 3083 1634 3162 bibliis
1656 3116 1837 3163 nostris
1866 3108 2070 3180 eiectus,

250 3184 430 3252 plenus
459 3191 534 3232 est
559 3184 1023 3233 absurdissimarum
1050 3151 1358 3248 fab1ilarum‚
1393 3184 1679 3233 nominibus
1702 3184 1998 3236 historicis
1982 3205 2074 3236 m·-

364 3308 467 3352 libri
490 3307 839 3352 Maccahaeorum
874 3322 956 3351 non
1000 3320 1136 3364 usque
1171 3307 1227 3351 ad
1272 3307 1436 3351 Christi
1474 3309 1678 3353 natalem
1693 3308 1804 3353 diem
1838 3310 2072 3378 pertinent,

365 3371 411 3409 et
433 3365 593 3423 scripta
613 3365 795 3433 Iosephi
811 3380 893 3408 non
917 3365 1047 3408 solum
1066 3379 1136 3407 res
1167 3369 1312 3422 gestas
1338 3365 1591 3410 Iudaeorum
1623 3381 1757 3423 usque
1779 3368 1834 3410 ad
1856 3368 2074 3411 Christum

364 3428 533 3476 natum,
562 3437 708 3466 verum
737 3422 866 3466 etiam
895 3428 992 3479 post
1026 3422 1130 3465 Chr.
1154 3427 1246 3465 nat.
1269 3428 1457 3468 narrant.
1528 3424 1592 3468 Et
1617 3423 1760 3481 10003,
1787 3425 1834 3470 111
1855 3439 1941 3484 quo
1965 3426 2073 3469 haec

364 3481 499 3525 verba
520 3454 744 3538 leguntur,
772 3493 1042 3539 nequaquam
1069 3486 1197 3538 aptus
1219 3484 1300 3526 est.
