2222 3938
346 168 472 229 412
948 168 1522 229 EMENDATIONES

353 306 481 356 culis
510 304 752 355 desertam
777 268 837 352 ab
856 300 1092 352 Hebraeis
1117 302 1284 351 verbis
1315 303 1496 384 apertis
1520 303 1762 368 Georgius
1790 308 2048 373 suggerit,
2045 311 2169 374 qui.

349 377 487 442 quod
513 378 755 425 diluvium
781 375 923 422 annis
951 380 1034 428 20.
1072 373 1270 452 sequius
1298 373 1546 438 posuerit,
1582 383 1630 423 et
1662 375 1862 427 Cainan
1872 396 2026 427 annos
2053 383 2168 433 130.

348 447 687 514 praeterierit3
738 453 885 508 atque
918 444 989 491 ita
1025 444 1167 491 annis
1201 447 1317 497 110.
1356 461 1517 493 errare
1551 446 1804 509 videatur,
1843 449 1903 498 de
1937 449 2169 497 Africano

349 515 695 567 tantummodo
722 522 1021 579 conquestus
1056 521 1128 562 est
1153 530 1264 579 pag.
1289 513 1371 567 54.
1396 523 1443 563 et
1470 517 1796 581 62-Georg'010
1818 519 1972 582 igitur
1993 520 2055 567 ad
2079 537 2169 566 an-

347 605 471 637 num
525 590 678 640 3816.
729 586 980 633 diluvium
1032 592 1301 645 asserente,
1363 584 1622 635 Africanus
1662 555 1746 635 ado
1769 591 1923 643 3706.
1976 606 2172 638 sursum

346 658 538 720 trahet:
578 673 642 704 ex
678 673 774 722 quo
803 656 866 704 ad
887 654 1230 720 Olympiadem
1265 654 1475 719 primam
1514 657 1653 704 annis
1686 662 1834 712 1020.
1871 659 2173 708 interlaben-

349 730 511 786 tibus,
559 726 694 775 illius
728 727 902 775 'sedem
945 726 1008 773 ad
1053 726 1228 773 mundi
1262 726 1415 778 4726.
1468 723 1624 793 (quod.
1666 729 1902 792 Georgius
1934 747 2024 778 suo
2059 732 2171 778 loco

350 795 588 861 admittit)
618 799 769 846 statui
793 813 1049 846 necessum
1073 804 1170 844 est:
1211 803 1259 844 et
1280 804 1390 860 post
1415 814 1517 844 eam
1539 815 1737 846 rursum
1762 801 1903 848 annis
1933 801 2049 854 215.
2087 801 2173 864 qui

352 867 701 933 Olympiadem
742 869 824 922 55.
863 875 911 916 et
944 867 1059 931 Cyri
1090 883 1295 930 regnum
1328 867 1601 931 attingunt,
1639 871 1851 932 exactis,
1888 872 2007 936 Cyri
2047 870 2175 919 eius-

353 939 465 987 dem
492 939 753 1018 imperium
782 939 845 987 ad
867 955 1051 987 annum
1080 937 1334 992 4941.οΧ
1372 938 1593 986 Africani
1633 948 1866 1007 computo
1909 941 2175 991 certissime

350 1009 557 1059 remitti.

490 1079 866 1147 Ὗφαιρομένων
889 1083 989 1130 τῶν
1014 1074 1071 1129 κ’.
1096 1078 1220 1130 ἒτων
1252 1082 1345 1130 τοῦ
1369 1075 1732 1145 Μαθουσαλα.]
1775 1080 2012 1140 Quamvis
2044 1079 2176 1129 Afri-

353 1167 509 1199 canus
530 1168 589 1199 ac
617 1151 807 1215 pariter
833 1150 1097 1210 Eusebius,
1133 1150 1399 1214 praeterito
1428 1152 1611 1198 Cainan
1645 1150 1873 1214 Iuniore,
1911 1169 2025 1199 suos
2059 1152 2175 1199 cal-—

356 1223 496 1269 culos
526 1221 763 1269 Authoris
787 1221 990 1268 calculis
1017 1221 1232 1268 minores
1266 1220 1406 1267 annis
1433 1224 1547 1274 130.
1573 1219 1682 1286 (qui
1703 1221 1890 1268 Cainan
1913 1229 2028 1270 sunt
2052 1239 2176 1287 pro-

355 1291 480 1358 prii)
519 1292 885 1340 demonstrent:
924 1291 1055 1354 quod
1082 1298 1247 1338 tamen
1271 1290 1533 1338 Africanus
1573 1293 1656 1344 14.
1679 1291 1982 1355 Mathusala,
2019 1309 2178 1358 prae-

356 1371 435 1410 ter
463 1361 709 1425 debitum,
753 1361 1024 1424 concessis,
1070 1362 1276 1426 aliisque
1317 1379 1402 1408 sex
1437 1361 1642 1425 insuper
1679 1362 1885 1423 additis,
1925 1363 2176 1411 communi

354 1433 534 1481 mundi
562 1450 691 1480 anno
716 1437 869 1487 2262.
900 1431 1148 1480 diluvium
1172 1432 1481 1495 devinxerit,
1519 1432 1572 1479 in
1605 1433 1795 1480 calculo
1823 1433 2007 1481 Cainan
2039 1440 2176 1480 aeta-

355 1513 456 1551 tem
487 1512 718 1566 sequuto,
757 1503 897 1551 annis
929 1503 1092 1550 minus
1117 1503 1326 1550 Eusebio
1361 1502 1534 1566 viginti
1554 1511 1753 1551 tenetur
1771 1521 1983 1552 errasse:
2023 1498 2177 1567 σφαλ-

357 1579 488 1624 zeton
510 1574 594 1624 καὶ
622 1577 767 1632 οὑτος
791 1593 852 1623 τα
879 1569 961 1640 QX.
991 1574 1088 1638 ἔτη,
1125 1572 1481 1640 υφαιρομένων
1505 1592 1605 1622 των
1622 1569 1680 1624 κ’.
1697 1574 1820 1624 ἐτῶν
1839 1578 1932 1625 τοῦ
1953 1578 2176 1624 Μαθου-

357 1639 497 1694 eata.
574 1645 822 1703 Quocirca
846 1644 949 1691 fixo
970 1644 1032 1691 ad
1053 1661 1236 1691 annum
1265 1643 1440 1690 mundi
1467 1647 1621 1697 3202.
1647 1644 1871 1692 Abrahae
1895 1644 2052 1692 natali
2081 1644 2174 1706 die,

357 1722 556 1763 centum
586 1718 829 1763 duntaxat
867 1723 915 1761 et
949 1714 1115 1761 decem
1157 1715 1448 1762 omissorum
1478 1714 1764 1763 damnatur:
1813 1732 1876 1762 ex
1907 1715 2010 1762 illis
2044 1714 2176 1762 enim

354 1788 510 1837 3202.
542 1794 590 1832 et
615 1790 744 1837 1110.
784 1785 847 1831 ad
872 1784 1088 1832 invicem
1127 1784 1311 1831 iunctis
1340 1784 1594 1847 consurgit
1626 1787 1780 1838 3312.
1803 1802 1991 1832 summa
2018 1783 2177 1832 natali

353 1854 579 1903 Abrahae
602 1872 630 1901 a
656 1857 865 1918 Georgio
891 1862 1193 1902 consecrata.
1264 1855 1446 1902 Eadem
1474 1855 1657 1919 repetit
1680 1855 1876 1903 Author
1901 1856 1964 1903 ad
1992 1872 2177 1902 annum

352 1928 508 1978 3373.
549 1927 804 1974 Caeterum
832 1942 944 1971 011111
969 1925 1215 1972 Abraham
1235 1924 1414 1972 natalis
1442 1925 1545 1972 dies
1571 1942 1699 1972 anno
1725 1925 1880 1978 3184.
1915 1925 2176 1988 Eusebius,

356 2000 511 2049 3202.
549 1997 807 2044 Africanus
837 1995 1068 2043 celebrari
1089 2003 1342 2056 memoret,
1381 1995 1502 2059 quid
1531 2013 1704 2043 causae
1731 2004 1804 2043 est
1831 2004 1884 2044 ut
1912 1996 2178 2044 discrimen

183 2072 236 2115 V.
267 2072 326 2118 29
358 2067 579 2115 solorum
612 2073 694 2120 20.
732 2083 977 2115 annorum
1005 2066 1135 2114 inter
1165 2074 1430 2129 utrumque
1465 2074 1619 2130 ponat
1644 2065 1867 2128 Author,
1907 2083 2020 2114 cum
2041 2074 2177 2115 recte

356 2137 638 2186 numeranti
675 2143 761 2190 22.
792 2137 1104 2201 reperiantur
1129 2136 1428 2184 occurrere?
1477 2136 1623 2194 Quod
1656 2136 1893 2184 nimirum
1921 2137 2178 2184 biennium

357 2225 398 2255 a·
419 2207 608 2254 diluvio
642 2207 704 2255 ad
734 2206 1006 2271 Arphaxad
1035 2206 1089 2253 in
1116 2207 1279 2254 lucem
1304 2214 1470 2253 ortum
1497 2205 1737 2254 Eusebius
1763 2206 1815 2254 in
1842 2207 1943 2254 suis
1970 2207 2176 2256 calculis

357 2278 635 2343 exprimat,
672 2277 799 2325 illud
821 2277 950 2325 idem
984 2284 1257 2342 praetereat
1283 2276 1548 2324 Africanus
1564 2311 1578 2333 ‚
1619 2285 1668 2324 et
1690 2277 1742 2324 111
1762 2278 1993 2342 reliquis,
2028 2295 2178 2343 prae-

354 2356 580 2412 terquam
609 2348 852 2396 addititiis
879 2352 962 2401 20.
988 2347 1130 2395 annis
1155 2348 1255 2396 sint
1277 2347 1560 2397 concordes.
1632 2347 1743 2407 Quo
1774 2348 1836 2396 fit
1870 2349 2081 2414 pariter,
2117 2355 2178 2397 ut

359 2437 472 2466 cum
500 2419 695 2467 Author
714 2419 1002 2467 Africanum
1036 2418 1091 2466 in
1115 2418 1386 2466 omittendo
1413 2417 1614 2466 biennio
1631 2418 1865 2470 ‚imitatus
1880 2456 1894 2482 ,
1934 2437 1960 2466 a
1983 2418 2175 2467 diluvio

361 2491 423 2537 ad
447 2490 694 2538 Abraham
718 2507 874 2537 annos
897 2496 1145 2551 recenset,
1185 2493 1339 2543 3312.
1369 2489 1614 2537 duntaxat
1636 2506 1997 2554 nonnunquam
2024 2488 2178 2537 colli-

358 2560 458 2622 git:
493 2561 580 2607 ubi
604 2578 724 2609 vero
750 2560 1036 2624 biennium,
1072 2560 1192 2624 ipso
1213 2568 1378 2611 tamen
1415 2559 1593 2608 diluvii
1634 2577 1763 2608 anno
1800 2558 2177 2624 comprehenso,

360 2646 423 2677 ex
446 2631 649 2694 propria
673 2631 914 2678 sententia
940 2630 1203 2716 exprimit,
1241 2633 1395 2683 3313.
1418 2631 1699 2710 frequenter
1718 2637 1984 2679 recenseat.

501 2703 830 2767 Προσομοίως
851 2706 921 2767 τῷ
950 2696 1196 2770 Ευσεβίῳ.
1204 2700 1228 2765 ]
1266 2700 1512 2765 Scaliger
1496 2719 1549 2747 in
1570 2701 1694 2749 haec
1714 2708 1761 2748 et
1779 2700 2032 2764 superiora
2056 2716 2177 2749 ver-

359 2770 422 2816 ba
451 2768 564 2818 Not.
593 2788 699 2834 pag.
733 2775 811 2824 13.
848 2774 1029 2819 „Merito
1052 2752 1427 2835 reprehenditur
1453 2789 1486 2818 a
1508 2772 1720 2836 Georgio
1741 2771 2013 2834 Eusebius,
2041 2769 2181 2835 quod

359 2858 476 2887 eam
499 2843 664 2888 minor
666 2859 739 2888 em
764 2859 1024 2890 numeram
1045 2845 1190 2907 sequi
1210 2861 1260 2888 se
1279 2842 1612 2906 profiteatm:
1649 2850 1815 2888 tamen
1838 2846 1921 2895 70.
1951 2843 2177 2889 Senior-es

358 2913 413 2958 in
439 2911 523 2957 lzis
551 2915 787 2977 sequitur.
1192 2948 1200 2957 .

497 2983 608 3044 Pag-
647 2986 729 3034 93.
750 2978 908 3047 ‘'Omp
947 2977 1197 3032 ἀδύνατον
1229 2979 1491 3044 πέφυκεν.]
1555 2980 1631 3028 Ob
1679 2997 1834 3028 annos
1888 2980 2074 3028 Cainan
2115 2981 2176 3032 ab

358 3050 595 3101 Africano
629 3052 834 3099 relictos
869 3062 917 3099 et
948 3053 1142 3100 additos
1169 3051 1230 3098 ad
1268 3051 1446 3100 diluvii
1476 3058 1685 3099 aetatem
1718 3051 1840 3100 alios
1872 3050 2078 3116 viginti·
2114 3050 2177 3098 de

359 3122 535 3187 quibus
559 3129 675 3168 nota
698 3123 987 3186 penultima.

508 3188 572 3243 Τὸ
606 3185 703 3259 γάρ
738 3211 814 3242 τοι
848 3189 984 3259 naon}
1022 3209 1176 3241 τινων
1226 3187 1295 3250 (ἧς
1337 3187 1528 3256 ἄπορον
1580 3189 1719 3272 ἡμῖν.
1740 3187 2176 3273 wpovsfitiusvov]

360 3263 507 3313 Haud
535 3262 744 3325 Georgio
770 3263 862 3310 soli
884 3263 1006 3309 haec
1028 3260 1286 3323 antilogia,
1325 3262 1599 3325 quinimmo
1623 3262 1723 3327 ipsi
1746 3263 1862 3328 Mo)
1864 3263 1905 3310 si
1930 3261 2175 3309 obiicitur.-

363 3333 572 3399 Scripsit
599 3333 772 3382 Genes.
800 3335 878 3386 11.
915 3348 963 3380 v.
990 3336 1073 3386 26.
1155 3332 1221 3379 V
1201 3333 1392 3396 zxthue
1431 3332 1597 3380 Thare
1629 3335 1955 3398 septuaginta
1991 3333 2176 3378 ann-is:

360 3414 408 3451 et
430 3406 612 3469 genuit
636 3393 928 3465 Abraham,
960 3411 1005 3450 et
1035 3401 1270 3463 Mzclzor,
1309 3411 1355 3449 et
1377 3401 1554 3452 Aram.
1626 3403 1690 3450 Et
1730 3404 1861 3452 infra
1900 3419 1950 3451 v.
1975 3404 2060 3455 32.
2105 3401 2175 3447 Et

357 3478 496 3538 facti
515 3484 637 3523 sunt
661 3473 769 3523 dies
802 3473 957 3523 leare
980 3471 1216 3521 ducentoz
1218 3490 1305 3520 am
1336 3475 1551 3539 quinque
1568 3492 1728 3522 annor
1730 3492 1844 3525 um.-
1881 3482 1926 3520 et
1944 3479 2175 3519 mortuas
