2222 3938
523 275 526 278 ἢ
587 196 689 251 ΕΤ
723 193 1311 252 ANNOTATIONES·
1742 184 1867 247 513

51 326 305 388 Iasonem,
341 322 443 372 eius
460 322 689 384 fratrem3
728 330 777 371 et
800 323 1010 372 alterum
1041 323 1241 373 demum
1264 321 1443 371 Oniam
1469 320 1624 370 Oniae
1655 324 1789 371 tertii
1820 332 1870 373 et

49 395 240 446 Iasonis
297 395 501 442 fratrem
550 393 823 456 minorem,
872 394 1083 442 Menelai
1130 394 1332 443 nomine
1385 393 1683 456 vocitatum,
1732 394 1873 443 deci-

49 484 134 514 mo
169 465 347 525 tertio,
384 470 588 528 quarte,
626 470 675 510 et
708 464 880 527 quinto
907 464 1082 513 ordine
1114 466 1382 513 collocasse
1415 463 1658 529 suspicor.
1730 466 1874 512 Con-

49 537 271 585 iecturae
315 534 402 582 dat
446 541 820 596 argumentum,
867 535 1004 599 quod
1042 542 1162 600 post
1202 536 1454 583 Simonem
1486 535 1619 583 inter
1652 535 1875 583 Pontifi-

53 623 135 655 ces
192 603 538 654 duodecimum
560 640 576 666 ,
642 603 682 650 si
736 603 959 653 decimus
1009 606 1187 654 tertius
1230 605 1436 654 accedat
1482 604 1662 668 Onias,
1726 606 1872 654 Iason

51 683 257 742 quartus
293 674 541 735 decimus,
578 673 827 721 Menelaus
870 676 1068 739 quintus
1110 675 1360 737 decimus,
1395 675 1719 741 Lysimachus
1754 693 1873 724 sex-

49 755 132 795 tus
167 746 387 794 decimus
441 744 771 808 (cunctorum
819 746 952 793 enim
997 745 1202 793 nomina
1238 762 1417 810 resque
1458 753 1615 810 gestas
1659 764 1872 811 percen-

51 825 129 865 set
174 815 372 864 Author
419 812 475 860 in
528 813 884 881 sequentibus)
951 816 1202 880 quomodo
1258 817 1436 864 Iudam
1486 825 1682 864 sextum
1731 817 1872 866 ‹leci-

49 904 189 936 mum
215 885 442 934 Iudaicae
470 884 718 932 Ecclesiae
743 885 941 950 reponit
964 886 1249 933 Antistitem
1267 887 1430 952 pagin.
1451 889 1572 940 287.
1599 888 1656 936 Α.
1686 904 1745 934 ac
1771 904 1874 935 non

52 957 224 1025 potius
262 955 526 1021 septimum
567 955 839 1016 decimum,
883 956 966 1004 vel
1003 956 1151 1004 etiam
1188 956 1432 1004 decimum
1470 973 1687 1019 nonum,
1731 957 1875 1005 Alci-

49 1046 133 1077 mo
164 1026 426 1086 nimirum,
466 1041 613 1088 quem
647 1042 892 1074 summum
931 1026 1245 1075 Sacerdotem
1278 1027 1364 1075 lib.
1394 1030 1442 1079 1.
1475 1026 1632 1075 Maec.
1676 1044 1788 1092 cap.
1824 1035 1873 1081 7.

50 1115 101 1148 v.
127 1101 177 1151 3.
208 1104 258 1146 et
282 1102 330 1151 9.
360 1095 640 1161 praedicat,
679 1104 728 1143 et
758 1095 997 1146 Matathia
1031 1097 1182 1145 Iudae
1205 1104 1346 1162 patre
1380 1097 1434 1144 in
1454 1096 1752 1144 Pontificum
1777 1115 1876 1145 nu-

50 1184 244 1217 merum
277 1165 567 1215 advocatis?
614 1166 717 1227 Nec
749 1167 1025 1214 Menelaum
1059 1167 1230 1232 itaque
1268 1184 1363 1216 nec
1386 1165 1737 1232 Lysimachum
1768 1169 1879 1216 fra-

50 1246 183 1300 tres,
217 1254 311 1286 nec
343 1235 591 1284 Alcimum
632 1236 693 1283 ob
725 1237 976 1301 proditam
1006 1237 1241 1302 pietatem
1266 1245 1316 1285 et
1346 1238 1588 1286 desertam
1611 1237 1806 1286 fidem
1791 1256 1876 1286 m·-

51 1310 231 1371 fames,
268 1307 355 1356 sed
386 1322 546 1370 neque
573 1305 888 1370 Matathiam,
924 1308 1061 1371 quod.
1097 1325 1149 1355 se
1179 1308 1357 1372 populi
1395 1309 1736 1370 liberatorem,
1772 1325 1877 1356 non

50 1377 204 1428 sacris
239 1378 543 1443 praefectum
565 1377 798 1440 gesserit,
835 1377 1159 1426 Pontificibus
1183 1386 1409 1427 accenset
1435 1378 1704 1442 Georgius,
1743 1379 1877 1427 solos

51 1457 215 1499 autem
236 1447 450 1496 Simonis
472 1446 606 1495 filios
629 1447 683 1495 in
712 1447 817 1496 eius
842 1447 1043 1512 scriptis
1064 1447 1359 1510 desiderari,
1396 1466 1452 1496 ac
1483 1449 1574 1496 sub
1602 1465 1774 1496 eorum
1799 1449 1877 1496 al·-

49 1528 160 1569 tero
183 1519 293 1568 Iesu
307 1517 399 1565 filii
425 1516 601 1565 Sirach
623 1518 922 1566 mentionem
945 1518 1129 1567 factam
1146 1535 1209 1567 ex
1232 1518 1362 1567 infra
1382 1518 1602 1584 legendis
1626 1536 1735 1583 pag.
1757 1522 1876 1573 286.

51 1591 117 1639 ad
133 1588 438 1638 Antiochum
460 1589 763 1653 Eupatorem
785 1588 1024 1637 arbitror:
1062 1605 1278 1654 quorum
1309 1589 1434 1638 ordo
1467 1596 1516 1638 et
1546 1596 1744 1655 tempus
1777 1588 1878 1638 hoc

49 1667 204 1746 pacto
228 1658 549 1741 disponenda.

189 1724 442 1781 Ἰουδαίων
471 1723 549 1796 ιγ’.
586 1721 963 1797 ἆρχιερατευσεν
985 1723 1153 1790 Ὀνίας
1175 1747 1372 1796 πρωτος
1391 1728 1624 1795 Σίμωνος
1650 1725 1764 1788 υἷος
1798 1726 1881 1794 ἔτη

50 1794 131 1868 ιγ’.
115 1803 244 1851 .τοῦ
269 1797 322 1850 δὲ
343 1794 533 1864 κόσμου
551 1794 682 1885 3215.

187 1865 301 1920 Ἐπὶ
337 1865 516 1921 τούτου
545 1846 740 1951 Ιησοῦς
763 1864 791 1919 ὁ
829 1870 922 1918 τοῦ
940 1863 1127 1936 Σιραχ,
1165 1866 1192 1920 ὅ
1217 1887 1312 1934 την
1334 1867 1538 1956 Σοφίαν
1559 1863 1766 1935 γράψας
1786 1887 1881 1934 την

50 1939 364 2026 καλουμένην
407 1933 731 2007 Παναρετον,
777 1936 834 1989 ἐν
870 1931 909 2009 ᾗ
939 1939 1025 1991 καὶ
1058 1937 1303 2006 μέμνηται
1336 1943 1430 1991 τοῦ
1462 1933 1630 1990 Ὀνίου
1653 1942 1746 1990 τοῦ
1780 1957 1879 2005 προ

53 2005 227 2062 αὐτοῦ.

189 2075 441 2132 Ἰουδαίων
468 2072 547 2130 ιδ’.
579 2072 798 2161 Ἰησους,
835 2075 867 2129 o‘
895 2077 981 2129 καὶ
1011 2072 1208 2138 Ἰασων,
1244 2074 1473 2163 δευτερος
1499 2078 1734 2143 Σίμωνος
1756 2074 1877 2139 vids,

2 2146 220 2202 -Ὀνίου
249 2147 484 2213 αδελφὸς,
525 2147 607 2212 ἔτη
632 2142 694 2215 γ’.
719 2167 810 2198 του
834 2145 888 2198 δὲ
919 2145 1148 2218 κόσμου
1150 2143 1274 2199 ετιε’.

192 2215 446 2271 Ἰουδαίων
474 2216 547 2269 ιε’.
579 2213 749 2276 Ὀνίας
779 2214 952 2278 ἄλλος,
987 2219 1149 2285 τρίτος
1172 2218 1406 2300 Σίμωνος
1431 2213 1570 2278 υἱός,
1593 2219 1686 2266 τοῦ
1705 2210 1879 2266 Ὀνίου
1901 2221 1953 2266 Ρ.
1983 2223 2044 2267 70

55 2290 143 2344 καὶ
166 2285 332 2355 Ἰησου
355 2284 591 2352 ἁδελφὸς,
628 2285 758 2338 ὁκαὶ
779 2286 1066 2348 Μενέλαος,
1104 2287 1187 2352 ἔτη
1213 2282 1292 2344 ις’.
1327 2289 1422 2337 τοῦ
1442 2284 1496 2336 δὲ
1504 2281 1707 2365 κόσμου
1729 2281 1879 2354 ετιη’.

197 2361 461 2423 Ignorant,
497 2359 723 2421 inquies,
761 2365 991 2420 quartum
1025 2356 1164 2404 hunc
1190 2356 1369 2405 Oniam
1397 2363 1447 2403 et
1473 2355 1579 2403 eius
1604 2336 1879 2403 Pontifica-

55 2440 166 2482 tum
192 2428 506 2492 Chronologi.
579 2427 725 2486 Quod
759 2426 1075 2485 brevissimo,
1113 2443 1172 2474 ac
1201 2443 1306 2475 non
1340 2425 1565 2491 putando
1599 2426 1760 2491 spatio
1797 2434 1880 2473 te-

56 2501 247 2551 nuerit:
298 2501 519 2564 inquam.
602 2497 745 2545 Alter
795 2497 923 2544 enim
977 2497 1228 2545 Menelaus
1270 2503 1318 2543 et
1360 2495 1681 2575 Lysimachus
1726 2496 1879 2544 frater

55 2569 513 2636 Pseudopontifices
543 2566 752 2633 perditis
787 2567 1005 2614 moribus
1031 2567 1264 2615 instructi
1286 2573 1448 2614 totum
1472 2566 1539 2614 eis
1565 2573 1761 2631 tempus
1787 2584 1879 2613 oc-

61 2648 260 2707 cupant.
332 2640 465 2688 Alias
492 2637 819 2686 indubitatam
846 2636 906 2684 de
933 2637 1020 2684 illo
1052 2637 1198 2684 fidem
1223 2635 1346 2685 facit
1367 2635 1603 2699 Iosephus
1626 2637 1734 2684 lud.
1763 2635 1878 2685 Aul.

57 2713 145 2762 lib.
175 2716 256 2765 12.
282 2727 371 2775 cap
377 2714 463 2763 6.
487 2709 720 2766 ineunte,
758 2722 857 2771 quo
887 2707 1100 2755 Simonis
1130 2706 1260 2756 filios
1292 2714 1422 2769 tres,
1459 2706 1769 2754 Pontificiam
1796 2706 1880 2753 di·-

58 2782 296 2864 gnitatem
334 2786 617 2844 assequutos
650 2777 870 2824 dilucide
907 2785 1135 2828 testatur.
1184 2797 1289 2828 υπο
1327 2774 1381 2827 δὲ
1413 2772 1497 2827 τὸν
1523 2771 1676 2827 αυτὸν
1702 2772 1881 2842 καιρόν

61 2845 438 2911 αποθανόντος,
467 2848 603 2936 (lego
627 2843 1070 2934 καθαιραιθέντος)
1096 2845 1180 2898 καὶ
1206 2842 1374 2898 Ὀνίου
1394 2865 1482 2898 του
1513 2841 1789 2930 ἆρχιερὲως,
1811 2847 1882 2930 τῷ

61 2917 274 3007 ἀδελφῷ
294 2939 445 2970 αυτου
467 2915 632 2984 Ἰησοῦ
652 2936 744 2982 την
771 2912 1141 3000 αρχιερωσύνην
1165 2918 1371 2968 δίδωσιν
1396 2937 1422 2968 o
1412 2912 1693 2981 ’βασιλεύς
1729 2915 1756 2967 6
1785 2934 1879 2979 γαρ

60 2997 205 3053 παῖς,
245 2988 305 3041 ὃν
329 2985 496 3049 Ὀνίας
523 2988 890 3049 καταλελοίπει,
925 2981 1111 3073 νήπιος
1145 2980 1213 3052 ἦν
1238 2987 1337 3052 ἔτη.
1381 2981 1571 3071 Ἰησους
1613 2984 1666 3037 δὲ
1701 2980 1880 3053 (ουτος

60 3081 156 3129 γαρ
178 3079 246 3126 ην
270 3080 296 3112 ο
320 3056 536 3123 οἶδελφος
560 3077 651 3109 του
672 3053 875 3124 Ονίου)
911 3055 1002 3123 τήν
1029 3052 1403 3141 αρχιερωσύνην
1419 3051 1695 3143 ἀφῃρέθη,
1730 3067 1880 3137 προσ-

64 3128 386 3218 οργισθέντος
426 3124 560 3198 αυτῷ
592 3131 684 3179 τοῦ
726 3126 989 3194 βασιλεως,
1025 3147 1113 3179 και
1151 3123 1327 3187 δόντος
1366 3122 1527 3191 αὐτην
1557 3129 1628 3194 τῷ
1652 3139 1879 3189 νεωτατω

64 3221 223 3252 αυτου
257 3195 454 3286 αδελφῷ
474 3180 612 3249 Ὀνία
636 3195 872 3262 τοῦνομα.
909 3199 1104 3282 Σίμωνι
1132 3217 1227 3264 γαρ
1263 3191 1403 3248 ουτοι
1433 3177 1659 3277 ἐγένοντο
1690 3195 1880 3251 παῖδες,

63 3270 151 3322 καὶ
182 3270 253 3331 εἷς
277 3288 394 3330 τους
418 3273 547 3335 τρεῖς
566 3289 587 3319 ἰ
604 3286 688 3320 κεν
709 3290 743 3334 η
772 3264 1111 3335 αρχιερωσυνη
1126 3307 1140 3330 ,
1175 3264 1350 3327 καθως
1373 3261 1730 3344 δεδηλώκαμεν.
1767 3264 1880 3308 Ex-

65 3350 306 3388 autorato
324 3358 419 3405 per
440 3337 570 3385 idem
599 3348 789 3404 tempus
816 3340 951 3388 Onia
976 3338 1244 3402 Pontzfice,
1271 3338 1441 3401 fratri
1467 3337 1573 3380 eiu-5·
1597 3333 1711 3380 Iesu
1733 3334 1878 3378 Pon-

67 3412 323 3475 tificatam
354 3409 569 3456 contulit
601 3410 710 3456 Rex
733 3408 1048 3456 Antiochus.-
1086 3406 1225 3473 quod
1248 3409 1396 3471 filius·
1425 3404 1488 3451 ab
1517 3403 1651 3450 Onia
1676 3402 1881 3449 relictus

2 3526 5 3528 .
68 3490 189 3529 tunc
225 3489 348 3528 esset
375 3479 650 3545 pamulae.
722 3479 861 3529 Iesu-s
889 3496 1000 3527 vero
1035 3476 1146 3543 (hic
1182 3479 1343 3528 Oniae
1367 3477 1539 3538 frater
1544 3473 1692 3538 fuat)
1727 3473 1881 3519 etiam

183 3564 343 3621 Gom-g.
372 3563 602 3618 syncellus.
629 3561 687 3604 11.
1469 3544 1539 3596 33
