2222 3938
661 182 760 275 ΕΤ
796 220 1383 296 ANNOTATIONES.
1805 212 1930 274 385

113 347 289 400 nastiis
310 347 528 398 diversas
551 348 756 398 omnino
788 351 1024 416 colligens
1053 351 1271 415 Scaliger
1294 368 1405 417 pag.
1434 350 1515 406 14.
1536 357 1585 398 et
1606 349 1724 404 355.
1754 366 1928 400 erran-

112 430 188 469 tes
218 435 451 468 numeros
476 427 741 484 sequutum
768 437 845 484 se,
884 430 934 470 et
957 422 1192 470 inductos
1213 439 1240 470 a
1270 420 1585 488 Cacographo
1608 437 1797 470 errores
1822 438 1928 471 non

106 489 516 538 >animadvertisse
555 490 789 540 declarat.
870 492 1067 556 Ecquid
1098 493 1276 556 igitur,
1312 493 1529 558 inquiet,
1572 507 1709 555 reges
1737 499 1926 556 septem

109 561 376 625 Dynastiae
411 560 613 608 Eusebii
646 561 890 610 secundae
914 564 977 610 ad
1003 562 1224 611 Africani
1258 564 1467 627 primam
1494 561 1716 610 adnexae
1739 562 1927 611 chara-

113 630 328 680 cteribus
358 630 590 679 Africano
624 631 836 679 addictis
871 634 1031 682 fuerat
1068 632 1412 697 depingenda?
1458 633 1804 698 Nequaquam:
1840 632 1929 682 sed

110 709 170 750 ut
194 700 382 748 ordinis
397 739 412 763 ‚
448 702 518 749 ita
540 701 728 767 pariter
750 701 1052 752 characteris
1070 703 1323 768 perversio
1348 711 1435 752 est.

252 787 460 851 Πρῶτος
478 780 722 851 Βοηθός]
747 786 1125 834 Emendationes
1151 786 1325 835 affixas
1346 786 1489 835 debet
1509 785 1634 835 haec
1658 783 1932 835 Eusebiana

109 853 345 920 Dynastia
363 893 378 917 ,
411 856 579 915 alteri,
618 872 742 920 quae
770 857 991 904 Africani
1012 864 1084 904 est
1108 856 1285 921 pagina
1311 874 1411 921 seq.
1435 858 1492 906 D.

250 936 393 989 Κατὰ
419 934 745 1004 Βούβαστον.]
776 940 1010 988 Bubastin
1022 940 1196 990 urbem
1222 940 1286 989 ad
1309 938 1726 989 PelusiacumNili
1746 937 1927 988 ostium
1979 966 1982 968 ·
2011 983 2022 995 .

107 1017 347 1057 memorat
369 1009 649 1058 Herodotus
670 1010 725 1057 in
752 1011 984 1077 Euterpe.

245 1092 350 1144 Καὶ
383 1090 597 1161 Μηνεῦς
633 1093 687 1146 ἐν
723 1089 1046 1159 Ἰλιουπόλει.]
1100 1095 1227 1160 Lego
1277 1112 1388 1144 cum
1429 1093 1675 1159 Scaligero
1710 1093 1926 1161 Excerp.

103 1178 215 1229 pag.
240 1164 358 1218 355.
382 1164 468 1215 καὶ
493 1168 694 1225 Μνεῦις
716 1164 770 1216 ἐν
792 1163 1124 1216 Ἡλιουπόλει.

244 1247 358 1311 Pag.
395 1249 479 1303 56.
534 1245 678 1299 Κατοῖ
708 1245 802 1314 τήν
822 1248 1054 1317 δευτέραν
1084 1249 1278 1302 ἔκδοσιν
1303 1243 1648 1316 Ἀφρικανοῦ.]
1682 1244 1768 1310 τό,
1805 1248 1924 1300 δευ-

8 1316 10 1318 ’
103 1314 250 1383 τέραν
273 1317 396 1365 mihi
426 1318 700 1369 redundat:
739 1327 851 1368 ante
890 1321 1155 1369 Eusebium
1188 1320 1372 1385 quippe
1400 1319 1611 1384 scripsit
1636 1319 1921 1370 Africanus.

103 1387 328 1436 Africani
365 1390 580 1452 mentio,
629 1397 677 1437 et
715 1407 1034 1439 numerorum
1074 1391 1342 1439 concordia
1377 1389 1666 1454 Dynastiam
1694 1388 1828 1437 hanc
1860 1388 1922 1437 ab

102 1456 340 1506 Africano
370 1460 610 1525 scriptam
634 1467 683 1507 et
707 1461 863 1525 priori
893 1478 1003 1527 pag.
1027 1462 1108 1515 54.
1131 1461 1469 1527 reperiendam
1498 1459 1819 1509 convincunt.

243 1543 359 1606 Pag-
391 1544 475 1596 57.
520 1540 662 1594 Μεθ’
686 1540 744 1595 ὃν
769 1544 1048 1611 Σέσωχρις.]
1088 1546 1315 1605 Qualiter
1337 1551 1507 1592 textus
1532 1543 1656 1592 ordo
1682 1559 1925 1609 reparan-

104 1611 215 1675 dus,
245 1620 294 1660 et
319 1613 499 1677 quibus
525 1613 647 1662 haec
669 1615 978 1678 adiungenda
1006 1617 1186 1663 docent
1207 1622 1351 1663 notae
1377 1615 1440 1663 ad
1463 1613 1627 1679 pagin.
1655 1613 1739 1668 54.
1776 1613 1922 1676 Regis

102 1699 258 1746 porro
296 1683 415 1732 novi
447 1684 502 1730 in
532 1685 716 1739 *lacuna
752 1684 1099 1733 desideratum·
1121 1701 1301 1733 nomen
1340 1700 1403 1732 ex
1438 1683 1595 1747 priori
1616 1699 1726 1748 pag.
1750 1683 1835 1736 56.
1861 1683 1922 1731 A.

102 1749 326 1808 habetur.
401 1751 622 1820 Χενέρης
646 1752 727 1817 ἔτη
750 1749 803 1802 λ’.
874 1756 1055 1817 Regem
1078 1754 1217 1802 hunc
1238 1754 1502 1818 Dynastiae
1525 1754 1574 1805 4.
1601 1753 1922 1801 Africanaeae

104 1822 275 1885 (cuius
309 1839 445 1887 reges
478 1831 592 1871 octo
631 1824 762 1870 solos
796 1822 1000 1888 asserit)
1045 1841 1233 1873 nonum
1279 1823 1421 1871 addit
1453 1821 1672 1886 Scaliger
1709 1823 1922 1888 Excerp.

99 1909 210 1959 pag.
231 1894 350 1948 355.
376 1910 589 1942 errorem
612 1911 640 1941 a
667 1893 890 1942 Librario
913 1910 1107 1959 passus.

237 1960 390 2030 Ἱερὰν
424 1964 646 2030 βίβλον.]
691 1961 832 2030 Ἱερὰν
871 1961 1017 2032 λόγον
1063 1963 1237 2014 scribit
1271 1962 1357 2012 hic
1398 1962 1616 2026 Scaliger
1655 1960 1920 2012 Animadv.

98 2050 214 2100 pag.
242 2036 361 2088 251.
388 2034 669 2083 Hermetem
694 2035 963 2100 scripsisse.
1033 2035 1229 2100 Ecquid
1259 2051 1323 2083 ex
1346 2033 1504 2082 literis
1527 2032 1757 2098 plurimis
1783 2032 1921 2080 insa-

98 2105 205 2167 nit,
243 2112 291 2152 et
311 2123 338 2152 a
364 2104 543 2171 Suphis
567 2106 679 2174 ἱερᾷ
705 2107 861 2175 βίβλῳ
884 2107 947 2154 ad
965 2106 1211 2154 Hermetis
1241 2102 1371 2172 ἱερὸν
1393 2100 1536 2170 λόγον
1561 2103 1740 2164 migrat
1751 2102 1781 2149 ’ἶ

226 2171 326 2225 ιῊν
351 2174 418 2235 ὥς
439 2176 562 2242 μέγα
582 2180 744 2241 χρῆμα
762 2173 1030 2243 Αἰγύπτιοι
1054 2174 1384 2243 περιέπουσι.]
1410 2173 1560 2233 Quod
1585 2173 1770 2220 librum
1794 2189 1919 2237 pos-

98 2243 281 2293 sedisse
310 2246 518 2308 gaudeat
543 2247 802 2294 Africanus
832 2264 938 2311 pag.
975 2246 1299 2311 praecedente
1333 2244 1610 2292 Eusebium
1639 2242 1920 2307 praesenti-

96 2313 190 2363 bus
227 2316 388 2364 verbis
416 2316 694 2363 solemniter
715 2316 1116 2364 hallucinantem
1140 2315 1313 2363 asserit
1340 2313 1555 2377 Scaliger
1590 2311 1793 2373 citatus,
1831 2312 1918 2374 qui

96 2385 285 2434 librum
326 2386 381 2433 in
425 2385 586 2451 pretio
633 2387 766 2450 apud
804 2387 1070 2451 Aegyptios
1110 2402 1211 2434 esse
1251 2384 1449 2432 scribit:
1513 2382 1653 2447 quasi
1680 2381 1919 2430 videlicet

97 2456 295 2504 Eusebii
317 2455 586 2504 sententiae
606 2456 885 2505 Africanaei
909 2457 1030 2504 dieti
1046 2472 1274 2521 perversa
1295 2454 1361 2502 sit
1386 2451 1723 2517 consequutio.
1761 2451 1916 2499 Num—

99 2525 222 2590 quid
251 2526 474 2574 Africani
514 2534 563 2574 et
592 2527 790 2575 Eusebii
830 2527 950 2575 adeo
989 2526 1158 2575 dissita
1191 2534 1443 2589 tempora,
1481 2531 1537 2570 ut
1562 2539 1703 2587 quem
1740 2520 1918 2586 habuit

97 2596 364 2646 Africanus
399 2597 615 2658 librum,
653 2597 888 2646 Eusebius
924 2596 1182 2662 Aegyptiis
1209 2595 1414 2644 charum
1433 2601 1487 2642 et
1507 2599 1798 2659 tempestate
1828 2608 1916 2640 sua

97 2666 264 2716 adhuc
287 2675 535 2715 extantem
558 2667 745 2715 vidisse
766 2685 868 2716 non
889 2666 1147 2733 potuerit?
1328 2678 1332 2682 ’
2024 2692 2029 2696 -

240 2739 348 2801 Pag.
386 2741 469 2791 58.
505 2736 765 2804 Ῥαθουρὶς
791 2738 872 2804 ἔτη
896 2734 1012 2804 μδ’.]
1058 2736 1274 2800 Scaliger
1300 2734 1639 2783 characterum
1663 2725 1724 2783 α’.
1762 2739 1812 2781 et
1850 2725 1907 2782 δ’.
1938 2728 1988 2774 Ρ.
2015 2730 2074 2777 21

98 2807 423 2857 similitudine
450 2808 683 2873 deceptus
711 2803 807 2874 μα’.
829 2810 939 2858 vice
959 2803 1053 2874 μδ’.
1080 2807 1248 2856 reddit
1267 2807 1479 2870 Excerp.
1507 2821 1615 2869 pag.
1638 2804 1761 2856 356.
1780 2802 1914 2850 linea

99 2884 149 2933 2.
187 2879 418 2927 Errorem
448 2879 608 2943 arguit
629 2896 816 2928 summa
843 2883 960 2934 218.
987 2896 1049 2927 ex
1070 2895 1240 2942 regum
1269 2881 1316 2930 9.
1337 2876 1547 2924 istorum
1574 2873 1811 2921 aetatibus
1834 2873 1914 2920 al-

4 2946 11 2950 ’
98 2948 193 2996 teri
222 2950 373 3002 1046.
398 2965 643 2998 annorum
669 2967 886 2998 summae
913 2948 1277 3013 componenda,
1317 2962 1439 3010 quae
1462 2945 1592 2993 solos
1613 2943 1729 2990 licet
1757 2943 1910 2996 1264.

97 3019 298 3080 reddat,
336 3036 438 3067 non
469 3020 525 3067 in
551 3021 869 3083 monadibus,
909 3021 995 3068 sed
1022 3020 1076 3066 in
1102 3017 1365 3066 decadibus
1396 3015 1692 3081 pravitatem
1723 3012 1912 3060 admis-

97 3106 200 3138 sam
226 3089 370 3137 fateri
392 3090 536 3154 cogit.
607 3091 706 3138 Ubi
727 3108 843 3139 vero
870 3108 1010 3140 error
1034 3090 1275 3137 locandus
1301 3086 1388 3148 sit,
1423 3086 1673 3134 incertum
1692 3082 1908 3148 penitus,

96 3175 192 3207 nec
236 3160 394 3207 otiose
438 3160 693 3226 inquirere
731 3160 918 3211 iudicio
968 3161 1171 3226 dignum
1217 3164 1382 3206 censet
1420 3156 1638 3220 Scaliger
1680 3151 1911 3202 Animad.

96 3245 207 3298 pag.
244 3230 362 3283 250.

236 3297 393 3365 Ὁμοῦ
419 3298 501 3365 ἔτη
532 3295 688 3369 σμη’.]
750 3300 816 3350 At
861 3319 963 3350 non
1001 3296 1110 3366 0·ιηῖ
1143 3317 1206 3348 ex
1240 3296 1459 3347 numeris
1500 3290 1909 3361 praecedentibus

97 3387 287 3420 summa
308 3370 574 3434 colligitur.
610 3370 824 3436 Scaliger
840 3371 1076 3438 apposite.
1115 3372 1391 3419 Nominum
1407 3375 1451 3414 et
1464 3380 1714 3413 annorum
1729 3361 1910 3408 discri-

98 3458 208 3488 men
232 3458 476 3505 magnum
510 3444 729 3488 occurrit
756 3446 880 3491 vitio
911 3442 1300 3502 Librariorum,
1340 3455 1470 3504 qaae
1506 3438 1612 3481 iam
1642 3433 1908 3497 profes-⁹145·

99 3530 212 3574 sum
240 3530 316 3559 me
336 3529 436 3559 non
447 3520 896 3575 persequuturum:
933 3510 1070 3579 quod
1103 3530 1162 3561 ecc
1190 3511 1419 3561 Lectoris·
1452 3505 1664 3553 arbitrio
1698 3503 1827 3553 inter
1856 3518 1909 3555 δι’

214 3594 376 3654 Geor-g.
405 3594 635 3652 Synccllus.
663 3593 721 3636 ΙΙ.
1497 3574 1567 3628 25
