2222 3938
308 177 445 238 472
884 214 887 217 ·
928 179 1506 239 EMENDATIONES

311 315 396 383 qui
419 316 471 365 in
495 314 695 365 Romuli
716 311 916 363 tertium
945 311 1188 360 decimum
1210 312 1458 375 incurrat3
1497 312 1677 379 quique
1701 312 1933 378 septimae
1961 310 2133 378 Olym-

309 387 471 455 piadis
492 388 640 435 finem
670 390 947 450 supponat,
983 390 1033 431 et
1060 390 1265 432 octavae
1291 383 1408 430 anni
1432 384 1583 449 primi
1609 385 1758 432 finem
1783 383 2027 448 respiciat.
2099 387 2101 389 ’

457 458 543 526 Τῷ
583 453 689 506 ὅπλ’.
695 454 714 519 ]
752 455 907 502 Error
918 452 1151 502 librarius
1178 461 1252 502 est
1274 450 1407 524 6toe'.
1462 455 1658 503 Troiam
1677 455 1806 502 enim
1829 470 1959 501 anno
1979 454 2133 506 4330.

310 528 614 578 destructam
634 532 844 572 testatur
877 540 989 589 pag.
1018 528 1134 577 170.

453 597 686 647 Γίνονται
725 593 807 658 ἔτη
845 590 972 659 υμδ’.
976 590 999 659 ]
1052 594 1207 642 Error
1245 592 1510 656 librarius,
1546 593 1710 658 inquit
1739 592 1981 656 Scaliger,
2017 591 2134 642 Not.

309 683 422 734 pag·
447 666 568 719 255.
627 665 909 727 Legendum
942 657 1065 729 υλβΙ.
1127 664 1231 712 Imo
1256 663 1317 711 ad
1340 630 1556 711 Eusebii
1570 672 1785 711 mentem
1821 679 2011 727 iepono
2043 655 2135 711 vk'.

310 738 432 790 430.
503 736 628 782 Cum
652 736 782 782 enim
817 741 932 800 post
959 734 1176 782 natalem
1209 733 1475 782 Abrahami
1503 733 1632 782 diem
1661 751 1789 782 anno
1820 734 1940 788 835.
2005 731 2136 779 Tro-

311 806 413 854 iam
439 805 680 868 excisam,
715 805 985 853 Romulum
1018 821 1147 853 anno
1173 805 1324 858 1265.
1353 821 1559 867 regnum
1591 805 1866 870 accepisse,
1903 805 2137 851 Romam-

310 891 409 940 que
437 875 585 923 simul
615 876 896 923 condidisse
929 876 1137 924 referat:
1175 875 1307 922 inter
1344 882 1613 939 utrumque
1646 892 1886 923 annorum
1927 873 2138 921 limitem

311 946 446 994 solos
472 949 591 999 430.
620 963 742 1010 quos
773 946 919 994 etiam
949 945 1193 993 Diodorus
1215 945 1450 993 nonnihil
1475 946 1698 1010 superius
1724 944 1914 1010 posuit,
1954 944 2138 990 decur-

309 1016 436 1066 risse
468 1023 677 1064 constat.
747 1017 860 1064 Non
891 1016 1143 1079 negandus
1181 1023 1347 1063 tamen
1375 1015 1462 1063 hic
1489 1033 1628 1063 error
1663 1015 1921 1075 librarius,
1959 1015 2084 1061 alius
2109 1030 2137 1059 a

313 1085 549 1149 Scaligeri
571 1087 846 1151 proposito,
875 1087 938 1134 ad
966 1085 1167 1150 Georgii
1190 1086 1348 1133 nostri
1375 1094 1586 1133 mentem
1613 1085 1961 1132 emendandus.
2001 1084 2138 1144 Quo-

311 1156 473 1205 modo
483 1173 588 1204 non
611 1157 961 1219 emendandus,
1000 1156 1084 1220 qui
1113 1164 1282 1220 aperte
1303 1156 1528 1204 falsarius
1553 1164 1601 1202 et
1625 1154 1966 1203 adulteratus?
2009 1153 2139 1201 Alie-

312 1243 379 1276 :na
402 1227 643 1290 siquidem
671 1234 720 1274 et
749 1243 882 1274 nova
914 1243 1091 1287 manu,
1129 1242 1262 1274 novo
1290 1227 1419 1290 stylo
1457 1233 1503 1273 et
1532 1242 1669 1286 mage
1699 1225 1973 1289 nigricante
2000 1232 2140 1271 atra-

313 1304 508 1358 mento,
544 1297 804 1344 temeraiio
837 1313 1041 1361 pxorsus
1074 1297 1127 1343 in
1151 1296 1316 1360 ipsum
1350 1297 1450 1343 MS.
1489 1296 1631 1358 Regii
1666 1303 1860 1343 textum
1894 1294 1976 1359 ἔτη
2006 1287 2138 1359 υμὸ.

315 1374 434 1415 sunt
457 1383 558 1414 non
583 1367 704 1415 adeo
730 1367 1047 1431 inteipolata‚
1088 1383 1235 1430 quam
1262 1366 1471 1417 intxusa.
1541 1366 1663 1412 Tam
1688 1367 1851 1414 audax
1876 1381 2141 1430 praeceps-

315 1453 413 1502 que
452 1436 643 1484 facinus
680 1438 911 1500 Scaligeri
942 1436 1112 1484 debuit
1144 1444 1349 1484 aetatem
1386 1443 1719 1499 antevertere,
1759 1453 1870 1484 cum
1904 1436 2009 1500 ipse
2043 1434 2141 1490 hoc

316 1507 488 1558 eodem
515 1507 614 1558 MS.
642 1523 762 1555 usus
798 1507 1031 1555 mendum
1070 1506 1372 1563 observarit,
1410 1514 1459 1554 et
1498 1507 1746 1555 monuerit
1781 1506 2140 1569 corrigendum.

314 1577 465 1631 Nullo
496 1593 616 1625 vero
655 1577 853 1641 negotio
894 1584 1173 1643 reparatur.
1245 1577 1412 1625 Posita
1453 1577 1637 1641 quippe
1676 1578 1739 1625 ad
1772 1593 1956 1624 annum
1986 1576 2140 1629 4330,

315 1648 529 1696 Troiana
564 1647 730 1709 clade,
768 1648 950 1696 exinde
981 1647 1045 1695 ad
1083 1663 1268 1694 annum
1306 1645 1461 1702 4754.
1505 1663 1605 1711 quo
1646 1649 1850 1695 Romam
1891 1646 2142 1705 conditam

314 1716 401 1772 hic
423 1718 766 1779 observamus,
803 1735 934 1765 anno
964 1717 1194 1765 Romulei
1221 1717 1357 1781 regni
1382 1721 1463 1770 13.
1497 1717 1627 1766 solos
1663 1718 1783 1772 424.
1815 1734 1878 1766 ex
1903 1715 2142 1765 Authoris

316 1804 461 1841 sensu
481 1788 800 1871 reponendos
820 1804 1142 1835 nummorum
1163 1787 1345 1852 peritia
1371 1787 1606 1838 declarat.

458 1853 731 1926 Ῥωμύλλος
758 1851 817 1906 α’.
848 1857 901 1908 ἐκ
926 1861 1018 1908 τοῦ
1045 1852 1252 1922 δήμου]
1292 1857 1597 1921 scaligerum
1626 1858 1872 1906 illustrem
1898 1856 2027 1905 hanc
2042 1873 2143 1922 pe·-

316 1926 527 1991 ricopen
570 1943 595 1974 e
628 1927 703 1974 sui
741 1927 937 1980 Eusebii
981 1927 1093 1975 albo
1132 1934 1494 1990 expungentem
1533 1944 1642 1992 pag.
1678 1931 1760 1981 36.
1800 1928 1980 1989 miror,
2029 1944 2142 1975 cum

315 1994 565 2045 Latinus
551 2013 656 2060 ipse
684 1996 745 2043 ad
760 1996 960 2047 Romuli
984 2013 1164 2045 annum
1181 1997 1267 2053 24.
1291 1997 1470 2044 diserte
1494 1999 1690 2045 referat.
1749 1998 2006 2045 Romula-s·
2021 1999 2142 2061 pri-

320 2084 437 2113 mus
461 2067 646 2113 milites
682 2070 898 2131 sumpsit
923 2084 980 2113 ex
1004 2068 1223 2131 popuZO,
1261 2075 1305 2113 et
1328 2067 1670 2115 nobilissimos
1699 2077 1897 2115 centum
1922 2085 2057 2114 sene-s·
2081 2067 2142 2114 ob

322 2145 537 2184 aetatem
574 2139 833 2184 Senatores
843 2173 857 2199 ,
910 2137 970 2184 ob
1004 2133 1392 2183 similitudinem
1430 2155 1583 2185 curae
1619 2141 1804 2185 Patres
1840 2138 2142 2202 aPpellavit.

320 2207 508 2271 templa
531 2224 730 2271 qaoque
761 2215 807 2257 et
830 2224 1004 2254 muros
1031 2208 1295 2254 Romanae
1334 2207 1482 2254 Urbis
1507 2210 1735 2258 extraxit.
1795 2208 2014 2256 Observa
2035 2208 2144 2256 Eu-

321 2277 509 2325 sebium
529 2280 711 2324 Patres
736 2294 837 2324 non
861 2279 1118 2324 Patricioe
1151 2284 1307 2325 aetate
1339 2277 1537 2342 Georgii
1561 2278 1799 2343 dignitate
1825 2278 1960 2327 circa
1986 2279 2144 2327 Grae-

324 2360 440 2395 cum
468 2347 587 2412 Imp.
618 2347 910 2412 praecipuos
936 2347 1212 2412 scripsisse.

461 2412 543 2467 Ἐν
569 2421 636 2486 τῷ
660 2412 735 2484 ιγ’.
764 2416 894 2484 grem]
947 2417 1049 2477 Qui
1077 2418 1135 2465 ab
1163 2416 1295 2465 orbis
1328 2417 1533 2465 conditu
1566 2417 1665 2466 fuit
1687 2417 1838 2471 4754
1869 2434 1968 2482 quo
1994 2418 2144 2466 simul

326 2487 430 2535 obit
469 2487 673 2551 septima
707 2487 962 2552 Olympias
1001 2495 1050 2535 et
1087 2495 1260 2536 octava
1296 2487 1392 2535 init
1425 2495 1543 2552 post
1579 2489 1823 2536 aestivum
1856 2488 2144 2538 solstitium.

324 2555 421 2605 Hic
440 2574 592 2621 porro
618 2574 849 2605 numerus
873 2553 950 2626 ιγ’.
938 2557 1322 2607 ‚confirmatur'
1307 2575 1361 2604 m
1378 2557 1611 2621 margine,
1637 2566 1685 2606 et
1710 2575 1940 2606 numeros
1959 2553 2142 2640 ‘i‘ffwvss

327 2633 377 2673 et
411 2622 583 2694 &west
612 2635 844 2693 corrupte
878 2628 933 2678 in
970 2635 1165 2678 textum
1198 2628 1418 2678 intrusos
1456 2628 1511 2676 in
1543 2629 1934 2678 emendationem
1959 2608 2142 2698 :ssawvd

326 2676 618 2744 mutandum
643 2698 795 2751 iubet.

464 2763 716 2832 Αἰσχύλου
737 2788 804 2819 τω
830 2762 912 2834 ιβ’.
929 2766 1028 2819 ἐπει
1048 2765 1390 2835 πληρουμένῳ.
1394 2766 1414 2832 ]
1445 2768 1655 2831 Sustine,
1682 2767 1923 2816 Benevole
1944 2768 2143 2827 Lector,

329 2834 373 2883 si
398 2835 560 2883 minus
587 2854 650 2884 ex
679 2845 730 2885 te
764 2820 1022 2902 coniicias,
1062 2840 1124 2888 de
1154 2855 1253 2886 uno
1283 2839 1366 2886 vel
1392 2839 1546 2886 altero
1581 2846 1630 2886 te
1655 2854 1894 2886 moneam.
1960 2841 2007 2890 1.
2032 2839 2142 2886 Au-

327 2904 522 2954 thorem
547 2907 888 2970 frequentius
874 2925 928 2955 m
951 2909 1209 2957 condenda
1236 2908 1565 2988 Cbronologia
1574 2907 1861 2956 Eusebianis
1886 2907 2143 2957 codicibus

328 2992 489 3023 usum.
559 2982 608 3029 2.
646 2977 792 3024 Haud
819 2978 1001 3042 ubique
1029 2979 1132 3026 eius
1159 2978 1364 3040 vestigia
1389 2978 1582 3025 sectari.
1653 2981 1706 3030 3.
1745 2979 1913 3025 Annos
1940 2978 2000 3026 de
2021 2978 2143 3042 qui-

331 3044 422 3093 bus
446 3045 682 3094 Eusebius
706 3055 889 3095 tractat
911 3049 969 3095 ab
995 3050 1245 3096 Autumno
1273 3048 1452 3095 ducere
1481 3047 1753 3095 exordium.
1826 3047 1874 3100 4.
1907 3047 2143 3112 Aeschyli

332 3132 463 3163 anno
489 3116 707 3163 secundo
735 3119 1005 3196 completo,
1048 3125 1134 3165 aut
1161 3120 1313 3165 ferme
1345 3117 1598 3178 absoluto,
1634 3117 1687 3164 id
1717 3125 1790 3165 est
1819 3118 1948 3165 circa
1977 3119 2145 3166 solsti-

331 3185 460 3233 tium
483 3186 718 3234 aestivum
738 3187 955 3265 primam
979 3187 1322 3251 Olympiadem
1348 3187 1592 3234 statuisse.
1661 3188 1744 3234 Nil
1777 3188 1966 3236 mireris
1989 3189 2143 3252 igitur

331 3255 628 3317 Authorem,
666 3256 751 3319 qui
777 3257 963 3320 sciipta
987 3274 1090 3305 non
1107 3256 1436 3317 recensuerit,
1473 3274 1535 3304 ex
1557 3257 1754 3305 Eusebii
1777 3275 1857 3306 sci
1861 3258 1976 3323 1pt1s
2002 3258 2143 3306 nobis

333 3325 455 3373 haec
480 3326 628 3374 verba
667 3325 960 3374 reddidisse:
1010 3321 1264 3411 Αἰσχύλου
1307 3329 1376 3412 τῷ
1414 3295 1623 3409 ‹leve-4991)
1675 3326 1767 3377 ἔτει
1801 3327 2141 3396 πληρουμένω,

337 3394 423 3446 καὶ
450 3390 702 3464 ἀρχομένῳ
725 3415 792 3446 τω
817 3396 961 3464 τρίτῳ
989 3390 1146 3446 αυτοῦ
1166 3395 1287 3457 ἔτει,
1322 3415 1353 3460 ἠ
1380 3414 1549 3462 πρωτη
1569 3393 1835 3462 Ὀλυμπιας
1858 3396 2020 3462 ’ἤχθηε
2057 3397 2142 3460 qui

337 3467 606 3516 coirectius
632 3469 696 3515 ad
721 3447 976 3534 propiiam
1000 3473 1213 3517 mentem
1235 3465 1535 3531 scripsisset:
1579 3463 1831 3534 Αἰσχύλου
1852 3471 1918 3537 τῷ
1940 3463 2025 3535 ιβ’.
2050 3465 2143 3518 ἔτει
