2222 3938
337 191 463 253 340
963 198 1544 256 EMENDATIONES

339 351 535 400 φρατου
546 369 561 396 ,
599 331 686 383 καὶ
706 324 1037 417 καθήκουσαν
1056 326 1152 414 την
1171 326 1303 398 πρός
1323 325 1548 419 ἐρυθραν
1566 324 1829 381 θάλασσαν
1854 333 2156 394 κατοικοῦσι,

340 400 636 469 Ναβατινην
659 421 752 467 την
777 397 943 468 χώραν
982 395 1331 467 ὄνομασανπες.
1374 401 1467 452 εἶσὶ
1494 399 1548 452 δὲ
1575 394 1714 459 οὗτοι,
1743 400 1796 451 οἱ
1813 420 1913 451 των
1934 396 2162 487 Ἀραβων

206 473 261 518 V
290 473 319 518 3
347 473 512 536 ε’θνος,
552 472 638 524 καὶ
660 492 751 532 τας
775 468 940 535 φυλὰς
966 466 1062 521 ἄπ’
1085 465 1251 521 αὐτῶν
1275 475 1512 532 καλοῦσι,
1548 466 1632 522 δια
1657 489 1709 521 τε
1732 468 1827 535 τήν
1852 467 2035 538 ἆρετην
2060 467 2163 522 av’-

335 564 454 608 των,
488 543 573 594 καὶ
603 540 687 593 dha*
710 539 764 593 τὰ
779 538 1030 609 Ἀβράμου
1052 536 1259 606 αξίωμα.
1321 543 1449 589 Fdii
1472 542 1676 590 Ismaelt‘
1700 543 1816 588 nati
1839 551 1956 589 sunt
1977 541 2164 590 dnode-

334 618 448 662 cim.
498 616 579 661 Hc·
606 611 854 678 quiequid
875 622 1127 660 terrarum
1148 621 1220 658 est
1231 612 1547 677 Euphratem
1573 619 1701 660 inter
1725 621 1770 658 et
1791 612 2001 659 rubrum
2024 630 2163 660 mare

333 685 596 742 habitant,
643 684 940 731 Nabataeae
963 684 1159 748 regioni
1192 685 1390 729 nomine
1420 681 1599 734 indito.
1672 684 1804 729 Sanc
1845 692 2013 730 autem
2043 683 2100 729 ln·
2127 701 2162 731 a

334 756 523 821 quibas
537 754 736 801 Arabes
755 763 950 819 gentem
971 771 1121 800 suam
1146 755 1349 818 eiusque
1375 753 1554 802 Tribus
1577 752 2036 815 denominaverunt,
2054 762 2162 800 tam

326 834 532 890 propter
572 843 741 871 eorum
776 827 1013 874 virtutem
1030 861 1044 887 ,
1094 833 1202 871 tum
1229 833 1440 888 propter
1471 824 1761 871 Abralzami
1792 826 2161 871 auctoritatem.

330 897 517 944 Arabas
544 895 821 960 Indigenas
842 904 890 942 et
914 894 1153 943 Advenas
1182 895 1346 942 statim
1367 911 1428 942 ex
1453 894 1688 943 historiae
1713 894 1885 942 limine
1912 894 2162 943 Abrabam

330 966 670 1015 Ecchellensis
701 965 1038 1014 discriminat:
1089 966 1201 1013 illos
1228 965 1412 1013 Iectani
1432 965 1595 1014 Heber
1622 965 1715 1012 filii
1749 973 1970 1029 posteros
1997 964 2162 1030 capite

330 1037 551 1085 secundo
570 1075 583 1099 ,
621 1036 712 1084 hos
736 1037 795 1083 ab
823 1037 1027 1084 Ismaele
1051 1036 1289 1099 originem
1314 1036 1495 1084 ducere
1520 1043 1692 1083 narrat
1721 1035 1883 1099 capite
1904 1037 2095 1100 primo,
2133 1053 2160 1082 a

332 1124 449 1172 quo,
469 1107 648 1170 inquit,
663 1124 833 1155 omnes
857 1108 1038 1155 Arabes
1060 1113 1377 1171 posteaquam
1401 1107 1505 1154 eius
1523 1106 1712 1171 posteri
1733 1106 1944 1168 regionis
1964 1106 2162 1171 'praeci-

329 1195 429 1243 pua
453 1185 594 1242 parte
618 1177 772 1242 potiti
797 1185 927 1236 sunt,
951 1176 1222 1224 Ismaelitae
1243 1176 1509 1239 aliquando
1530 1176 1698 1224 vocati
1719 1176 1936 1227 fuerunt,
1984 1177 2162 1224 [smae-

329 1249 538 1296 litarum
561 1254 610 1294 et
631 1248 967 1310 Agarenorum
988 1247 1230 1294 vocabulo
1251 1247 1439 1293 Turcas
1463 1255 1511 1293 et
1527 1245 1885 1295 Mahumeticae
1903 1245 2160 1309 religionis

329 1317 618 1384 prophanos
651 1325 920 1366 sectatores
964 1317 1139 1365 Graeci
1181 1325 1504 1382 nuncupant,
1555 1325 1604 1364 et
1639 1317 1917 1381 promiscue
1958 1317 2160 1378 Arabes,

331 1389 468 1453 quod
491 1389 668 1436 ismael
692 1387 910 1435 Arabum
937 1405 998 1435 ex
1021 1395 1163 1453 parte
1185 1395 1326 1452 pater
1348 1388 1578 1435 Arabiam
1606 1387 1847 1449 colueiit,
1887 1404 1949 1434 ex
1973 1405 2068 1452 qua
2089 1387 2162 1435 la·-

328 1459 414 1507 bes
441 1466 490 1507 et
515 1475 648 1506 noxa
681 1458 768 1505 illa
804 1458 1024 1538 prodiit,
1064 1475 1190 1522 quae
1215 1457 1495 1506 vicinarum
1518 1457 1777 1521 regionum
1803 1458 1992 1506 animoa
2017 1459 2159 1506 inse-

329 1530 428 1592 cit,
468 1547 526 1577 ac
552 1529 873 1576 Romanum
858 1547 1024 1594 1psum
1048 1529 1316 1594 imperium
1341 1529 1396 1576 in
1419 1528 1618 1577 ruinam
1644 1529 1757 1592 egit.

467 1619 798 1684 Ἀποστασίαν
819 1632 919 1685 ὑπὸ
935 1653 1023 1685 του
1049 1634 1298 1701 μακαρίου
1326 1628 1535 1684 Παύλου
1556 1629 2030 1720 προφητευθεῖσαν.]
2069 1631 2159 1679 His

325 1703 490 1752 verbis
514 1704 578 1751 ad
603 1704 822 1754 Thessal.
853 1705 994 1770 epist.
1015 1711 1064 1758 2.
1095 1721 1202 1768 cap.
1227 1711 1274 1757 2.
1315 1705 1436 1751 Nisi
1460 1708 1647 1752 venerit
1675 1704 1911 1750 discessio
1941 1699 2158 1753 azoara-

325 1775 412 1824 σία
432 1777 688 1838 primum,
727 1785 772 1822 et
812 1777 1064 1823 revelatus
1087 1776 1256 1836 fuerit
1286 1774 1432 1821 lzomo
1459 1777 1688 1839 peccati,
1730 1774 1889 1838 filius
1912 1773 2158 1838 perditio-

311 1847 434 1906 nis,
487 1847 576 1909 qai
615 1845 949 1909 adar-satur,
1000 1855 1046 1891 et
1086 1845 1340 1891 extollitur
1380 1855 1541 1908 supra
1596 1863 1736 1891 omne
1778 1844 1918 1909 quod
1964 1844 2158 1890 dicitur

326 1918 513 1963 Deus:
537 1932 661 1979 quae
685 1916 745 1963 de
761 1916 1069 1964 Antichristo
1093 1922 1140 1962 et
1160 1914 1437 1962 Mahomete
1460 1916 1628 1980 (unius
1655 1916 1839 1980 quippe
1861 1914 2043 1962 Christi
2066 1914 2159 1961 ho-

324 1986 418 2033 stis
443 1993 713 2050 utrumque
737 2003 921 2036 nomen
958 1983 1053 2055 est)
1095 1985 1453 2051 Expositorum
1487 2003 1604 2052 pars
1640 2003 1746 2034 non
1781 1986 1952 2033 infima
1989 1992 2157 2034 censet

321 2055 658 2120 intelligen-ſtrla

461 2156 546 2212 Ἐν
568 2162 694 2231 τῷδε
715 2181 783 2232 τῳ
812 2180 1043 2245 χρονικῳ.
1032 2160 1066 2227 .]
1103 2163 1215 2213 Τῶν
1230 2160 1559 2248 πραχθέντων
1573 2157 1698 2212 και-οἳ
1720 2179 1838 2220 τους
1854 2159 2016 2221 ἰδίους
2041 2155 2155 2246 χρό-

317 2250 444 2292 νους
461 2227 699 2298 συνοψιν,
726 2214 1009 2296 συναφειᾶν
1029 2251 1097 2296 τε,
1121 2232 1207 2284 καὶ
1226 2231 1320 2300 τὴν
1341 2229 1454 2283 κατ’
1480 2228 1694 2296 ἄλλήλου
1717 2251 2022 2298 πραγματων
2040 2226 2155 2282 οἷκο-

322 2303 541 2353 λουθίαν
562 2320 723 2368 nuper
745 2321 932 2351 memor
935 2311 1061 2350 atam
1075 2321 1240 2368 ,opus
1268 2304 1505 2352 videlicet
1529 2303 1622 2350 sibi
1645 2303 1988 2367 propositum,
2028 2319 2155 2350 con-

321 2373 530 2421 tracuus
545 2381 694 2422 vocat
716 2373 800 2421 hic
817 2371 1072 2441 χρονικὸντ
1098 2374 1234 2440 quod
1259 2375 1471 2439 praefixi
1495 2373 1633 2421 tituli
1650 2373 1820 2438 opifex
1837 2371 1917 2439 (ab
1932 2371 2154 2421 Authore

320 2443 498 2508 utique
540 2444 793 2506 diversus,
837 2444 924 2508 qui
963 2443 1240 2492 Authorem
1273 2446 1415 2510 prius
1450 2444 1673 2492 extitisse
1696 2481 1709 2506 ‚
1746 2444 1877 2507 quod
1910 2461 2054 2491 nemo
2091 2443 2152 2491 de

322 2531 376 2560 se
407 2514 542 2579 ipso,
594 2515 812 2563 celebrat
835 2514 914 2562 his
949 2515 1113 2564 verbis
1139 2515 1421 2582 Συγκέλλου
1457 2509 1738 2582 γεγονότος)
1775 2514 2152 2577 significantiori

321 2600 446 2631 voce
467 2585 602 2633 dixit
626 2586 1013 2652 χρονογραφίαν.
1051 2587 1419 2653 χρονογραφίας
1441 2603 1610 2632 sensus
1631 2585 1756 2632 alter
1778 2592 1878 2644 est,
1917 2593 1965 2631 et
1989 2592 2047 2631 ut
2069 2585 2150 2632 vi·-

325 2654 470 2702 detur
496 2673 705 2703 concors
739 2657 875 2721 apud
900 2657 1163 2722 oppositos
1193 2658 1252 2704 de
1281 2656 1517 2705 Doctrina
1551 2656 1849 2719 Temporum
1882 2653 2149 2719 scriptores

319 2725 625 2788 Scaligerum
649 2734 696 2774 et
720 2726 1001 2774 Petavium:
1041 2743 1253 2790 quorum
1276 2727 1361 2774 ille
1386 2726 1548 2791 primo
1570 2726 1734 2772 statim
1757 2724 2150 2772 Eusebianarum

321 2794 806 2844 animadversionum
837 2797 981 2844 initio
1014 2796 1471 2862 Chronographiam
1495 2795 1723 2859 exponit,
1761 2796 1912 2840 caius
1935 2798 2150 2841 materia

316 2874 536 2929 tempu-5¹,
574 2865 657 2913 hic
691 2867 919 2931 priorum
946 2868 1219 2930 Prolegom.
1259 2885 1367 2932 cap.
1403 2870 1450 2918 3.
1491 2864 1875 2930 Computisticae
1901 2866 2146 2913 vocabulo

317 2952 434 2982 usus
451 2972 465 2996 ,
516 2952 620 2983 eam
636 2973 650 2999 ,
700 2936 878 2984 Artem
920 2936 1212 3002 quandam,
1261 2940 1364 2987 sire
1404 2937 1709 2998 facultatem
1747 2933 2148 2982 ordinandorum

318 3003 393 3052 ad
411 3006 609 3053 civilem
634 3024 785 3054 usum
809 3017 1084 3071 temporam
1108 3006 1293 3054 definit.
1362 3004 1428 3052 At
1450 3022 1612 3069 neque
1636 3004 1893 3069 Syncello,
1934 3005 2019 3052 ubi
2038 3006 2147 3070 ple-

317 3076 485 3140 risque
524 3076 650 3123 locis
682 3075 917 3144 χρονικόν
956 3095 1102 3125 suum
1140 3074 1395 3142 σύνταγμα
1422 3074 1877 3141 Chronographiam
1913 3076 2144 3140 appellat,

318 3163 481 3211 neque
515 3145 638 3194 mihi
672 3156 877 3212 accepta
903 3156 976 3195 est
1005 3146 1090 3194 hic
1124 3163 1177 3193 ea
1213 3147 1353 3194 vocis
1378 3145 1545 3206 notio,
1583 3163 1708 3210 quae
1742 3163 1846 3193 non
1872 3146 2145 3194 solitariam

317 3233 485 3266 rerum
504 3225 750 3280 gestarum
773 3217 1026 3276 notitiam,
1065 3217 1198 3280 quod
1232 3215 1496 3280 exequitur
1519 3216 1764 3278 Historia3
1802 3233 1906 3263 non
1927 3216 2143 3264 ieiunam

315 3295 479 3335 motus
504 3304 782 3335 mensuram
807 3295 1069 3352 partesque
1098 3303 1354 3334 mensurae
1380 3286 1646 3334 cuiuslibet
1674 3287 1737 3333 ad
1775 3286 1971 3335 civilem
1995 3303 2142 3334 usum

318 3357 715 3406 accommodatae
734 3357 1127 3420 intelligentiam,
1163 3357 1299 3421 quod
1325 3357 1710 3421 Computisticae
1731 3373 1926 3415 munus,
1965 3355 2141 3420 exqui-

314 3429 408 3475 rit:
456 3428 543 3475 sed
575 3435 682 3476 tum
719 3445 779 3476 ex
812 3428 1056 3476 Historiae
1095 3428 1302 3493 peritia,
1348 3435 1456 3474 tum
1502 3444 1563 3474 ex
1597 3427 1745 3474 certis
1779 3426 2137 3488 intelligentiae

314 3505 596 3563 temporum
634 3499 818 3563 regulis
851 3516 931 3548 res
968 3498 1145 3547 ordine
1180 3506 1342 3563 gestas
1373 3497 1594 3565 propriis
1627 3497 1864 3563 temporis
1899 3496 2156 3559 cuiusque>
