2222 3938
689 219 788 275 ET
823 218 1409 277 ANNOTATIONES.
1827 213 1949 273 391

142 350 284 397 αῖίιιδ
305 344 588 410 ΑΡαθῘὶηαὸ·
619 349 703 400 56.
733 350 913 414 annis,
951 359 998 398 et
1022 352 1273 400 mensibus
1294 356 1345 406 7.
1384 348 1582 399 Deinde
1608 348 1844 415 Apoplzis
1866 355 1953 405 61.

145 429 195 466 et
217 417 395 467 lanias
417 417 503 470 50.
530 426 577 465 et
601 434 700 465 uno
724 434 901 467 mense.
936 422 1064 468 Post
1089 440 1253 470 omnes
1270 431 1436 470 autem
1457 422 1608 470 Assia
1633 425 1721 475 49.
1750 430 1796 468 et
1815 438 1955 469 men-

142 488 286 537 sibus
314 485 527 537 duobzw.
572 489 725 552 Reges
751 505 960 538 numero
993 508 1166 556 pares,
1200 493 1374 542 iisdem
1401 493 1502 540 fere
1527 491 1616 540 sub
1650 492 1952 555 nominibus,

141 566 194 607 et
215 558 306 607 vix
330 557 545 622 impares
568 566 728 608 aetate
760 560 983 609 referunt
1005 561 1264 612 Africanus
1299 580 1362 612 ex
1384 562 1706 625 Manethone,
1747 570 1796 614 et
1822 562 1956 628 apud

143 626 410 694 Iosephum
452 629 559 692 ipse
614 628 906 678 Manethon:
966 632 1201 697 quocirca
1249 633 1311 682 de
1357 633 1530 691 iisdem
1570 639 1833 696 utrumque
1871 633 1956 680 lo·-

145 699 233 764 qui
269 698 411 746 nulla
453 707 679 763 superest
705 700 961 750 dubitandi
1006 720 1163 751 causa.
1233 703 1365 753 Assis
1400 694 1606 768 insuper
1634 702 1834 750 nomine
1871 702 1958 750 ul-

142 770 295 817 timus
334 768 562 816 clarescit
597 770 731 835 apud
757 771 1124 835 Manethonem,
1176 790 1319 837 quem
1345 782 1493 823 vocat
1523 772 1717 821 Author
1738 767 1958 838 Ἀσσήθτ

145 838 290 888 cuius
313 846 478 887 tamen
501 856 698 888 causam
725 858 827 889 uno
856 860 960 891 non
982 851 1244 909 promovet
1280 860 1384 891 asse
1418 843 1553 891 Assis
1587 843 1705 903 ille,
1745 859 1858 890 cum
1895 841 1961 905 ad

142 909 411 974 Dynastiae
432 911 680 959 senarium
703 929 874 975 regum
893 930 1154 963 numerum
1178 913 1237 961 ab
1257 913 1491 961 Africano
1512 914 1811 977 productum
1835 910 1963 960 nihil

144 979 321 1042 addat,
354 996 448 1028 nec
468 998 496 1027 a
522 981 814 1030 Manethone
850 984 1042 1049 primus
1067 984 1318 1049 sequentis
1342 983 1606 1047 Dynastiae
1622 1019 1635 1044 ,
1672 982 1807 1046 quod
1843 998 1962 1029 con-

138 1050 304 1099 tendit
330 1049 555 1114 Author,
589 1061 968 1117 percenseaturt
1005 1055 1130 1118 nisi,
1168 1055 1304 1119 quod
1326 1053 1542 1118 suggerit
1566 1052 1824 1117 Georgius,
1846 1068 1962 1100 suos

146 1121 341 1170 codices
364 1122 508 1171 aliter
534 1123 766 1172 exhibere
791 1124 1021 1173 affirmat.

285 1188 578 1259 Σύγχρονον
597 1193 826 1255 Μωσέως
852 1197 1008 1257 δεῖξαι
1023 1193 1259 1261 Κέκροπα
1281 1189 1630 1259 ἐπειγόμενος.]
1665 1191 1804 1251 Quae
1824 1207 1966 1255 prae-

144 1261 294 1327 cipua
328 1263 428 1310 fuit
464 1263 520 1311 in
553 1263 838 1313 Chronicon
873 1266 993 1315 libri
1030 1265 1319 1331 posterioris
1354 1264 1529 1312 limine
1565 1262 1767 1311 Eusebii
1813 1278 1966 1323 mens,

146 1339 204 1380 ut
236 1333 339 1381 eius
378 1334 529 1382 verba
557 1343 747 1383 sonant.
818 1335 1139 1403 Quapropter
1161 1337 1371 1399 ingenue
1397 1334 1626 1398 Scaliger.
1676 1334 1822 1387 Haec
1846 1334 1966 1397 qm)-

144 1401 257 1450 dem
279 1421 387 1452 vere
410 1400 586 1452 obiecit
614 1408 879 1471 Georgius,
1862 1403 1866 1405 ¹

284 1474 399 1538 Pag-
436 1475 521 1528 64.
560 1478 633 1527 Εἰ
667 1474 722 1527 δὲ
756 1472 1003 1545 ἀναφέροι
1036 1475 1143 1541 τις.]
1196 1475 1411 1539 Scaliger
1447 1491 1510 1522 ex
1538 1472 1772 1522 Africano
1815 1472 1969 1521 refert

143 1542 267 1591 haec
294 1543 406 1591 Not.
433 1562 543 1610 pag.
571 1552 655 1600 20.
676 1564 781 1595 non
803 1548 864 1596 ab
892 1549 1062 1614 Ogygo
1079 1587 1094 1610 ‚
1131 1547 1218 1596 sed
1241 1565 1270 1595 a
1293 1546 1399 1594 filio
1422 1545 1679 1607 Eleusine,
1717 1542 1968 1591 conditam

143 1614 426 1663 Eleusinam
454 1615 897 1670 demonstraturus,

286 1688 465 1750 Μοῖρα
476 1690 568 1735 τοῦ
584 1687 933 1753 Αἰγυπτιακοῦ
952 1690 1201 1754 στρατοῦ]
1226 1687 1434 1752 Repono
1458 1683 1780 1734 emendatius.
1820 1685 1969 1748 μοῖρα

144 1756 238 1806 τοῦ
261 1754 612 1821 Αἰγυπτιακοῦ
638 1762 850 1823 στρατοῦ
879 1756 1106 1819 ἐξέπεσεν
1137 1752 1399 1824 Αἰγύπτου
1420 1771 1432 1783 ·
1472 1753 1612 1806 ἄλλοι
1637 1752 1691 1805 δὲ
1714 1753 1768 1804 ἐν
1791 1755 1856 1822 τῇ
1878 1759 1970 1807 εἴθ,

146 1825 260 1887 vel,
298 1829 447 1891 μοῖρα
475 1829 566 1875 τοῦ
598 1827 947 1893 Αἰγυπτιακοῦ
972 1830 1184 1894 στρατοῦ
1213 1826 1399 1894 ἔφυγεν
1431 1825 1482 1887 ἐξ
1512 1820 1799 1893 Αἰγύπτου·
1838 1822 1889 1873 οἳ
1918 1820 1973 1872 ἐν

144 1898 209 1964 τῇ
237 1895 547 1965 Παλαιστίνῃ
574 1905 666 1943 etc.

289 1965 403 2028 Pag·
439 1968 526 2019 65.
569 1961 770 2016 Ου’κοῦν
797 1970 899 2018 ταῖν
922 1987 969 2036 ,α
993 1966 1079 2017 καὶ
1099 1963 1156 2018 κ’.
1187 1966 1347 2031 etaim]
1383 1963 1602 2014 Africani
1634 1970 1707 2011 est
1740 1973 1970 2027 praesens

149 2042 440 2100 computus,
478 2043 534 2082 ut
570 2043 678 2083 tum
706 2039 960 2101 sequentia
983 2044 1092 2084 tum
1119 2037 1386 2102 praemissa
1408 2052 1516 2101 pag.
1546 2034 1632 2087 65.
1657 2034 1706 2083 C.
1734 2033 1972 2085 indicant.

150 2105 350 2155 Author
375 2105 434 2152 ab
462 2105 735 2154 Israelitica
760 2107 1072 2172 profectione
1105 2124 1232 2154 anno
1267 2109 1423 2160 3816.
1465 2104 1752 2166 consignata
1777 2103 1839 2150 ad
1862 2101 1972 2167 pri-

151 2193 282 2225 mam
299 2176 642 2240 Olympiadem
666 2178 730 2224 ad
753 2194 938 2224 annum
957 2178 1111 2230 4726.
1134 2177 1284 2224 fixam
1310 2177 1442 2223 solos
1469 2179 1587 2227 910.
1613 2190 1765 2220 annos
1795 2188 1973 2220 nume-

152 2253 248 2297 rat.
287 2246 494 2292 Centum
520 2246 672 2309 igitur
693 2254 742 2294 et
765 2248 934 2294 decem
948 2263 1187 2293 annorum
1211 2246 1354 2294 unius
1375 2245 1437 2292 ad
1461 2245 1669 2292 alterum
1697 2250 1769 2291 est
1791 2241 1975 2289 discri÷

153 2333 297 2366 men:
342 2323 548 2378 uterque
570 2316 690 2362 licet
717 2316 775 2362 ab
809 2317 977 2363 eodem
1003 2316 1176 2363 mundi
1202 2333 1331 2362 anno
1352 2320 1605 2362 recenseat
1641 2310 1977 2376 Olympiades.

153 2387 222 2436 At
243 2402 367 2450 quos
398 2393 511 2432 ante
540 2384 787 2433 Abraham
815 2393 862 2433 et
885 2387 1090 2449 Moysen
1115 2384 1300 2432 Cainan
1322 2383 1513 2431 iuniori
1545 2383 1783 2445 Georgius
1806 2388 1978 2428 noster

158 2465 360 2505 centum
390 2463 439 2502 et
465 2456 666 2518 triginta
694 2455 886 2518 tribuit,
923 2455 1015 2502 hos
1040 2454 1237 2502 nonnisi
1265 2462 1400 2502 retro
1424 2454 1628 2517 Moysen
1658 2459 1803 2516 putat
1821 2467 1979 2498 annos

154 2527 439 2576 Africanus.
508 2526 640 2574 Hinc
678 2535 875 2573 centum
902 2534 950 2573 et
973 2525 1143 2572 decem
1179 2524 1319 2571 annis
1349 2540 1495 2587 quam
1535 2521 1672 2587 apud
1707 2520 1979 2577 Authorem

155 2597 288 2661 legas
325 2596 543 2660 priorem
571 2596 742 2643 statuit
773 2596 966 2645 Israelis
999 2595 1212 2656 exitum,
1250 2611 1280 2640 a
1311 2609 1410 2658 quo
1442 2591 1655 2658 proinde
1677 2592 1741 2639 ad
1767 2592 1978 2659 primam

155 2666 506 2733 Olympiadem
529 2666 664 2713 mille
693 2673 742 2713 et
763 2666 941 2731 viginti
970 2665 1296 2727 requiruntur
1323 2664 1457 2711 anni.
1506 2661 1644 2710 Alios
1667 2661 1847 2725 viginti
1874 2660 1979 2708 cai-

157 2754 261 2785 nan
307 2753 461 2783 annos
507 2753 604 2801 qua
651 2738 885 2786 methodo
925 2742 1209 2799 compenset
1251 2733 1514 2781 Africanus
1559 2731 1734 2783 scribit
1781 2730 1977 2779 Author

159 2824 268 2873 pag.
300 2811 385 2860 79.
425 2807 483 2855 D.
521 2814 576 2854 ut
614 2805 738 2854 haec
781 2806 961 2872 legenti
1007 2804 1345 2852 manifestiora
1382 2803 1508 2851 fiant
1547 2802 1749 2850 omnino
1792 2817 1976 2851 consu-

158 2878 356 2927 lendus.

300 2948 413 3009 Pag.
444 2951 527 3000 66.
561 2942 727 3006 ’Όςτις
753 2942 872 2996 ποτὲ
897 2938 969 2994 οἶν
993 2939 1158 3012 οἷνήρ.]
1186 2943 1334 3010 Impii
1354 2941 1618 3008 Porphyrii
1648 2957 1827 2993 nomen
1854 2957 1978 3006 pro-

164 3017 240 3066 dit
260 3017 434 3064 Latina
457 3016 618 3065 versio
648 3015 957 3081 Hieronymi.

299 3082 522 3153 Ἀβρααμ
556 3088 809 3137 Χαλδαῖον
848 3082 939 3151 μὲν
981 3082 1066 3137 τὸν
1101 3080 1283 3152 γένος.]
1346 3081 1563 3145 Scaliger
1597 3080 1711 3130 Not.
1748 3094 1857 3144 pag.
1895 3082 1980 3131 12.

163 3158 247 3205 De
279 3156 594 3203 Patrlarclza
625 3156 952 3216 Abmlzamo,
988 3156 1180 3220 inquit,
1218 3153 1386 3203 multa
1421 3153 1590 3203 omisit
1626 3153 1979 3212 Hieronymus,

166 3244 296 3290 quae
330 3228 385 3272 in
413 3228 619 3274 Graecis
643 3228 910 3292 leguntur.-
945 3222 1035 3277 τόν
1066 3221 1289 3291 Ἀβραοῖμ
1314 3223 1568 3276 Χαλδαῖον
1593 3218 1682 3286 μὲν
1715 3216 1799 3269 τὸν
1823 3215 1978 3283 γένος,

167 3293 330 3355 ἄλλως
358 3293 412 3346 δὲ
443 3293 602 3362 ἄνδρα
629 3298 872 3361 θεοφιλῆ,
909 3294 996 3346 καὶ
1020 3299 1217 3362 πρῶτον
1243 3290 1327 3344 τὸν
1353 3287 1475 3358 παρ’
1503 3290 1750 3358 Ἑβραίοις
1775 3304 1977 3349 προφη·

166 3369 268 3416 τῶν
291 3361 419 3416 εἶναι
447 3366 850 3432 πεπιστευμένον.
867 3367 869 3370 ⁴
888 3366 1015 3414 llaec
1035 3374 1160 3413 certe
1185 3362 1459 3413 omittenda
1494 3379 1593 3408 non
1617 3366 1772 3406 erant.
1809 3356 1978 3415 Quin-

169 3435 320 3483 immo
359 3443 459 3483 tam
501 3436 862 3484 inverecundus
900 3452 1012 3498 erga
1054 3443 1278 3483 sanctum
1310 3435 1502 3481 Patrem
1544 3429 1819 3478 versionem
1857 3442 1979 3473 con-

173 3505 454 3555 cinnantem
478 3504 692 3555 insultus
719 3509 880 3556 fuerat
909 3505 1153 3571 Scaligero
1180 3499 1655 3572 praetermittendum
1727 3497 1914 3559 Quam,
1948 3512 1978 3543 o
