<?xml version="1.0" encoding="UTF-8"?>
<!DOCTYPE html PUBLIC "-//W3C//DTD XHTML 1.0 Transitional//EN"
    "http://www.w3.org/TR/xhtml1/DTD/xhtml1-transitional.dtd">
<html xmlns="http://www.w3.org/1999/xhtml" xml:lang="en" lang="en">
 <head>
  <title>
</title>
<meta http-equiv="Content-Type" content="text/html;charset=utf-8" />
  <meta name='ocr-system' content='tesseract 3.04.00' />
  <meta name='ocr-capabilities' content='ocr_page ocr_carea ocr_par ocr_line ocrx_word'/>
</head>
<body>
  <div class='ocr_page' id='page_1' title='image "./corpusscriptorum21niebuoft_0043.png"; bbox 0 0 2112 3854; ppageno 0'>
   <div class='ocr_carea' id='block_1_1' title="bbox 726 196 1898 257">
    <p class='ocr_par' dir='ltr' id='par_1_1' title="bbox 726 196 1898 257">
     <span class='ocr_line' id='line_1_1' title="bbox 726 196 1898 257; baseline 0.003 -7"><span class='ocrx_word' id='word_1_1' title='bbox 726 197 1224 257; x_wconf 86' lang='lat' dir='ltr'><strong>DISSERTATIO.</strong></span> <span class='ocrx_word' id='word_1_2' title='bbox 1815 196 1898 254; x_wconf 82' lang='lat'><strong>33</strong></span> 
     </span>
    </p>
   </div>
   <div class='ocr_carea' id='block_1_2' title="bbox 88 327 1902 609">
    <p class='ocr_par' dir='ltr' id='par_1_2' title="bbox 23 327 1901 468">
     <span class='ocr_line' id='line_1_2' title="bbox 90 327 1901 400; baseline 0.002 -19.857"><span class='ocrx_word' id='word_1_3' title='bbox 90 328 228 380; x_wconf 79' lang='lat' dir='ltr'><strong>Sethi</strong></span> <span class='ocrx_word' id='word_1_4' title='bbox 256 327 556 379; x_wconf 82' lang='lat' dir='ltr'><strong>revelatione</strong></span> <span class='ocrx_word' id='word_1_5' title='bbox 586 328 743 394; x_wconf 84' lang='lat' dir='ltr'><strong>deque</strong></span> <span class='ocrx_word' id='word_1_6' title='bbox 770 328 1025 394; x_wconf 88' lang='lat' dir='ltr'><strong>Egregoris</strong></span> <span class='ocrx_word' id='word_1_7' title='bbox 1059 348 1086 381; x_wconf 91' lang='lat' dir='ltr'><strong>e</strong></span> <span class='ocrx_word' id='word_1_8' title='bbox 1107 331 1237 382; x_wconf 92' lang='lat' dir='ltr'><strong>libro</strong></span> <span class='ocrx_word' id='word_1_9' title='bbox 1265 331 1427 399; x_wconf 89' lang='lat' dir='ltr'><strong>primo</strong></span> <span class='ocrx_word' id='word_1_10' title='bbox 1462 330 1661 396; x_wconf 86' lang='lat' dir='ltr'><strong>Enoch,</strong></span> <span class='ocrx_word' id='word_1_11' title='bbox 1709 332 1771 383; x_wconf 92' lang='lat' dir='ltr'><strong>de</strong></span> <span class='ocrx_word' id='word_1_12' title='bbox 1803 350 1901 400; x_wconf 92' lang='lat' dir='ltr'><strong>quo</strong></span> 
     </span>
     <span class='ocr_line' id='line_1_3' title="bbox 88 399 1562 468; baseline -0.001 -19"><span class='ocrx_word' id='word_1_13' title='bbox 88 399 238 468; x_wconf 81' lang='lat' dir='ltr'><strong>paulo</strong></span> <span class='ocrx_word' id='word_1_14' title='bbox 265 407 409 465; x_wconf 86' lang='lat' dir='ltr'><strong>post,</strong></span> <span class='ocrx_word' id='word_1_15' title='bbox 447 406 672 465; x_wconf 87' lang='lat' dir='ltr'><strong>sumptus</strong></span> <span class='ocrx_word' id='word_1_16' title='bbox 700 416 803 447; x_wconf 90' lang='lat' dir='ltr'><strong>esse</strong></span> <span class='ocrx_word' id='word_1_17' title='bbox 826 400 1562 452; x_wconf 87' lang='lat' dir='ltr'><strong>videtur..</strong></span> 
     </span>
    </p>

    <p class='ocr_par' dir='ltr' id='par_1_3' title="bbox 89 444 1902 609">
     <span class='ocr_line' id='line_1_4' title="bbox 215 444 1898 535; baseline 0.004 -17"><span class='ocrx_word' id='word_1_18' title='bbox 215 470 402 518; x_wconf 88' lang='lat' dir='ltr'><strong>Partim</strong></span> <span class='ocrx_word' id='word_1_19' title='bbox 435 486 555 519; x_wconf 88' lang='lat' dir='ltr'><strong>vero</strong></span> <span class='ocrx_word' id='word_1_20' title='bbox 585 486 610 518; x_wconf 93' lang='lat' dir='ltr'><strong>e</strong></span> <span class='ocrx_word' id='word_1_21' title='bbox 639 487 798 535; x_wconf 88' lang='lat' dir='ltr'><strong>parva</strong></span> <span class='ocrx_word' id='word_1_22' title='bbox 829 471 1008 518; x_wconf 86' lang='lat' dir='ltr'><strong>Genesi</strong></span> <span class='ocrx_word' id='word_1_23' title='bbox 1045 471 1305 535; x_wconf 83' lang='lat' dir='ltr'>originitus</span> <span class='ocrx_word' id='word_1_24' title='bbox 1329 444 1505 521; x_wconf 80' lang='lat' dir='ltr'><strong>bansta</strong></span> <span class='ocrx_word' id='word_1_25' title='bbox 1532 489 1636 522; x_wconf 87' lang='lat' dir='ltr'><strong>esse</strong></span> <span class='ocrx_word' id='word_1_26' title='bbox 1670 472 1898 532; x_wconf 81' lang='lat' dir='ltr'><strong>arbitror,</strong></span> 
     </span>
     <span class='ocr_line' id='line_1_5' title="bbox 89 539 1902 609; baseline 0.003 -21"><span class='ocrx_word' id='word_1_27' title='bbox 89 555 213 606; x_wconf 87' lang='lat' dir='ltr'><strong>quae</strong></span> <span class='ocrx_word' id='word_1_28' title='bbox 240 539 476 603; x_wconf 73' lang='lat' dir='ltr'><strong>Georgius</strong></span> <span class='ocrx_word' id='word_1_29' title='bbox 501 556 564 588; x_wconf 86' lang='lat' dir='ltr'><strong>ex</strong></span> <span class='ocrx_word' id='word_1_30' title='bbox 587 539 796 605; x_wconf 80' lang='lat' dir='ltr'><strong>losepho</strong></span> <span class='ocrx_word' id='word_1_31' title='bbox 823 548 872 588; x_wconf 88' lang='lat' dir='ltr'><strong>et</strong></span> <span class='ocrx_word' id='word_1_32' title='bbox 903 540 1011 589; x_wconf 85' lang='lat' dir='ltr'><strong>aliis</strong></span> <span class='ocrx_word' id='word_1_33' title='bbox 1041 541 1100 590; x_wconf 90' lang='lat' dir='ltr'><strong>de</strong></span> <span class='ocrx_word' id='word_1_34' title='bbox 1132 542 1473 591; x_wconf 86' lang='lat' dir='ltr'><strong>aedificatione</strong></span> <span class='ocrx_word' id='word_1_35' title='bbox 1501 545 1655 592; x_wconf 88' lang='lat' dir='ltr'><strong>turris</strong></span> <span class='ocrx_word' id='word_1_36' title='bbox 1683 545 1902 609; x_wconf 84' lang='lat' dir='ltr'><strong>Babylo-</strong></span> 
     </span>
    </p>
   </div>
   <div class='ocr_carea' id='block_1_3' title="bbox 9 610 1902 679">
    <p class='ocr_par' dir='ltr' id='par_1_4' title="bbox 9 610 1902 679">
     <span class='ocr_line' id='line_1_6' title="bbox 9 610 1902 679; baseline 0.003 -19"><span class='ocrx_word' id='word_1_37' title='bbox 9 614 19 622; x_wconf 80' lang='lat'><strong>‘</strong></span> <span class='ocrx_word' id='word_1_38' title='bbox 63 610 228 672; x_wconf 58' lang='lat' dir='ltr'><strong>‚nicae</strong></span> <span class='ocrx_word' id='word_1_39' title='bbox 256 610 426 671; x_wconf 82' lang='lat' dir='ltr'><strong>tradit,</strong></span> <span class='ocrx_word' id='word_1_40' title='bbox 464 627 573 675; x_wconf 87' lang='lat' dir='ltr'>pag.</span> <span class='ocrx_word' id='word_1_41' title='bbox 601 610 671 663; x_wconf 81' lang='grc'>42</span> <span class='ocrx_word' id='word_1_42' title='bbox 695 637 765 648; x_wconf 95' lang='grc'>-</span> <span class='ocrx_word' id='word_1_43' title='bbox 786 610 882 671; x_wconf 81' lang='grc'><strong>44;</strong></span> <span class='ocrx_word' id='word_1_44' title='bbox 926 610 1153 675; x_wconf 83' lang='lat' dir='ltr'><strong>inprimis</strong></span> <span class='ocrx_word' id='word_1_45' title='bbox 1177 629 1404 662; x_wconf 90' lang='lat' dir='ltr'><strong>numerus</strong></span> <span class='ocrx_word' id='word_1_46' title='bbox 1435 612 1783 679; x_wconf 78' lang='lat' dir='ltr'><strong>quadraginta</strong></span> <span class='ocrx_word' id='word_1_47' title='bbox 1808 633 1902 665; x_wconf 83' lang='lat' dir='ltr'><strong>an-</strong></span> 
     </span>
    </p>
   </div>
   <div class='ocr_carea' id='block_1_4' title="bbox 30 680 1960 3556">
    <p class='ocr_par' dir='ltr' id='par_1_5' title="bbox 86 680 1960 1237">
     <span class='ocr_line' id='line_1_7' title="bbox 89 680 1903 748; baseline 0.002 -19"><span class='ocrx_word' id='word_1_48' title='bbox 89 697 293 743; x_wconf 85' lang='lat' dir='ltr'><strong>norum,</strong></span> <span class='ocrx_word' id='word_1_49' title='bbox 332 696 454 745; x_wconf 90' lang='lat' dir='ltr'><strong>quos</strong></span> <span class='ocrx_word' id='word_1_50' title='bbox 480 681 535 727; x_wconf 91' lang='lat' dir='ltr'><strong>in</strong></span> <span class='ocrx_word' id='word_1_51' title='bbox 568 680 696 728; x_wconf 89' lang='lat' dir='ltr'><strong>turri</strong></span> <span class='ocrx_word' id='word_1_52' title='bbox 733 680 1040 728; x_wconf 88' lang='lat' dir='ltr'><strong>aedificanda</strong></span> <span class='ocrx_word' id='word_1_53' title='bbox 1065 690 1269 747; x_wconf 81' lang='lat' dir='ltr'><strong>nepotes</strong></span> <span class='ocrx_word' id='word_1_54' title='bbox 1293 684 1422 730; x_wconf 72' lang='lat' dir='ltr'><strong>Noes</strong></span> <span class='ocrx_word' id='word_1_55' title='bbox 1447 701 1777 748; x_wconf 85' lang='lat' dir='ltr'><strong>perseverasse</strong></span> <span class='ocrx_word' id='word_1_56' title='bbox 1812 686 1903 733; x_wconf 86' lang='lat' dir='ltr'><strong>di-</strong></span> 
     </span>
     <span class='ocr_line' id='line_1_8' title="bbox 90 750 1904 821; baseline 0.003 -22"><span class='ocrx_word' id='word_1_57' title='bbox 90 758 288 802; x_wconf 85' lang='lat' dir='ltr'><strong>cuntur.</strong></span> <span class='ocrx_word' id='word_1_58' title='bbox 360 750 455 797; x_wconf 90' lang='lat' dir='ltr'><strong>Hic</strong></span> <span class='ocrx_word' id='word_1_59' title='bbox 484 750 611 798; x_wconf 90' lang='lat' dir='ltr'><strong>enim</strong></span> <span class='ocrx_word' id='word_1_60' title='bbox 636 767 873 799; x_wconf 88' lang='lat' dir='ltr'><strong>numerus</strong></span> <span class='ocrx_word' id='word_1_61' title='bbox 903 768 1064 816; x_wconf 88' lang='lat' dir='ltr'><strong>neque</strong></span> <span class='ocrx_word' id='word_1_62' title='bbox 1094 752 1148 799; x_wconf 89' lang='lat' dir='ltr'><strong>in</strong></span> <span class='ocrx_word' id='word_1_63' title='bbox 1182 752 1323 800; x_wconf 87' lang='lat' dir='ltr'><strong>libris</strong></span> <span class='ocrx_word' id='word_1_64' title='bbox 1349 754 1551 802; x_wconf 91' lang='lat' dir='ltr'><strong>Biblicis</strong></span> <span class='ocrx_word' id='word_1_65' title='bbox 1580 772 1739 820; x_wconf 89' lang='lat' dir='ltr'><strong>neque</strong></span> <span class='ocrx_word' id='word_1_66' title='bbox 1766 756 1904 821; x_wconf 87' lang='lat' dir='ltr'><strong>apud</strong></span> 
     </span>
     <span class='ocr_line' id='line_1_9' title="bbox 87 820 1901 890; baseline 0.003 -21"><span class='ocrx_word' id='word_1_67' title='bbox 87 820 348 886; x_wconf 87' lang='lat' dir='ltr'><strong>Iosephum</strong></span> <span class='ocrx_word' id='word_1_68' title='bbox 368 820 573 883; x_wconf 78' lang='lat' dir='ltr'><strong>legitur5</strong></span> <span class='ocrx_word' id='word_1_69' title='bbox 613 828 786 869; x_wconf 89' lang='lat' dir='ltr'><strong>auctor</strong></span> <span class='ocrx_word' id='word_1_70' title='bbox 807 839 928 870; x_wconf 89' lang='lat' dir='ltr'><strong>vero</strong></span> <span class='ocrx_word' id='word_1_71' title='bbox 954 839 1136 886; x_wconf 88' lang='lat' dir='ltr'><strong>parvae</strong></span> <span class='ocrx_word' id='word_1_72' title='bbox 1159 822 1402 871; x_wconf 87' lang='lat' dir='ltr'><strong>Geneseos</strong></span> <span class='ocrx_word' id='word_1_73' title='bbox 1426 841 1666 873; x_wconf 89' lang='lat' dir='ltr'><strong>summam</strong></span> <span class='ocrx_word' id='word_1_74' title='bbox 1690 826 1901 890; x_wconf 81' lang='lat' dir='ltr'><strong>diligen-</strong></span> 
     </span>
     <span class='ocr_line' id='line_1_10' title="bbox 88 891 1960 958; baseline 0.003 -19"><span class='ocrx_word' id='word_1_75' title='bbox 88 891 211 940; x_wconf 86' lang='lat' dir='ltr'><strong>tiam</strong></span> <span class='ocrx_word' id='word_1_76' title='bbox 234 891 287 939; x_wconf 91' lang='lat' dir='ltr'><strong>in</strong></span> <span class='ocrx_word' id='word_1_77' title='bbox 314 891 480 952; x_wconf 86' lang='lat' dir='ltr'><strong>annis,</strong></span> <span class='ocrx_word' id='word_1_78' title='bbox 516 891 764 939; x_wconf 88' lang='lat' dir='ltr'><strong>mensibus</strong></span> <span class='ocrx_word' id='word_1_79' title='bbox 789 891 1056 957; x_wconf 90' lang='lat' dir='ltr'><strong>diebusque</strong></span> <span class='ocrx_word' id='word_1_80' title='bbox 1078 892 1434 956; x_wconf 83' lang='lat' dir='ltr'><strong>distinguendis</strong></span> <span class='ocrx_word' id='word_1_81' title='bbox 1467 895 1647 958; x_wconf 89' lang='lat' dir='ltr'><strong>posuit.</strong></span> <span class='ocrx_word' id='word_1_82' title='bbox 1718 897 1904 944; x_wconf 87' lang='lat' dir='ltr'><strong>Confe-</strong></span> <span class='ocrx_word' id='word_1_83' title='bbox 1954 919 1960 924; x_wconf 92' lang='lat'><strong>·</strong></span> 
     </span>
     <span class='ocr_line' id='line_1_11' title="bbox 87 962 1900 1030; baseline 0.001 -19"><span class='ocrx_word' id='word_1_84' title='bbox 87 978 167 1011; x_wconf 81' lang='lat' dir='ltr'><strong>ras</strong></span> <span class='ocrx_word' id='word_1_85' title='bbox 199 968 393 1027; x_wconf 84' lang='lat' dir='ltr'><strong>praeter</strong></span> <span class='ocrx_word' id='word_1_86' title='bbox 429 962 716 1026; x_wconf 86' lang='lat' dir='ltr'><strong>Syncellum</strong></span> <span class='ocrx_word' id='word_1_87' title='bbox 755 979 807 1027; x_wconf 91' lang='lat' dir='ltr'><strong>p.</strong></span> <span class='ocrx_word' id='word_1_88' title='bbox 839 963 886 1016; x_wconf 86' lang='lat'><strong>4.</strong></span> <span class='ocrx_word' id='word_1_89' title='bbox 916 963 967 1016; x_wconf 88' lang='grc'><strong>5.</strong></span> <span class='ocrx_word' id='word_1_90' title='bbox 1000 966 1048 1016; x_wconf 90' lang='grc'><strong>8.</strong></span> <span class='ocrx_word' id='word_1_91' title='bbox 1089 963 1354 1026; x_wconf 87' lang='lat' dir='ltr'><strong>Georgium</strong></span> <span class='ocrx_word' id='word_1_92' title='bbox 1379 964 1665 1012; x_wconf 88' lang='lat' dir='ltr'><strong>Cedrenum</strong></span> <span class='ocrx_word' id='word_1_93' title='bbox 1676 983 1783 1030; x_wconf 85' lang='lat' dir='ltr'><strong>pag.</strong></span> <span class='ocrx_word' id='word_1_94' title='bbox 1817 970 1900 1020; x_wconf 86' lang='lat'><strong>38.</strong></span> 
     </span>
     <span class='ocr_line' id='line_1_12' title="bbox 88 1031 1901 1098; baseline 0.003 -18"><span class='ocrx_word' id='word_1_95' title='bbox 88 1035 172 1087; x_wconf 82' lang='lat'><strong>39.</strong></span> <span class='ocrx_word' id='word_1_96' title='bbox 213 1049 312 1096; x_wconf 91' lang='lat' dir='ltr'><strong>quo</strong></span> <span class='ocrx_word' id='word_1_97' title='bbox 341 1032 453 1079; x_wconf 92' lang='lat' dir='ltr'><strong>loco</strong></span> <span class='ocrx_word' id='word_1_98' title='bbox 477 1032 655 1096; x_wconf 89' lang='lat' dir='ltr'><strong>cuique</strong></span> <span class='ocrx_word' id='word_1_99' title='bbox 678 1031 844 1080; x_wconf 89' lang='lat' dir='ltr'><strong>decem</strong></span> <span class='ocrx_word' id='word_1_100' title='bbox 867 1033 1123 1097; x_wconf 85' lang='lat' dir='ltr'><strong>plagarum</strong></span> <span class='ocrx_word' id='word_1_101' title='bbox 1145 1032 1497 1098; x_wconf 85' lang='lat' dir='ltr'><strong>Aegyptiarum</strong></span> <span class='ocrx_word' id='word_1_102' title='bbox 1519 1052 1734 1082; x_wconf 88' lang='lat' dir='ltr'><strong>mensem</strong></span> <span class='ocrx_word' id='word_1_103' title='bbox 1757 1037 1901 1085; x_wconf 88' lang='lat' dir='ltr'><strong>suum</strong></span> 
     </span>
     <span class='ocr_line' id='line_1_13' title="bbox 88 1101 1901 1169; baseline 0.003 -19"><span class='ocrx_word' id='word_1_104' title='bbox 88 1101 274 1151; x_wconf 86' lang='lat' dir='ltr'><strong>definit.</strong></span> <span class='ocrx_word' id='word_1_105' title='bbox 330 1102 393 1150; x_wconf 85' lang='lat' dir='ltr'><strong>Et</strong></span> <span class='ocrx_word' id='word_1_106' title='bbox 415 1103 476 1150; x_wconf 90' lang='lat' dir='ltr'><strong>de</strong></span> <span class='ocrx_word' id='word_1_107' title='bbox 502 1102 841 1150; x_wconf 85' lang='lat' dir='ltr'><strong>aedificatione</strong></span> <span class='ocrx_word' id='word_1_108' title='bbox 865 1104 1017 1151; x_wconf 76' lang='lat' dir='ltr'><strong>tuiris</strong></span> <span class='ocrx_word' id='word_1_109' title='bbox 1043 1103 1095 1151; x_wconf 91' lang='lat' dir='ltr'><strong>in</strong></span> <span class='ocrx_word' id='word_1_110' title='bbox 1123 1120 1277 1169; x_wconf 89' lang='lat' dir='ltr'><strong>parva</strong></span> <span class='ocrx_word' id='word_1_111' title='bbox 1310 1105 1487 1153; x_wconf 89' lang='lat' dir='ltr'><strong>Genesi</strong></span> <span class='ocrx_word' id='word_1_112' title='bbox 1519 1106 1755 1169; x_wconf 84' lang='lat' dir='ltr'><strong>quaedam</strong></span> <span class='ocrx_word' id='word_1_113' title='bbox 1781 1124 1901 1156; x_wconf 87' lang='lat' dir='ltr'><strong>nar-</strong></span> 
     </span>
     <span class='ocr_line' id='line_1_14' title="bbox 86 1172 1116 1237; baseline 0 -16"><span class='ocrx_word' id='word_1_114' title='bbox 86 1179 193 1221; x_wconf 85' lang='lat' dir='ltr'><strong>rata</strong></span> <span class='ocrx_word' id='word_1_115' title='bbox 216 1172 390 1235; x_wconf 86' lang='lat' dir='ltr'><strong>fuisse,</strong></span> <span class='ocrx_word' id='word_1_116' title='bbox 426 1180 636 1220; x_wconf 87' lang='lat' dir='ltr'><strong>testatur</strong></span> <span class='ocrx_word' id='word_1_117' title='bbox 662 1173 991 1237; x_wconf 86' lang='lat' dir='ltr'><strong>Hieronymus</strong></span> <span class='ocrx_word' id='word_1_118' title='bbox 1012 1175 1047 1221; x_wconf 91' lang='lat' dir='ltr'><strong>l.</strong></span> <span class='ocrx_word' id='word_1_119' title='bbox 1075 1191 1116 1222; x_wconf 93' lang='lat' dir='ltr'><strong>c.</strong></span> 
     </span>
    </p>

    <p class='ocr_par' dir='ltr' id='par_1_6' title="bbox 52 1243 1906 1520">
     <span class='ocr_line' id='line_1_15' title="bbox 224 1243 1905 1310; baseline 0.004 -21.004"><span class='ocrx_word' id='word_1_120' title='bbox 224 1243 406 1291; x_wconf 85' lang='lat' dir='ltr'><strong>Notatu</strong></span> <span class='ocrx_word' id='word_1_121' title='bbox 432 1243 647 1307; x_wconf 84' lang='lat' dir='ltr'><strong>dignum</strong></span> <span class='ocrx_word' id='word_1_122' title='bbox 681 1251 783 1304; x_wconf 88' lang='lat' dir='ltr'><strong>est,</strong></span> <span class='ocrx_word' id='word_1_123' title='bbox 833 1245 1044 1308; x_wconf 87' lang='lat' dir='ltr'><strong>quodvis</strong></span> <span class='ocrx_word' id='word_1_124' title='bbox 1071 1245 1174 1292; x_wconf 88' lang='lat' dir='ltr'><strong>fere</strong></span> <span class='ocrx_word' id='word_1_125' title='bbox 1207 1244 1444 1308; x_wconf 86' lang='lat' dir='ltr'><strong>temporis</strong></span> <span class='ocrx_word' id='word_1_126' title='bbox 1479 1245 1743 1309; x_wconf 87' lang='lat' dir='ltr'><strong>spatium,</strong></span> <span class='ocrx_word' id='word_1_127' title='bbox 1769 1246 1905 1310; x_wconf 86' lang='lat' dir='ltr'><strong>quod</strong></span> 
     </span>
     <span class='ocr_line' id='line_1_16' title="bbox 85 1313 1905 1381; baseline 0.002 -21"><span class='ocrx_word' id='word_1_128' title='bbox 85 1313 139 1360; x_wconf 89' lang='lat' dir='ltr'><strong>in</strong></span> <span class='ocrx_word' id='word_1_129' title='bbox 164 1313 306 1362; x_wconf 88' lang='lat' dir='ltr'><strong>libris</strong></span> <span class='ocrx_word' id='word_1_130' title='bbox 328 1313 525 1362; x_wconf 88' lang='lat' dir='ltr'><strong>biblicis</strong></span> <span class='ocrx_word' id='word_1_131' title='bbox 555 1331 657 1361; x_wconf 90' lang='lat' dir='ltr'><strong>non</strong></span> <span class='ocrx_word' id='word_1_132' title='bbox 683 1314 942 1361; x_wconf 88' lang='lat' dir='ltr'><strong>definitum</strong></span> <span class='ocrx_word' id='word_1_133' title='bbox 967 1314 1057 1375; x_wconf 89' lang='lat' dir='ltr'><strong>sit,</strong></span> <span class='ocrx_word' id='word_1_134' title='bbox 1094 1314 1152 1360; x_wconf 92' lang='lat' dir='ltr'><strong>ab</strong></span> <span class='ocrx_word' id='word_1_135' title='bbox 1178 1314 1461 1362; x_wconf 83' lang='lat' dir='ltr'><strong>auctoribus</strong></span> <span class='ocrx_word' id='word_1_136' title='bbox 1487 1315 1905 1381; x_wconf 86' lang='lat' dir='ltr'><strong>Apocryphorum</strong></span> 
     </span>
     <span class='ocr_line' id='line_1_17' title="bbox 88 1383 1906 1451; baseline 0.003 -20"><span class='ocrx_word' id='word_1_137' title='bbox 88 1400 295 1432; x_wconf 89' lang='lat' dir='ltr'><strong>numero</strong></span> <span class='ocrx_word' id='word_1_138' title='bbox 323 1393 502 1448; x_wconf 77' lang='lat' dir='ltr'><strong>quater</strong></span> <span class='ocrx_word' id='word_1_139' title='bbox 526 1383 767 1434; x_wconf 73' lang='lat' dir='ltr'><strong>denorum</strong></span> <span class='ocrx_word' id='word_1_140' title='bbox 789 1384 998 1446; x_wconf 83' lang='lat' dir='ltr'><strong>definiri,</strong></span> <span class='ocrx_word' id='word_1_141' title='bbox 1037 1385 1122 1449; x_wconf 90' lang='lat' dir='ltr'><strong>qui</strong></span> <span class='ocrx_word' id='word_1_142' title='bbox 1150 1391 1199 1431; x_wconf 89' lang='lat' dir='ltr'><strong>et</strong></span> <span class='ocrx_word' id='word_1_143' title='bbox 1219 1384 1274 1431; x_wconf 92' lang='lat' dir='ltr'><strong>in</strong></span> <span class='ocrx_word' id='word_1_144' title='bbox 1294 1385 1493 1451; x_wconf 91' lang='lat' dir='ltr'><strong>scriptis</strong></span> <span class='ocrx_word' id='word_1_145' title='bbox 1521 1386 1712 1434; x_wconf 87' lang='lat' dir='ltr'><strong>biblicis</strong></span> <span class='ocrx_word' id='word_1_146' title='bbox 1744 1388 1906 1436; x_wconf 76' lang='lat' dir='ltr'><strong>multo</strong></span> 
     </span>
     <span class='ocr_line' id='line_1_18' title="bbox 52 1453 1218 1520; baseline -0.001 -19"><span class='ocrx_word' id='word_1_147' title='bbox 52 1510 55 1511; x_wconf 16' lang='lat'><em>⁷</em></span> <span class='ocrx_word' id='word_1_148' title='bbox 87 1453 309 1520; x_wconf 82' lang='lat' dir='ltr'><strong>saepius,</strong></span> <span class='ocrx_word' id='word_1_149' title='bbox 345 1471 492 1518; x_wconf 88' lang='lat' dir='ltr'><strong>quam</strong></span> <span class='ocrx_word' id='word_1_150' title='bbox 525 1455 701 1502; x_wconf 87' lang='lat' dir='ltr'><strong>caeteri</strong></span> <span class='ocrx_word' id='word_1_151' title='bbox 727 1454 947 1517; x_wconf 88' lang='lat' dir='ltr'><strong>numeri,</strong></span> <span class='ocrx_word' id='word_1_152' title='bbox 984 1454 1218 1503; x_wconf 89' lang='lat' dir='ltr'><strong>occurrit.</strong></span> 
     </span>
    </p>

    <p class='ocr_par' dir='ltr' id='par_1_7' title="bbox 87 1523 1904 1660">
     <span class='ocr_line' id='line_1_19' title="bbox 228 1523 1904 1589; baseline 0.003 -18"><span class='ocrx_word' id='word_1_153' title='bbox 228 1524 314 1571; x_wconf 88' lang='lat' dir='ltr'><strong>Die</strong></span> <span class='ocrx_word' id='word_1_154' title='bbox 355 1523 746 1589; x_wconf 73' lang='lat' dir='ltr'><strong>quadragesimo</strong></span> <span class='ocrx_word' id='word_1_155' title='bbox 778 1525 950 1572; x_wconf 84' lang='lat' dir='ltr'><strong>aetatis</strong></span> <span class='ocrx_word' id='word_1_156' title='bbox 986 1542 1103 1573; x_wconf 89' lang='lat' dir='ltr'><strong>suae</strong></span> <span class='ocrx_word' id='word_1_157' title='bbox 1140 1523 1298 1571; x_wconf 87' lang='lat' dir='ltr'><strong>Adam</strong></span> <span class='ocrx_word' id='word_1_158' title='bbox 1336 1541 1363 1572; x_wconf 89' lang='lat' dir='ltr'><strong>a</strong></span> <span class='ocrx_word' id='word_1_159' title='bbox 1395 1524 1495 1572; x_wconf 88' lang='lat' dir='ltr'><strong>Deo</strong></span> <span class='ocrx_word' id='word_1_160' title='bbox 1533 1524 1589 1572; x_wconf 79' lang='lat' dir='ltr'><strong>in</strong></span> <span class='ocrx_word' id='word_1_161' title='bbox 1614 1526 1904 1576; x_wconf 80' lang='lat' dir='ltr'><strong>Paradisum</strong></span> 
     </span>
     <span class='ocr_line' id='line_1_20' title="bbox 87 1593 1030 1660; baseline 0.001 -19"><span class='ocrx_word' id='word_1_162' title='bbox 87 1593 359 1658; x_wconf 75' lang='lat' dir='ltr'><strong>inducitur.</strong></span> <span class='ocrx_word' id='word_1_163' title='bbox 397 1595 569 1658; x_wconf 82' lang='lat' dir='ltr'><strong>Georg.</strong></span> <span class='ocrx_word' id='word_1_164' title='bbox 594 1597 740 1660; x_wconf 89' lang='lat' dir='ltr'><strong>Sync.</strong></span> <span class='ocrx_word' id='word_1_165' title='bbox 760 1611 875 1660; x_wconf 80' lang='lat' dir='ltr'><strong>pag.</strong></span> <span class='ocrx_word' id='word_1_166' title='bbox 904 1595 952 1647; x_wconf 88' lang='grc'>5.</span> <span class='ocrx_word' id='word_1_167' title='bbox 978 1596 1030 1642; x_wconf 92' lang='lat' dir='ltr'><strong>C.</strong></span> 
     </span>
    </p>

    <p class='ocr_par' dir='ltr' id='par_1_8' title="bbox 93 1663 1905 1800">
     <span class='ocr_line' id='line_1_21' title="bbox 229 1663 1905 1730; baseline 0.001 -18"><span class='ocrx_word' id='word_1_168' title='bbox 229 1666 337 1712; x_wconf 87' lang='lat' dir='ltr'><strong>Dies</strong></span> <span class='ocrx_word' id='word_1_169' title='bbox 362 1664 706 1730; x_wconf 69' lang='lat' dir='ltr'><strong>quadraginta</strong></span> <span class='ocrx_word' id='word_1_170' title='bbox 728 1673 845 1730; x_wconf 86' lang='lat' dir='ltr'><strong>post</strong></span> <span class='ocrx_word' id='word_1_171' title='bbox 867 1665 1110 1713; x_wconf 89' lang='lat' dir='ltr'><strong>Adamum</strong></span> <span class='ocrx_word' id='word_1_172' title='bbox 1133 1665 1236 1715; x_wconf 84' lang='lat' dir='ltr'><strong>Eva</strong></span> <span class='ocrx_word' id='word_1_173' title='bbox 1255 1664 1308 1712; x_wconf 91' lang='lat' dir='ltr'><strong>in</strong></span> <span class='ocrx_word' id='word_1_174' title='bbox 1329 1663 1616 1730; x_wconf 82' lang='lat' dir='ltr'><strong>paradisum</strong></span> <span class='ocrx_word' id='word_1_175' title='bbox 1636 1664 1905 1715; x_wconf 89' lang='lat' dir='ltr'><strong>inducitur.</strong></span> 
     </span>
     <span class='ocr_line' id='line_1_22' title="bbox 93 1736 570 1800; baseline 0.002 -17"><span class='ocrx_word' id='word_1_176' title='bbox 93 1736 269 1798; x_wconf 87' lang='lat' dir='ltr'><strong>Georg.</strong></span> <span class='ocrx_word' id='word_1_177' title='bbox 292 1752 399 1800; x_wconf 84' lang='lat' dir='ltr'><strong>pag.</strong></span> <span class='ocrx_word' id='word_1_178' title='bbox 432 1736 480 1789; x_wconf 91' lang='lat'><strong>5.</strong></span> <span class='ocrx_word' id='word_1_179' title='bbox 513 1737 570 1784; x_wconf 90' lang='lat' dir='ltr'><strong>D.</strong></span> 
     </span>
    </p>

    <p class='ocr_par' dir='ltr' id='par_1_9' title="bbox 87 1805 1906 2013">
     <span class='ocr_line' id='line_1_23' title="bbox 228 1805 1906 1872; baseline 0.001 -19"><span class='ocrx_word' id='word_1_180' title='bbox 228 1805 346 1854; x_wconf 77' lang='lat' dir='ltr'><strong>Seth</strong></span> <span class='ocrx_word' id='word_1_181' title='bbox 378 1813 482 1853; x_wconf 84' lang='lat' dir='ltr'><strong>erat</strong></span> <span class='ocrx_word' id='word_1_182' title='bbox 522 1805 873 1872; x_wconf 75' lang='lat' dir='ltr'><strong>qnadraginta</strong></span> <span class='ocrx_word' id='word_1_183' title='bbox 910 1824 1178 1868; x_wconf 86' lang='lat' dir='ltr'><strong>annorum,</strong></span> <span class='ocrx_word' id='word_1_184' title='bbox 1228 1823 1383 1871; x_wconf 89' lang='lat' dir='ltr'><strong>quum</strong></span> <span class='ocrx_word' id='word_1_185' title='bbox 1417 1805 1477 1853; x_wconf 86' lang='lat' dir='ltr'><strong>ab</strong></span> <span class='ocrx_word' id='word_1_186' title='bbox 1515 1805 1697 1870; x_wconf 83' lang='lat' dir='ltr'><strong>angelis</strong></span> <span class='ocrx_word' id='word_1_187' title='bbox 1729 1813 1906 1871; x_wconf 83' lang='lat' dir='ltr'><strong>raptus</strong></span> 
     </span>
     <span class='ocr_line' id='line_1_24' title="bbox 90 1876 1906 1943; baseline -0.001 -18"><span class='ocrx_word' id='word_1_188' title='bbox 90 1876 329 1926; x_wconf 85' lang='lat' dir='ltr'><strong>derebus</strong></span> <span class='ocrx_word' id='word_1_189' title='bbox 362 1877 543 1925; x_wconf 83' lang='lat' dir='ltr'><strong>futuris</strong></span> <span class='ocrx_word' id='word_1_190' title='bbox 581 1877 896 1940; x_wconf 82' lang='lat' dir='ltr'><strong>edoceretur3</strong></span> <span class='ocrx_word' id='word_1_191' title='bbox 935 1886 983 1926; x_wconf 87' lang='lat' dir='ltr'><strong>et</strong></span> <span class='ocrx_word' id='word_1_192' title='bbox 1021 1876 1370 1943; x_wconf 75' lang='lat' dir='ltr'><strong>quadraginta</strong></span> <span class='ocrx_word' id='word_1_193' title='bbox 1406 1877 1508 1926; x_wconf 87' lang='lat' dir='ltr'><strong>dies</strong></span> <span class='ocrx_word' id='word_1_194' title='bbox 1538 1877 1598 1925; x_wconf 90' lang='lat' dir='ltr'><strong>ab</strong></span> <span class='ocrx_word' id='word_1_195' title='bbox 1621 1876 1906 1925; x_wconf 89' lang='lat' dir='ltr'><strong>hominibus</strong></span> 
     </span>
     <span class='ocr_line' id='line_1_25' title="bbox 87 1947 1034 2013; baseline 0.002 -17"><span class='ocrx_word' id='word_1_196' title='bbox 87 1963 188 1996; x_wconf 90' lang='lat' dir='ltr'><strong>non</strong></span> <span class='ocrx_word' id='word_1_197' title='bbox 212 1947 350 1995; x_wconf 86' lang='lat' dir='ltr'><strong>visus</strong></span> <span class='ocrx_word' id='word_1_198' title='bbox 379 1955 464 1996; x_wconf 90' lang='lat' dir='ltr'><strong>est.</strong></span> <span class='ocrx_word' id='word_1_199' title='bbox 505 1948 679 2012; x_wconf 88' lang='lat' dir='ltr'><strong>Georg.</strong></span> <span class='ocrx_word' id='word_1_200' title='bbox 704 1966 756 2013; x_wconf 91' lang='lat' dir='ltr'><strong>p.</strong></span> <span class='ocrx_word' id='word_1_201' title='bbox 786 1954 866 2003; x_wconf 89' lang='lat'><strong>10.</strong></span> <span class='ocrx_word' id='word_1_202' title='bbox 900 1947 958 1997; x_wconf 90' lang='lat' dir='ltr'><strong>A.</strong></span> <span class='ocrx_word' id='word_1_203' title='bbox 979 1949 1034 1999; x_wconf 90' lang='grc' dir='ltr'>Β.</span> 
     </span>
    </p>

    <p class='ocr_par' dir='ltr' id='par_1_10' title="bbox 88 2016 1909 2152">
     <span class='ocr_line' id='line_1_26' title="bbox 231 2016 1909 2084; baseline 0.001 -18"><span class='ocrx_word' id='word_1_204' title='bbox 231 2016 591 2084; x_wconf 79' lang='lat' dir='ltr'><strong>Quadraginta</strong></span> <span class='ocrx_word' id='word_1_205' title='bbox 650 2035 743 2084; x_wconf 92' lang='lat' dir='ltr'><strong>per</strong></span> <span class='ocrx_word' id='word_1_206' title='bbox 802 2036 956 2067; x_wconf 87' lang='lat' dir='ltr'><strong>annos</strong></span> <span class='ocrx_word' id='word_1_207' title='bbox 1005 2017 1183 2068; x_wconf 85' lang='lat' dir='ltr'><strong>turrim</strong></span> <span class='ocrx_word' id='word_1_208' title='bbox 1228 2016 1601 2082; x_wconf 85' lang='lat' dir='ltr'><strong>Babylonioam.</strong></span> <span class='ocrx_word' id='word_1_209' title='bbox 1627 2016 1909 2067; x_wconf 85' lang='lat' dir='ltr'><strong>aedificant.</strong></span> 
     </span>
     <span class='ocr_line' id='line_1_27' title="bbox 88 2083 738 2152; baseline 0.005 -16"><span class='ocrx_word' id='word_1_210' title='bbox 88 2087 260 2152; x_wconf 82' lang='lat' dir='ltr'><strong>Georg.</strong></span> <span class='ocrx_word' id='word_1_211' title='bbox 285 2089 368 2142; x_wconf 81' lang='lat'><strong>42.</strong></span> <span class='ocrx_word' id='word_1_212' title='bbox 392 2089 444 2138; x_wconf 90' lang='lat' dir='ltr'><strong>C.</strong></span> <span class='ocrx_word' id='word_1_213' title='bbox 735 2083 738 2086; x_wconf 11' lang='grc' dir='ltr'><strong><em>Δ</em></strong></span> 
     </span>
    </p>

    <p class='ocr_par' dir='ltr' id='par_1_11' title="bbox 86 2155 1903 2295">
     <span class='ocr_line' id='line_1_28' title="bbox 224 2155 1903 2224; baseline -0.002 -17"><span class='ocrx_word' id='word_1_214' title='bbox 224 2158 403 2223; x_wconf 89' lang='lat' dir='ltr'><strong>Ioseph</strong></span> <span class='ocrx_word' id='word_1_215' title='bbox 431 2157 796 2224; x_wconf 66' lang='lat' dir='ltr'><strong>‚quadraginta</strong></span> <span class='ocrx_word' id='word_1_216' title='bbox 820 2175 1063 2208; x_wconf 86' lang='lat' dir='ltr'><strong>annorum</strong></span> <span class='ocrx_word' id='word_1_217' title='bbox 1089 2165 1223 2222; x_wconf 89' lang='lat' dir='ltr'><strong>erat,</strong></span> <span class='ocrx_word' id='word_1_218' title='bbox 1261 2174 1416 2223; x_wconf 92' lang='lat' dir='ltr'><strong>quum</strong></span> <span class='ocrx_word' id='word_1_219' title='bbox 1450 2164 1593 2223; x_wconf 88' lang='lat' dir='ltr'><strong>pater</strong></span> <span class='ocrx_word' id='word_1_220' title='bbox 1626 2156 1731 2205; x_wconf 89' lang='lat' dir='ltr'><strong>eius</strong></span> <span class='ocrx_word' id='word_1_221' title='bbox 1757 2155 1903 2205; x_wconf 88' lang='lat' dir='ltr'><strong>Iacob</strong></span> 
     </span>
     <span class='ocr_line' id='line_1_29' title="bbox 86 2228 1154 2295; baseline 0.002 -18"><span class='ocrx_word' id='word_1_222' title='bbox 86 2228 139 2277; x_wconf 89' lang='lat' dir='ltr'><strong>in</strong></span> <span class='ocrx_word' id='word_1_223' title='bbox 165 2229 442 2294; x_wconf 84' lang='lat' dir='ltr'><strong>Aegyptum</strong></span> <span class='ocrx_word' id='word_1_224' title='bbox 468 2229 620 2291; x_wconf 77' lang='lat' dir='ltr'><strong>venit.</strong></span> <span class='ocrx_word' id='word_1_225' title='bbox 674 2231 851 2294; x_wconf 85' lang='lat' dir='ltr'><strong>Georg.</strong></span> <span class='ocrx_word' id='word_1_226' title='bbox 876 2248 925 2295; x_wconf 88' lang='lat' dir='ltr'><strong>p.</strong></span> <span class='ocrx_word' id='word_1_227' title='bbox 953 2234 1068 2283; x_wconf 88' lang='lat'><strong>107.</strong></span> <span class='ocrx_word' id='word_1_228' title='bbox 1101 2230 1154 2279; x_wconf 93' lang='lat' dir='ltr'><strong>C.</strong></span> 
     </span>
    </p>

    <p class='ocr_par' dir='ltr' id='par_1_12' title="bbox 30 2296 1910 2927">
     <span class='ocr_line' id='line_1_30' title="bbox 227 2296 1903 2364; baseline -0.001 -17"><span class='ocrx_word' id='word_1_229' title='bbox 227 2300 388 2347; x_wconf 84' lang='lat' dir='ltr'><strong>Moses</strong></span> <span class='ocrx_word' id='word_1_230' title='bbox 416 2299 766 2364; x_wconf 71' lang='lat' dir='ltr'><strong>quadraginta</strong></span> <span class='ocrx_word' id='word_1_231' title='bbox 793 2316 1037 2348; x_wconf 89' lang='lat' dir='ltr'><strong>annorum</strong></span> <span class='ocrx_word' id='word_1_232' title='bbox 1066 2300 1189 2359; x_wconf 85' lang='lat' dir='ltr'><strong>fuit,</strong></span> <span class='ocrx_word' id='word_1_233' title='bbox 1228 2314 1381 2362; x_wconf 90' lang='lat' dir='ltr'><strong>quum</strong></span> <span class='ocrx_word' id='word_1_234' title='bbox 1405 2297 1625 2361; x_wconf 83' lang='lat' dir='ltr'><strong>Aegypto</strong></span> <span class='ocrx_word' id='word_1_235' title='bbox 1651 2296 1826 2344; x_wconf 86' lang='lat' dir='ltr'><strong>relicta</strong></span> <span class='ocrx_word' id='word_1_236' title='bbox 1849 2297 1903 2345; x_wconf 92' lang='lat' dir='ltr'><strong>in</strong></span> 
     </span>
     <span class='ocr_line' id='line_1_31' title="bbox 88 2369 1904 2435; baseline -0.003 -16"><span class='ocrx_word' id='word_1_237' title='bbox 88 2378 272 2419; x_wconf 85' lang='lat' dir='ltr'><strong>terram</strong></span> <span class='ocrx_word' id='word_1_238' title='bbox 309 2369 521 2419; x_wconf 88' lang='lat' dir='ltr'><strong>Madiam</strong></span> <span class='ocrx_word' id='word_1_239' title='bbox 551 2371 802 2433; x_wconf 80' lang='lat' dir='ltr'><strong>consugit3</strong></span> <span class='ocrx_word' id='word_1_240' title='bbox 836 2370 1006 2435; x_wconf 88' lang='lat' dir='ltr'><strong>ibique</strong></span> <span class='ocrx_word' id='word_1_241' title='bbox 1035 2369 1383 2433; x_wconf 77' lang='lat' dir='ltr'><strong>quadraginta</strong></span> <span class='ocrx_word' id='word_1_242' title='bbox 1419 2384 1510 2432; x_wconf 91' lang='lat' dir='ltr'><strong>per</strong></span> <span class='ocrx_word' id='word_1_243' title='bbox 1536 2384 1690 2414; x_wconf 89' lang='lat' dir='ltr'><strong>annos</strong></span> <span class='ocrx_word' id='word_1_244' title='bbox 1722 2383 1904 2430; x_wconf 82' lang='lat' dir='ltr'><strong>pecora</strong></span> 
     </span>
     <span class='ocr_line' id='line_1_32' title="bbox 85 2437 1906 2507; baseline -0.002 -20"><span class='ocrx_word' id='word_1_245' title='bbox 85 2440 260 2507; x_wconf 84' lang='lat' dir='ltr'><strong>pascit.</strong></span> <span class='ocrx_word' id='word_1_246' title='bbox 313 2439 495 2503; x_wconf 86' lang='lat' dir='ltr'><strong>Georg.</strong></span> <span class='ocrx_word' id='word_1_247' title='bbox 531 2457 580 2503; x_wconf 79' lang='lat' dir='ltr'><strong>p.</strong></span> <span class='ocrx_word' id='word_1_248' title='bbox 614 2444 728 2493; x_wconf 91' lang='grc'>122.</span> <span class='ocrx_word' id='word_1_249' title='bbox 748 2440 805 2488; x_wconf 88' lang='grc' dir='ltr'><strong>Α.</strong></span> <span class='ocrx_word' id='word_1_250' title='bbox 846 2468 908 2475; x_wconf 90' lang='grc'><strong>-</strong></span> <span class='ocrx_word' id='word_1_251' title='bbox 949 2441 1007 2487; x_wconf 90' lang='lat' dir='ltr'><strong>In</strong></span> <span class='ocrx_word' id='word_1_252' title='bbox 1031 2437 1367 2487; x_wconf 81' lang='lat' dir='ltr'><strong>Pentateucho</strong></span> <span class='ocrx_word' id='word_1_253' title='bbox 1393 2437 1491 2484; x_wconf 91' lang='lat' dir='ltr'><strong>hoc</strong></span> <span class='ocrx_word' id='word_1_254' title='bbox 1521 2437 1670 2484; x_wconf 90' lang='lat' dir='ltr'><strong>modo</strong></span> <span class='ocrx_word' id='word_1_255' title='bbox 1699 2437 1906 2499; x_wconf 87' lang='lat' dir='ltr'><strong>legitur:</strong></span> 
     </span>
     <span class='ocr_line' id='line_1_33' title="bbox 88 2508 1907 2567; baseline -0.002 -9"><span class='ocrx_word' id='word_1_256' title='bbox 88 2513 436 2561; x_wconf 87' lang='lat' dir='ltr'><strong>Deuteronom.</strong></span> <span class='ocrx_word' id='word_1_257' title='bbox 473 2510 559 2562; x_wconf 85' lang='lat'><strong>34.</strong></span> <span class='ocrx_word' id='word_1_258' title='bbox 595 2515 654 2562; x_wconf 87' lang='lat'><strong>7:</strong></span> <span class='ocrx_word' id='word_1_259' title='bbox 703 2510 872 2557; x_wconf 90' lang='lat' dir='ltr'><strong>Mosen</strong></span> <span class='ocrx_word' id='word_1_260' title='bbox 922 2527 1052 2556; x_wconf 88' lang='lat' dir='ltr'><strong>anno</strong></span> <span class='ocrx_word' id='word_1_261' title='bbox 1090 2514 1192 2562; x_wconf 83' lang='lat'><strong>120</strong></span> <span class='ocrx_word' id='word_1_262' title='bbox 1227 2508 1359 2556; x_wconf 85' lang='lat' dir='ltr'><strong>vitae</strong></span> <span class='ocrx_word' id='word_1_263' title='bbox 1387 2514 1640 2555; x_wconf 81' lang='lat' dir='ltr'><strong>mortuum</strong></span> <span class='ocrx_word' id='word_1_264' title='bbox 1678 2522 1807 2567; x_wconf 81' lang='lat' dir='ltr'><strong>esse3</strong></span> <span class='ocrx_word' id='word_1_265' title='bbox 1858 2515 1907 2555; x_wconf 89' lang='lat' dir='ltr'><strong>et</strong></span> 
     </span>
     <span class='ocr_line' id='line_1_34' title="bbox 30 2577 1910 2643; baseline -0.002 -15"><span class='ocrx_word' id='word_1_266' title='bbox 30 2586 36 2592; x_wconf 85' lang='lat'>&#39;</span> <span class='ocrx_word' id='word_1_267' title='bbox 86 2581 354 2629; x_wconf 87' lang='lat' dir='ltr'><strong>Deuteron.</strong></span> <span class='ocrx_word' id='word_1_268' title='bbox 396 2586 444 2633; x_wconf 88' lang='grc'><strong>2.</strong></span> <span class='ocrx_word' id='word_1_269' title='bbox 479 2586 540 2632; x_wconf 88' lang='lat'><strong>7:</strong></span> <span class='ocrx_word' id='word_1_270' title='bbox 579 2580 900 2643; x_wconf 77' lang='lat' dir='ltr'><strong>quadraginta</strong></span> <span class='ocrx_word' id='word_1_271' title='bbox 937 2597 1093 2627; x_wconf 88' lang='lat' dir='ltr'><strong>annos</strong></span> <span class='ocrx_word' id='word_1_272' title='bbox 1130 2579 1373 2626; x_wconf 88' lang='lat' dir='ltr'><strong>Israelitas</strong></span> <span class='ocrx_word' id='word_1_273' title='bbox 1409 2595 1436 2624; x_wconf 87' lang='lat' dir='ltr'><strong>a</strong></span> <span class='ocrx_word' id='word_1_274' title='bbox 1462 2577 1595 2625; x_wconf 89' lang='lat' dir='ltr'><strong>Mose</strong></span> <span class='ocrx_word' id='word_1_275' title='bbox 1619 2577 1910 2641; x_wconf 74' lang='lat' dir='ltr'><strong>per‘Arabi-</strong></span> 
     </span>
     <span class='ocr_line' id='line_1_35' title="bbox 89 2647 1905 2710; baseline -0.003 -11"><span class='ocrx_word' id='word_1_276' title='bbox 89 2669 203 2699; x_wconf 92' lang='lat' dir='ltr'><strong>cum</strong></span> <span class='ocrx_word' id='word_1_277' title='bbox 238 2651 494 2708; x_wconf 15' lang='lat' dir='ltr'><strong>desertum&gt;</strong></span> <span class='ocrx_word' id='word_1_278' title='bbox 518 2650 693 2698; x_wconf 90' lang='lat' dir='ltr'><strong>ductos</strong></span> <span class='ocrx_word' id='word_1_279' title='bbox 723 2667 836 2702; x_wconf 87' lang='lat' dir='ltr'><strong>esse.</strong></span> <span class='ocrx_word' id='word_1_280' title='bbox 909 2651 984 2698; x_wconf 85' lang='lat' dir='ltr'><strong>Ex</strong></span> <span class='ocrx_word' id='word_1_281' title='bbox 1019 2649 1097 2696; x_wconf 82' lang='lat' dir='ltr'><strong>his</strong></span> <span class='ocrx_word' id='word_1_282' title='bbox 1133 2648 1299 2697; x_wconf 82' lang='lat' dir='ltr'><strong>verbis</strong></span> <span class='ocrx_word' id='word_1_283' title='bbox 1339 2648 1644 2710; x_wconf 88' lang='lat' dir='ltr'><strong>collegerunt</strong></span> <span class='ocrx_word' id='word_1_284' title='bbox 1680 2647 1905 2709; x_wconf 85' lang='lat' dir='ltr'><strong>Hebraei,</strong></span> 
     </span>
     <span class='ocr_line' id='line_1_36' title="bbox 92 2717 1908 2784; baseline -0.003 -15"><span class='ocrx_word' id='word_1_285' title='bbox 92 2739 248 2769; x_wconf 91' lang='lat' dir='ltr'><strong>annos</strong></span> <span class='ocrx_word' id='word_1_286' title='bbox 273 2721 523 2784; x_wconf 82' lang='lat' dir='ltr'><strong>octoginta</strong></span> <span class='ocrx_word' id='word_1_287' title='bbox 557 2728 796 2768; x_wconf 83' lang='lat' dir='ltr'><strong>restantes</strong></span> <span class='ocrx_word' id='word_1_288' title='bbox 822 2720 953 2770; x_wconf 87' lang='lat' dir='ltr'><strong>vitae</strong></span> <span class='ocrx_word' id='word_1_289' title='bbox 978 2719 1126 2769; x_wconf 87' lang='lat' dir='ltr'><strong>Mosis</strong></span> <span class='ocrx_word' id='word_1_290' title='bbox 1162 2719 1225 2767; x_wconf 88' lang='lat' dir='ltr'><strong>ad</strong></span> <span class='ocrx_word' id='word_1_291' title='bbox 1260 2718 1478 2766; x_wconf 87' lang='lat' dir='ltr'><strong>eamdem</strong></span> <span class='ocrx_word' id='word_1_292' title='bbox 1501 2717 1750 2766; x_wconf 86' lang='lat' dir='ltr'><strong>rationem·</strong></span> <span class='ocrx_word' id='word_1_293' title='bbox 1773 2717 1908 2766; x_wconf 84' lang='lat' dir='ltr'><strong>divi-·</strong></span> 
     </span>
     <span class='ocr_line' id='line_1_37' title="bbox 92 2788 1909 2855; baseline -0.001 -16"><span class='ocrx_word' id='word_1_294' title='bbox 92 2792 278 2841; x_wconf 86' lang='lat' dir='ltr'><strong>dendos</strong></span> <span class='ocrx_word' id='word_1_295' title='bbox 309 2808 436 2851; x_wconf 88' lang='lat' dir='ltr'><strong>esse,</strong></span> <span class='ocrx_word' id='word_1_296' title='bbox 476 2807 620 2855; x_wconf 88' lang='lat' dir='ltr'><strong>quam</strong></span> <span class='ocrx_word' id='word_1_297' title='bbox 648 2790 981 2839; x_wconf 85' lang='lat' dir='ltr'><strong>divisionem</strong></span> <span class='ocrx_word' id='word_1_298' title='bbox 966 2808 1020 2838; x_wconf 92' lang='lat' dir='ltr'><strong>1n</strong></span> <span class='ocrx_word' id='word_1_299' title='bbox 1040 2798 1120 2837; x_wconf 84' lang='lat' dir='ltr'><strong>ter</strong></span> <span class='ocrx_word' id='word_1_300' title='bbox 1142 2789 1477 2853; x_wconf 89' lang='lat' dir='ltr'><strong>quadragenos</strong></span> <span class='ocrx_word' id='word_1_301' title='bbox 1503 2804 1658 2838; x_wconf 85' lang='lat' dir='ltr'><strong>annos</strong></span> <span class='ocrx_word' id='word_1_302' title='bbox 1683 2788 1781 2835; x_wconf 87' lang='lat' dir='ltr'><strong>iam</strong></span> <span class='ocrx_word' id='word_1_303' title='bbox 1803 2789 1909 2837; x_wconf 88' lang='lat' dir='ltr'><strong>Lu-</strong></span> 
     </span>
     <span class='ocr_line' id='line_1_38' title="bbox 91 2861 1237 2927; baseline -0.001 -16"><span class='ocrx_word' id='word_1_304' title='bbox 91 2880 171 2911; x_wconf 89' lang='lat' dir='ltr'><strong>cas</strong></span> <span class='ocrx_word' id='word_1_305' title='bbox 194 2862 385 2926; x_wconf 88' lang='lat' dir='ltr'><strong>accepit</strong></span> <span class='ocrx_word' id='word_1_306' title='bbox 409 2861 464 2908; x_wconf 89' lang='lat' dir='ltr'><strong>in</strong></span> <span class='ocrx_word' id='word_1_307' title='bbox 484 2861 623 2909; x_wconf 82' lang='lat' dir='ltr'><strong>Actis</strong></span> <span class='ocrx_word' id='word_1_308' title='bbox 646 2861 871 2927; x_wconf 86' lang='lat' dir='ltr'><strong>Apostol.</strong></span> <span class='ocrx_word' id='word_1_309' title='bbox 898 2866 949 2915; x_wconf 87' lang='lat'><strong>7.</strong></span> <span class='ocrx_word' id='word_1_310' title='bbox 973 2878 1021 2912; x_wconf 84' lang='lat' dir='ltr'><strong>v.</strong></span> <span class='ocrx_word' id='word_1_311' title='bbox 1042 2863 1128 2914; x_wconf 87' lang='grc'><strong>23.</strong></span> <span class='ocrx_word' id='word_1_312' title='bbox 1152 2864 1237 2914; x_wconf 86' lang='grc'><strong>30.</strong></span> 
     </span>
    </p>

    <p class='ocr_par' dir='ltr' id='par_1_13' title="bbox 51 2925 1905 3137">
     <span class='ocr_line' id='line_1_39' title="bbox 51 2925 1903 2997; baseline -0.003 -16"><span class='ocrx_word' id='word_1_313' title='bbox 51 2986 54 2990; x_wconf 19' lang='lat' dir='ltr'><em>A</em></span> <span class='ocrx_word' id='word_1_314' title='bbox 226 2932 414 2993; x_wconf 77' lang='lat' dir='ltr'><strong>Moses„</strong></span> <span class='ocrx_word' id='word_1_315' title='bbox 451 2939 716 2996; x_wconf 87' lang='lat' dir='ltr'><strong>postquam</strong></span> <span class='ocrx_word' id='word_1_316' title='bbox 745 2930 1101 2997; x_wconf 74' lang='lat' dir='ltr'><strong>quadraginta</strong></span> <span class='ocrx_word' id='word_1_317' title='bbox 1136 2931 1239 2978; x_wconf 89' lang='lat' dir='ltr'><strong>dies</strong></span> <span class='ocrx_word' id='word_1_318' title='bbox 1272 2936 1321 2977; x_wconf 91' lang='lat' dir='ltr'><strong>et</strong></span> <span class='ocrx_word' id='word_1_319' title='bbox 1356 2925 1711 2992; x_wconf 81' lang='lat' dir='ltr'><strong>quadraginta</strong></span> <span class='ocrx_word' id='word_1_320' title='bbox 1733 2935 1903 2977; x_wconf 88' lang='lat' dir='ltr'><strong>noctes</strong></span> 
     </span>
     <span class='ocr_line' id='line_1_40' title="bbox 89 2994 1905 3067; baseline -0.001 -18"><span class='ocrx_word' id='word_1_321' title='bbox 89 3002 144 3050; x_wconf 89' lang='lat' dir='ltr'><strong>in</strong></span> <span class='ocrx_word' id='word_1_322' title='bbox 174 3010 340 3051; x_wconf 87' lang='lat' dir='ltr'><strong>monte</strong></span> <span class='ocrx_word' id='word_1_323' title='bbox 373 3002 507 3049; x_wconf 89' lang='lat' dir='ltr'><strong>Sinai</strong></span> <span class='ocrx_word' id='word_1_324' title='bbox 543 3003 728 3065; x_wconf 87' lang='lat' dir='ltr'><strong>fuerat,</strong></span> <span class='ocrx_word' id='word_1_325' title='bbox 776 2999 931 3066; x_wconf 69' lang='grc' dir='ltr'><strong><em>ἄλλην</em></strong></span> <span class='ocrx_word' id='word_1_326' title='bbox 965 3000 1170 3067; x_wconf 60' lang='grc' dir='ltr'><em>’ἡμερων</em></span> <span class='ocrx_word' id='word_1_327' title='bbox 1203 2995 1630 3065; x_wconf 79' lang='grc' dir='ltr'><em>τεσσαρακοντάδα</em></span> <span class='ocrx_word' id='word_1_328' title='bbox 1664 2994 1905 3062; x_wconf 78' lang='grc' dir='ltr'><strong><em>νηστεύει,</em></strong></span> 
     </span>
     <span class='ocr_line' id='line_1_41' title="bbox 91 3039 1754 3137; baseline -0.003 -16"><span class='ocrx_word' id='word_1_329' title='bbox 91 3073 274 3121; x_wconf 87' lang='lat' dir='ltr'><strong>iterum</strong></span> <span class='ocrx_word' id='word_1_330' title='bbox 310 3059 662 3137; x_wconf 56' lang='lat' dir='ltr'><strong>quadraginta</strong></span> <span class='ocrx_word' id='word_1_331' title='bbox 700 3039 803 3120; x_wconf 85' lang='lat' dir='ltr'><strong>dies</strong></span> <span class='ocrx_word' id='word_1_332' title='bbox 831 3073 940 3119; x_wconf 91' lang='lat' dir='ltr'><strong>cibo</strong></span> <span class='ocrx_word' id='word_1_333' title='bbox 966 3070 1219 3120; x_wconf 88' lang='lat' dir='ltr'><strong>abstinuit.</strong></span> <span class='ocrx_word' id='word_1_334' title='bbox 1276 3071 1452 3132; x_wconf 88' lang='lat' dir='ltr'><strong>Georg.</strong></span> <span class='ocrx_word' id='word_1_335' title='bbox 1481 3086 1530 3133; x_wconf 91' lang='grc' dir='ltr'><strong>Ρ.</strong></span> <span class='ocrx_word' id='word_1_336' title='bbox 1559 3069 1674 3122; x_wconf 85' lang='grc'>135.</span> <span class='ocrx_word' id='word_1_337' title='bbox 1701 3069 1754 3119; x_wconf 92' lang='grc' dir='ltr'><strong>Β.</strong></span> 
     </span>
    </p>

    <p class='ocr_par' dir='ltr' id='par_1_14' title="bbox 95 3138 1954 3485">
     <span class='ocr_line' id='line_1_42' title="bbox 235 3138 1954 3207; baseline -0.004 -17"><span class='ocrx_word' id='word_1_338' title='bbox 235 3144 379 3205; x_wconf 85' lang='lat' dir='ltr'><strong>Saul,</strong></span> <span class='ocrx_word' id='word_1_339' title='bbox 418 3143 609 3207; x_wconf 86' lang='lat' dir='ltr'><strong>primus</strong></span> <span class='ocrx_word' id='word_1_340' title='bbox 635 3159 725 3191; x_wconf 83' lang='lat' dir='ltr'><strong>rex</strong></span> <span class='ocrx_word' id='word_1_341' title='bbox 754 3143 1114 3204; x_wconf 80' lang='lat' dir='ltr'><strong>Israelitarum‚</strong></span> <span class='ocrx_word' id='word_1_342' title='bbox 1148 3147 1319 3204; x_wconf 77' lang='lat' dir='ltr'><strong>legnat</strong></span> <span class='ocrx_word' id='word_1_343' title='bbox 1346 3156 1503 3187; x_wconf 87' lang='lat' dir='ltr'><strong>annos</strong></span> <span class='ocrx_word' id='word_1_344' title='bbox 1544 3138 1910 3202; x_wconf 0' lang='lat' dir='ltr'><strong>quadtmaginta</strong></span> <span class='ocrx_word' id='word_1_345' title='bbox 1950 3185 1954 3190; x_wconf 69' lang='grc'><strong>,</strong></span> 
     </span>
     <span class='ocr_line' id='line_1_43' title="bbox 97 3207 1910 3278; baseline -0.003 -17"><span class='ocrx_word' id='word_1_346' title='bbox 97 3213 273 3276; x_wconf 88' lang='lat' dir='ltr'><strong>Georg.</strong></span> <span class='ocrx_word' id='word_1_347' title='bbox 299 3231 349 3278; x_wconf 89' lang='lat' dir='ltr'><strong>p.</strong></span> <span class='ocrx_word' id='word_1_348' title='bbox 377 3217 490 3266; x_wconf 88' lang='lat'><strong>176.</strong></span> <span class='ocrx_word' id='word_1_349' title='bbox 517 3213 566 3262; x_wconf 91' lang='lat' dir='ltr'><strong>C.</strong></span> <span class='ocrx_word' id='word_1_350' title='bbox 627 3213 688 3260; x_wconf 90' lang='lat' dir='ltr'><strong>In</strong></span> <span class='ocrx_word' id='word_1_351' title='bbox 710 3213 852 3261; x_wconf 86' lang='lat' dir='ltr'><strong>libris</strong></span> <span class='ocrx_word' id='word_1_352' title='bbox 876 3213 935 3261; x_wconf 87' lang='lat' dir='ltr'><strong>V.</strong></span> <span class='ocrx_word' id='word_1_353' title='bbox 960 3214 1016 3262; x_wconf 90' lang='lat' dir='ltr'><strong>T.</strong></span> <span class='ocrx_word' id='word_1_354' title='bbox 1041 3212 1176 3260; x_wconf 90' lang='lat' dir='ltr'><strong>hunc</strong></span> <span class='ocrx_word' id='word_1_355' title='bbox 1196 3226 1459 3258; x_wconf 89' lang='lat' dir='ltr'><strong>numerum</strong></span> <span class='ocrx_word' id='word_1_356' title='bbox 1484 3226 1722 3257; x_wconf 86' lang='lat' dir='ltr'><strong>annorum</strong></span> <span class='ocrx_word' id='word_1_357' title='bbox 1751 3207 1910 3255; x_wconf 88' lang='lat' dir='ltr'><strong>Saulis</strong></span> 
     </span>
     <span class='ocr_line' id='line_1_44' title="bbox 95 3276 1910 3347; baseline -0.003 -16"><span class='ocrx_word' id='word_1_358' title='bbox 95 3284 346 3346; x_wconf 84' lang='lat' dir='ltr'><strong>regnantis</strong></span> <span class='ocrx_word' id='word_1_359' title='bbox 388 3300 491 3331; x_wconf 87' lang='lat' dir='ltr'><strong>non</strong></span> <span class='ocrx_word' id='word_1_360' title='bbox 535 3283 763 3347; x_wconf 87' lang='lat' dir='ltr'><strong>reperio.</strong></span> <span class='ocrx_word' id='word_1_361' title='bbox 813 3284 942 3331; x_wconf 89' lang='lat' dir='ltr'><strong>sama</strong></span> <span class='ocrx_word' id='word_1_362' title='bbox 973 3283 1171 3332; x_wconf 80' lang='lat' dir='ltr'><strong>traditis</strong></span> <span class='ocrx_word' id='word_1_363' title='bbox 1215 3298 1324 3328; x_wconf 91' lang='lat' dir='ltr'><strong>eum</strong></span> <span class='ocrx_word' id='word_1_364' title='bbox 1370 3279 1694 3328; x_wconf 69' lang='lat' dir='ltr'><strong>adnumerare</strong></span> <span class='ocrx_word' id='word_1_365' title='bbox 1729 3276 1910 3326; x_wconf 85' lang='lat' dir='ltr'><strong>licebit.</strong></span> 
     </span>
     <span class='ocr_line' id='line_1_45' title="bbox 95 3347 1907 3418; baseline -0.004 -17"><span class='ocrx_word' id='word_1_366' title='bbox 95 3351 334 3416; x_wconf 86' lang='lat' dir='ltr'><strong>Georgius</strong></span> <span class='ocrx_word' id='word_1_367' title='bbox 370 3360 531 3400; x_wconf 90' lang='lat' dir='ltr'><strong>autem</strong></span> <span class='ocrx_word' id='word_1_368' title='bbox 560 3369 673 3401; x_wconf 89' lang='lat' dir='ltr'><strong>eum</strong></span> <span class='ocrx_word' id='word_1_369' title='bbox 704 3353 924 3418; x_wconf 89' lang='lat' dir='ltr'><strong>accepit,</strong></span> <span class='ocrx_word' id='word_1_370' title='bbox 965 3370 1117 3418; x_wconf 89' lang='lat' dir='ltr'><strong>quum</strong></span> <span class='ocrx_word' id='word_1_371' title='bbox 1142 3353 1239 3400; x_wconf 88' lang='lat' dir='ltr'><strong>iam</strong></span> <span class='ocrx_word' id='word_1_372' title='bbox 1265 3351 1320 3399; x_wconf 91' lang='lat' dir='ltr'><strong>in</strong></span> <span class='ocrx_word' id='word_1_373' title='bbox 1342 3352 1504 3398; x_wconf 86' lang='lat' dir='ltr'><strong>Lucae</strong></span> <span class='ocrx_word' id='word_1_374' title='bbox 1528 3349 1665 3397; x_wconf 87' lang='lat' dir='ltr'><strong>Actis</strong></span> <span class='ocrx_word' id='word_1_375' title='bbox 1687 3347 1907 3413; x_wconf 82' lang='lat' dir='ltr'><strong>Apostol.</strong></span> 
     </span>
     <span class='ocr_line' id='line_1_46' title="bbox 96 3423 637 3485; baseline 0.006 -17"><span class='ocrx_word' id='word_1_376' title='bbox 96 3426 181 3477; x_wconf 82' lang='lat'><strong>13.</strong></span> <span class='ocrx_word' id='word_1_377' title='bbox 197 3439 247 3472; x_wconf 84' lang='lat' dir='ltr'><strong>v.</strong></span> <span class='ocrx_word' id='word_1_378' title='bbox 274 3427 356 3475; x_wconf 85' lang='grc'><strong>21.</strong></span> <span class='ocrx_word' id='word_1_379' title='bbox 379 3423 637 3485; x_wconf 85' lang='lat' dir='ltr'><strong>legeretur.</strong></span> 
     </span>
    </p>

    <p class='ocr_par' dir='ltr' id='par_1_15' title="bbox 239 3484 1913 3556">
     <span class='ocr_line' id='line_1_47' title="bbox 239 3484 1913 3556; baseline -0.005 -14"><span class='ocrx_word' id='word_1_380' title='bbox 239 3491 426 3556; x_wconf 88' lang='lat' dir='ltr'><strong>Inipsis</strong></span> <span class='ocrx_word' id='word_1_381' title='bbox 443 3492 583 3540; x_wconf 80' lang='lat' dir='ltr'><strong>libris</strong></span> <span class='ocrx_word' id='word_1_382' title='bbox 605 3492 931 3542; x_wconf 89' lang='lat' dir='ltr'><strong>HebraicisV.</strong></span> <span class='ocrx_word' id='word_1_383' title='bbox 947 3493 1003 3540; x_wconf 92' lang='lat' dir='ltr'><strong>T.</strong></span> <span class='ocrx_word' id='word_1_384' title='bbox 1024 3492 1196 3541; x_wconf 87' lang='lat' dir='ltr'><strong>nullus</strong></span> <span class='ocrx_word' id='word_1_385' title='bbox 1218 3505 1453 3540; x_wconf 81' lang='lat' dir='ltr'><strong>numerus</strong></span> <span class='ocrx_word' id='word_1_386' title='bbox 1476 3486 1666 3551; x_wconf 87' lang='lat' dir='ltr'><strong>saepius</strong></span> <span class='ocrx_word' id='word_1_387' title='bbox 1679 3484 1913 3535; x_wconf 80' lang='lat' dir='ltr'><strong>occurrit.</strong></span> 
     </span>
    </p>
   </div>
   <div class='ocr_carea' id='block_1_5' title="bbox 211 3559 1564 3631">
    <p class='ocr_par' dir='ltr' id='par_1_16' title="bbox 211 3559 1564 3631">
     <span class='ocr_line' id='line_1_48' title="bbox 211 3559 1564 3631; baseline -0.003 -13"><span class='ocrx_word' id='word_1_388' title='bbox 211 3575 370 3631; x_wconf 79' lang='lat' dir='ltr'><strong>Georg.</strong></span> <span class='ocrx_word' id='word_1_389' title='bbox 402 3574 628 3631; x_wconf 73' lang='lat' dir='ltr'><strong>syncellus.</strong></span> <span class='ocrx_word' id='word_1_390' title='bbox 659 3575 716 3616; x_wconf 83' lang='grc' dir='ltr'>ΙΙ.</span> <span class='ocrx_word' id='word_1_391' title='bbox 1532 3559 1564 3608; x_wconf 82' lang='grc'><strong>3</strong></span> 
     </span>
    </p>
   </div>
  </div>
 </body>
</html>
