2222 3938
585 255 587 258 ,
635 190 736 243 ΕΤ
771 172 1376 244 ΑΝΝοΤΑΤΙοΝΕε.
1791 176 1918 237 489·

87 338 212 374 rere.
281 321 347 370 Et
374 320 442 369 'de
477 337 682 369 excessu
722 320 923 385 quidem
946 320 1001 367 in
1029 318 1154 368 Iuda
1175 334 1348 382 regum
1374 314 1684 382 temporibus
1723 317 1916 366 exube-

86 402 230 443 rante
264 409 328 440 ex
365 409 516 456 supra
548 392 830 440 memoratis
866 391 1008 439 nulla
1047 390 1348 453 relinquitur
1388 388 1663 438 dubitatio:
1708 388 1913 436 alterius

90 463 450 512 Chaldaeorum
470 480 640 524 regum
663 469 954 527 computum
978 461 1245 509 inficientis
1271 459 1434 507 facilis
1465 459 1819 507 demonstratio
1850 458 1916 507 ad

86 551 198 601 pag·
234 536 356 588 208.
398 540 449 581 et
482 538 599 587 209.
637 533 945 597 scriptorum
972 532 1203 580 memori:
1255 531 1479 590 Quatuor
1504 529 1738 578 videlicet
1771 531 1916 577 annis

88 622 172 652 aer
173 621 228 652 ae
250 606 646 652 Nabonasaraeae
669 603 1070 651 Ecclesiasticum
1098 604 1346 649 Canonem
1373 602 1583 648 alterum
1608 600 1918 648 Astronomis

89 675 327 724 usitatum
356 691 601 739 supelare.
675 676 772 722 Sex
799 683 962 722 autem
1001 673 1205 737 integris
1227 673 1370 720 Nabii
1397 671 1544 719 aetati
1568 671 1832 729 detractis,
1870 678 1919 719 et

89 763 192 795 uno
228 746 533 793 Nabonasari
571 745 712 792 annis
748 753 861 792 ante
891 743 1352 792 Nabuchodonosor
1391 750 1730 807 tempestatem
1769 742 1919 790 resti-

88 824 232 878 tuto,
268 825 319 864 et
347 833 521 864 rursus
560 816 656 862 alio
695 814 960 876 Artabani,
1001 815 1140 863 cuius
1181 814 1234 861 in
1276 815 1472 861 Canone
1509 830 1612 860 non
1635 813 1694 860 fit
1716 813 1919 874 mentio,

90 888 152 935 de
184 904 283 950 quo
317 904 427 952 pag.
459 887 576 940 251.
613 887 759 932 aetati
789 893 1068 947 reservato,
1107 885 1380 932 desiderata
1408 892 1670 948 reparatur
1703 884 1921 947 aequali-

88 965 189 1005 tas:
227 957 302 1004 sin
332 958 494 1006 minus
517 957 813 1021 apponitur,
854 963 1050 1004 constat
1077 956 1209 1003 unde
1236 955 1454 1019 quinque
1485 971 1726 1002 annorum
1753 962 1923 1002 tumor

89 1029 144 1076 in
178 1027 641 1076 Nabuchodonosor
674 1035 830 1074 aetate
872 1029 1061 1091 ceperit
1103 1026 1485 1077 incrementum.
1557 1025 1924 1073 Animadvertit

88 1099 342 1150 Librarius
372 1106 420 1146 et
451 1099 657 1146 inferius
693 1115 800 1163 pag.
834 1101 954 1151 231.
979 1106 1035 1145 ut
1062 1097 1201 1161 prius
1226 1113 1336 1161 pag.
1366 1100 1486 1149 216.
1518 1103 1567 1142 et
1588 1099 1707 1149 217.
1746 1096 1926 1144 scribit

89 1170 144 1217 in
168 1171 409 1256 margine.
470 1189 594 1219 κατα
631 1188 685 1219 το
694 1166 1047 1253 παραδραμόν
1093 1162 1299 1231 σφαλμα
1328 1170 1430 1216 τῶν
1462 1161 1816 1249 καλλιγραφων
1854 1167 1926 1226 εἷς

91 1259 206 1300 τους
231 1260 335 1290 των
355 1239 598 1306 βασιλέων
617 1234 854 1306 χοόνους,
895 1236 1020 1289 ἄλλα
1043 1236 1255 1303 τέσσαρα
1278 1237 1360 1302 ε’τη
1381 1232 1685 1303 προσθήκην
1714 1237 1784 1296 εἰς
1808 1256 1926 1296 τους

94 1312 380 1371 Χαλδαίους
425 1310 736 1376 εὑρίσκονται
782 1311 999 1374 κείμενα.
1088 1309 1163 1357 Ob
1199 1309 1563 1356 Librariorum
1599 1309 1927 1354 oscitantiam

91 1380 166 1428 ad
193 1380 561 1428 Chaldaeorum
583 1399 760 1441 regam.
787 1398 974 1443 annos,
1014 1389 1239 1444 quatuor
1262 1380 1541 1444 superfluos
1574 1381 1782 1443 reperies
1816 1377 1925 1432 acl-,-

91 1451 241 1500 ditos.
315 1453 538 1500 Placeret
567 1451 933 1515 Calligraphos,
975 1468 1071 1498 non
1099 1450 1392 1513 Georgium,
1432 1449 1614 1498 erroris
1648 1458 1755 1501 tam
1791 1448 1925 1496 foedi

92 1540 205 1572 reos
244 1539 414 1586 agere,
463 1524 711 1587 placeret,
759 1523 989 1586 inquam,
1037 1521 1240 1568 omnino
1287 1520 1602 1567 coniecturae
1649 1519 1924 1581 clementia,

92 1602 141 1642 et
163 1595 513 1658 interpretatio
553 1593 865 1658 paralogismi
894 1608 1207 1656 summopere
1231 1591 1423 1654 suavis,
1462 1591 1504 1638 si
1537 1607 1728 1654 quaqua
1754 1607 1928 1638 versus

89 1665 348 1731 perpensis
374 1664 733 1711 Chaldaeorum
767 1663 1051 1728 principum
1080 1663 1221 1709 annis
1247 1661 1426 1710 erroris
1460 1661 1596 1724 origo
1618 1678 1722 1708 non
1756 1661 1926 1708 statim

90 1738 146 1783 111
179 1736 290 1800 ipso
330 1728 542 1798 Georgio
576 1734 909 1798 reperiretur,
948 1734 1034 1798 qui
1069 1741 1178 1780 tum
1204 1732 1406 1796 scriptis
1438 1731 1763 1779 inemendatis
1790 1748 1926 1791 usus,

91 1813 202 1854 tum
231 1805 503 1854 dormitans
531 1804 796 1868 nonnihil,
833 1812 880 1851 et
909 1821 1088 1869 parum
1117 1803 1210 1850 sibi
1239 1802 1507 1867 providus,
1544 1819 1792 1849 annorum
1822 1802 1928 1849 cal-

68 1925 70 1929 ,
94 1878 262 1938 culos,
298 1877 525 1924 nondum
554 1892 701 1964 opere
722 1875 926 1961 propr’io
958 1874 1235 1935 recensito,
1275 1873 1510 1920 confusos
1541 1872 1685 1920 nobis
1707 1872 1927 1937 reliquit.

230 1941 475 2006 Ἀκούσας
491 1943 545 1996 δὲ
570 1967 596 1997 ο
627 1944 790 2011 πατήρ
819 1942 992 1997 αὐτοῦ.
997 1945 1016 2011 ]
1046 1945 1136 1992 His
1162 1944 1360 1992 Eusebii
1378 1943 1695 2007 Scaligeriani
1715 1960 1824 2008 pag.
1845 1943 1930 1995 40.

91 2017 398 2084 reperiendis
425 2017 603 2066 titulus
630 2017 816 2082 praefi
792 2017 930 2068 uitur.
1005 2016 1059 2067 ἐκ
1081 2018 1170 2080 τῆς
1192 2015 1359 2081 τρίτης
1381 2034 1485 2064 των
1509 2015 1812 2064 Χαλδαϊκῶν
1832 2018 1930 2077 Βη-

94 2092 296 2156 ρωσσοῦ
321 2089 647 2155 Βαβυλωνίου
677 2087 844 2154 ἱερέως
871 2082 1041 2149 Βηλου
1079 2087 1326 2151 pluraque
1352 2085 1550 2148 Georgii
1576 2085 1740 2131 textui
1768 2091 1931 2130 assuta

93 2160 215 2208 fient
244 2160 440 2207 obviam
463 2159 596 2223 apud
623 2158 891 2223 Iosephum
911 2158 996 2207 lib.
1027 2161 1108 2210 10.
1135 2174 1245 2221 cap.
1287 2159 1369 2208 11.
1406 2163 1455 2203 et
1483 2155 1615 2221 apud
1637 2153 1932 2203 Euesebium

96 2231 157 2279 de
187 2232 412 2295 Praepar.
434 2230 619 2291 Evang.
643 2229 731 2276 lib.
762 2234 809 2282 9.
836 2245 943 2292 cap.
970 2228 1054 2280 40.

237 2302 347 2363 Pag.
380 2303 498 2354 221.
523 2298 751 2367 Δευτέρω
775 2298 870 2348 ε’τει
894 2302 986 2362 τῆς
1008 2295 1260 2361 βασιλείας
1276 2290 1452 2354 αυτοῦ,
1478 2290 1529 2345 ε’.
1556 2293 1651 2345 έτει
1672 2289 1931 2359 Ἰωακείμ.]

95 2372 278 2420 Ineunt
314 2371 480 2434 itaque
517 2369 666 2416 simul
704 2376 752 2416 et
783 2368 976 2432 primus
1009 2366 1471 2415 Nabuchodonosor
1495 2383 1654 2413 annus
1680 2373 1728 2412 et
1750 2365 1934 2412 Ioacim

97 2450 332 2506 quar,tus
370 2442 419 2488 et
457 2457 519 2487 ex
556 2439 854 2487 correctiore
878 2437 1116 2486 Authoris
1155 2444 1389 2516 computo
1428 2437 1483 2483 in
1517 2453 1703 2483 annum
1731 2436 1791 2483 ab
1816 2435 1933 2483 01be

98 2512 301 2560 condito
327 2511 482 2564 4883.
511 2511 654 2557 debet·
671 2517 895 2574 uterque,
923 2515 1077 2573 prout
1098 2507 1375 2571 superiores
1399 2515 1546 2554 notae
1571 2507 1931 2568 demonstrant,

99 2582 397 2631 convenite:
448 2581 567 2628 exin
591 2598 709 2629 vero
752 2581 814 2627 ad
852 2579 970 2643 Cyri
1008 2579 1253 2643 primum,
1297 2577 1382 2642 qui
1413 2577 1589 2626 mundi
1617 2578 1773 2631 4952.
1813 2577 1933 2623 anni

99 2652 405 2718 captivitatis
429 2651 738 2717 septuaginta
764 2649 1156 2699 interlabuntur.
1231 2648 1347 2696 Sive
1376 2648 1528 2711 igitur
1551 2666 1579 2694 a
1597 2647 1930 2696 Nabuchodo-

97 2742 252 2772 nosor
275 2723 455 2802 primo,
495 2722 599 2770 sive
621 2740 646 2768 a
666 2721 853 2769 loacim
882 2728 1054 2784 quarto
1078 2719 1415 2785 captivitatem
1435 2719 1690 2766 Iudaicam
1715 2736 1806 2783 per
1834 2735 1927 2765 an-

98 2812 192 2843 nos
233 2794 542 2859 septuaginta
576 2793 817 2854 deducas,
860 2791 975 2857 priv
979 2798 1056 2838 ata
1092 2790 1379 2855 principum
1413 2797 1639 2855 tempora
1678 2790 1741 2838 ad
1770 2797 1925 2836 totam

100 2881 165 2914 ex
197 2866 267 2913 eis
301 2881 541 2912 summam
577 2829 836 2912 collectarii
875 2878 1123 2909 summum
1165 2861 1343 2909 debent
1375 2877 1570 2909 servare
1604 2876 1924 2908 consensum:

101 2936 239 3001 quod
263 2953 326 2982 an
351 2935 436 2982 hic
461 2951 522 2982 ex
543 2950 700 2999 aequo
730 2941 776 2981 et
796 2933 926 2980 bono
952 2931 1206 2995 contingat
1227 2931 1499 2996 impensius
1525 2930 1926 2979 examinandum.

100 3010 144 3054 A
172 3014 347 3070 quarto
373 3005 557 3052 Ioacim
589 3022 720 3052 anno
746 3011 1091 3069 septuagenam
1126 3002 1421 3050 ludaeorum
1445 3002 1774 3049 calamitatem
1800 3017 1925 3047 con-

101 3077 210 3125 ficit
248 3074 447 3124 Author
478 3075 577 3122 hoc
610 3082 777 3141 pacto.
848 3075 1088 3122 Numerat
1129 3072 1218 3120 illa
1257 3072 1311 3120 in
1344 3073 1531 3120 Ioacim
1576 3080 1732 3120 aetate
1770 3086 1926 3117 annos

104 3156 248 3195 octo:
284 3146 339 3192 111
379 3145 595 3193 [oachim
636 3145 739 3195 sive
773 3143 1033 3193 Iechoniae
1069 3143 1228 3190 tribus
1258 3143 1505 3192 mensibus
1534 3159 1719 3190 annum
1745 3158 1926 3187 unum:
1957 3146 2007 3191 Ρ.
2028 3147 2082 3194 61

104 3220 155 3266 in
182 3216 412 3264 Sedeciae
432 3223 668 3280 tempore,
699 3216 954 3263 undecim.
993 3233 1020 3262 a
1043 3213 1505 3262 Nabuchodonosor
1532 3230 1661 3260 anno
1682 3211 1820 3274 regni
1847 3214 1928 3263 19.

104 3287 501 3351 Hierosolymam
537 3293 808 3348 evertente,
859 3293 1072 3350 quatuor
1105 3292 1154 3332 et
1190 3284 1399 3348 viginti:
1446 3283 1627 3331 Evilad
1646 3279 1925 3343 Meiodach,

107 3359 354 3422 quinque.
392 3355 702 3418 Niiiglesari‚
737 3364 865 3406 tres·
905 3364 954 3403 et
986 3356 1040 3404 in
1078 3355 1304 3418 Astyagis
1345 3355 1538 3402 demum
1570 3350 1806 3415 imperio,
1845 3367 1928 3398 se-

104 3427 431 3493 ptemdecim.
476 3426 645 3474 addito
686 3428 821 3491 Cyri
839 3426 1000 3491 plinio
1043 3426 1335 3489 cunctisque
1372 3422 1595 3470 collectis
1622 3420 1929 3482 homadibus,

108 3498 225 3546 anni
249 3497 548 3561 colliguntur
577 3497 911 3564 septuaginta.
963 3498 1124 3544 Ducat
1159 3494 1354 3544 Author
1376 3508 1611 3541 numeroe
1615 3508 1698 3540 um
1729 3491 1928 3541 initium
