2222 3938
624 187 722 242 ET
759 182 1349 240 ANNOTATIONES.

144 320 195 371 3.
231 316 511 384 Tyrimmas
534 315 676 363 annis
703 316 787 370 45.
826 316 891 365 ad
912 332 1097 366 annum
1122 315 1278 370 4803.

143 398 193 451 4.
228 388 488 438 Perdiccas
520 386 663 434 annis
687 386 772 439 48.
811 387 874 436 ad
897 404 1083 435 annum
1110 387 1266 440 4851.

143 469 193 523 5,
229 459 445 522 Argaeus
469 456 612 504 annis
636 460 721 511 32.
756 458 821 507 ad
846 475 1032 507 annum
1054 458 1210 511 4883.

144 543 194 593 6,
227 529 492 594 Philippus
519 527 660 575 annis
687 531 772 582 872
809 529 874 577 ad
899 545 1086 577 annum
1108 530 1263 582 4920.

142 613 193 662 7,
230 599 451 665 Aeropas
476 598 619 646 annis
642 600 726 652 23.
765 600 829 648 ad
850 617 1035 648 annum
1063 599 1220 652 4943.

146 684 195 734 8,
229 672 425 719 Alcetas
450 669 594 717 annis
619 674 702 722 28.
743 671 808 719 ad
841 688 1028 718 annum
1055 670 1215 723 4971.

145 756 195 805 9,
233 744 474 806 Amyntas
501 740 643 788 annis
661 740 745 794 42.
787 742 850 790 ad
871 758 1056 789 annum
1084 742 1251 794 5013..

148 825 231 875 10.
266 811 551 860 Alexander
582 812 724 857 annis
749 811 832 865 44.
870 813 934 860 ad
956 827 1142 859 annum
1170 810 1323 864 5057.

150 895 233 946 11.
270 883 532 931 Perdiccas
560 881 700 929 annis
728 886 813 935 23.
853 883 915 931 ad
943 899 1129 930 annum
1159 883 1315 935 5080.

151 966 231 1016 12.
269 952 541 1002 Archelaus
566 952 709 999 annis
736 954 818 1007 14.
858 954 922 1002 ad
945 969 1132 1001 annum
1157 951 1313 1006 5094.

151 1035 233 1086 13.
270 1026 468 1073 Orestes
496 1022 637 1070 annis
663 1025 714 1075 3.
750 1025 814 1072 ad
841 1042 1026 1072 annum
1059 1025 1216 1078 5099.

151 1102 235 1157 14.
272 1094 546 1144 Archelaus
575 1093 716 1141 annis
741 1095 791 1148 4.
831 1096 895 1143 ad
922 1112 1107 1142 annum
1136 1096 1291 1148 5101.

154 1172 236 1228 15.
271 1166 513 1231 Amyntas
538 1181 668 1212 anno
696 1170 741 1217 1.
778 1167 841 1214 ad
865 1183 1052 1214 annum
1076 1166 1234 1218 5102.

156 1247 238 1298 16.
271 1238 538 1285 Pausanias
565 1252 694 1283 anno
724 1241 766 1289 1.
806 1238 870 1285 ad
893 1254 1080 1284 annum
1106 1237 1259 1288 5103.

155 1318 237 1368 17.
273 1311 512 1373 Amyntas
536 1307 676 1355 annis
707 1307 756 1360 5.
794 1309 859 1356 ad
883 1324 1069 1356 annum
1094 1307 1251 1360 5108.

155 1387 236 1438 18.
275 1380 492 1443 Argaeus
518 1378 659 1425 annis
681 1383 728 1430 2.
767 1380 831 1428 ad
855 1395 1041 1426 annum
1072 1381 1228 1431 5110.

154 1458 237 1509 19.
273 1450 516 1515 Amyntas
544 1448 685 1495 annis
715 1452 796 1504 12.
837 1450 900 1498 ad
924 1466 1109 1497 annum
1134 1449 1290 1501 5122.

154 1528 239 1580 20.
275 1521 562 1569 Alexander
588 1536 718 1566 anno
748 1527 794 1573 1.
830 1521 892 1568 ad
918 1536 1102 1568 annum
1129 1519 1287 1571 5123.

152 1598 238 1651 21.
275 1592 584 1640 Ptolemaeus
608 1589 748 1638 annis
770 1595 819 1645 3.
857 1592 920 1640 ad
942 1606 1127 1638 annum
1155 1590 1314 1643 5126.

154 1670 240 1722 22.
277 1662 539 1710 Perdiccas
566 1660 708 1708 annis
733 1666 781 1714 6.
818 1662 881 1710 ad
902 1678 1091 1710 annum
1118 1660 1274 1713 5132.

155 1739 241 1791 23.
277 1732 539 1798 Philippus
563 1732 704 1779 annis
729 1736 817 1786 23.
852 1733 917 1780 ad
944 1747 1131 1780 annum
1159 1730 1316 1785 5155.

155 1806 240 1862 24.
276 1804 560 1852 Alexander
585 1802 650 1850 Μ.
675 1805 816 1852 annis
844 1809 924 1857 12.
962 1802 1027 1850 ad
1051 1818 1239 1848 annum
1266 1802 1422 1854 5167.

1775 169 1902 232 507
1938 218 1939 226 ,

84 1877 166 1929 Ad
197 1875 433 1924 ultimum
456 1873 748 1935 >Alexandri
782 1891 974 1923 annum
1007 1889 1140 1920 anno
1178 1873 1337 1926 5170.
1383 1869 1638 1935 figendum
1670 1878 1771 1921 tres
1807 1873 1927 1921 anni

86 1950 286 1998 desunt.
359 1946 462 1995 Aut
499 1945 719 1993 Caranus
751 1962 866 2011 ergo
907 1943 1168 2010 propriam
1193 1941 1524 1991 Macedonum
1554 1959 1727 2007 regum
1762 1960 1928 1993 aeram

85 2015 385 2081 antevertit3
422 2023 509 2064 aut
542 2032 568 2064 e
597 2031 772 2079 regum
795 2015 1037 2064 aetatibus
1059 2022 1161 2063 tres
1186 2013 1385 2062 incaute
1410 2014 1697 2063 numeranti
1719 2015 1928 2063 excide-

86 2097 211 2142 runt
238 2087 372 2137 anni.
422 2086 661 2136 Restituit
687 2103 769 2135 eos
795 2087 1047 2137 Diodorus
1079 2102 1190 2152 pag.
1221 2085 1446 2149 sequenti
1471 2093 1521 2133 et
1547 2086 1735 2149 Argaeo
1760 2085 1930 2133 nomi-

88 2164 168 2212 nis
191 2159 334 2208 istius
357 2158 521 2224 primo
562 2157 689 2205 duos
726 2158 898 2219 addit,
939 2157 1201 2220 Orestique
1231 2172 1406 2204 unum.
1442 2154 1707 2221 Philippus
1738 2173 1802 2204 ex
1836 2155 1932 2204 ad·-

90 2248 235 2284 verso
273 2229 495 2277 nominis
535 2228 724 2293 primus
761 2246 789 2276 a
829 2227 1052 2276 Diodoro
1088 2226 1212 2274 licet
1249 2227 1383 2274 solos
1412 2226 1633 2292 quinque
1657 2244 1810 2292 supra
1833 2226 1932 2275 tri-

91 2305 231 2370 ginta
254 2299 468 2365 recipiat
495 2315 681 2360 annos,
719 2297 846 2348 duos
878 2298 1088 2362 insuper
1116 2296 1210 2345 sibi
1236 2296 1496 2346 vindicare
1520 2314 1608 2345 suo
1635 2297 1748 2346 loco
1787 2296 1928 2346 visus

91 2383 197 2424 est:
239 2370 459 2433 adeoque
495 2376 555 2417 ut
596 2368 844 2419 Diodorus
881 2367 1080 2431 Georgii
1115 2368 1416 2416 laterculum
1453 2367 1715 2418 emendare
1748 2375 1929 2436 potest,

91 2446 165 2495 ita
198 2441 440 2506 Georgius
465 2438 674 2488 Diodori
696 2439 961 2506 proprium
986 2438 1230 2486 emaculat
1251 2437 1349 2486 hoc
1371 2445 1537 2503 pacto.

167 2521 214 2570 1.
253 2513 471 2563 Caranus
492 2510 634 2558 annis
657 2513 742 2566 30.
779 2511 840 2559 ab
867 2526 999 2559 anno
1028 2507 1185 2562 4700.
1221 2509 1287 2558 ad
1316 2510 1474 2576 4730.

168 2593 219 2642 2.
258 2585 451 2632 Coenus
477 2580 620 2629 annis
646 2585 730 2635 28.
767 2582 833 2631 ad
863 2595 1050 2628 annum
1075 2579 1232 2633 4758.

164 2662 216 2713 3.
251 2654 529 2720 Tyrimmas
554 2653 696 2700 annis
716 2652 801 2708 45·
839 2652 904 2700 ad
930 2666 1119 2699 annum
1143 2651 1300 2704 4803.

165 2730 217 2783 4.
253 2724 516 2776 Perdiccas
538 2722 681 2771 annis
702 2724 787 2778 48.
825 2723 891 2771 ad
916 2738 1103 2770 annum
1129 2720 1285 2775 4851.

144 2829 147 2833 -
167 2801 217 2855 5.
252 2797 470 2860 Argaeus
494 2794 636 2843 annis
659 2795 746 2848 34.
788 2793 852 2843 ad
874 2809 1060 2841 annum
1081 2790 1239 2845 4885.

139 2877 146 2888 “
168 2876 219 2926 6.
254 2867 520 2933 Philippus
546 2866 686 2914 annis
712 2868 797 2919 37.
835 2864 899 2913 ad
922 2879 1108 2912 annum
1133 2862 1287 2917 4922.
1393 2860 1405 2869 Χ

168 2947 219 2996 7.
254 2939 474 3004 Aeropas
498 2936 640 2986 annis
665 2939 751 2991 23.
789 2935 854 2985 ad
878 2951 1064 2984 annum
1087 2933 1244 2987 4945.
1277 2979 1281 2981 a

171 3015 220 3066 8.
256 3010 495 3073 Amyntas
520 3006 662 3055 annis
682 3010 769 3061 28.
809 3006 875 3056 ad
899 3022 1086 3054 annum
1108 3003 1264 3058 4973.

167 3087 219 3138 9.
254 3079 451 3128 Alcetas
485 3078 627 3127 annis
653 3077 743 3131 42.
780 3078 847 3128 ad.
875 3093 1064 3126 annum
1091 3075 1250 3129 5015.

174 3156 256 3207 10.
293 3149 574 3198 Alexander
599 3149 741 3198 annis
767 3149 855 3203 44.
892 3149 957 3198 ad
985 3162 1171 3195 annum
1196 3146 1350 3202 5059.

173 3227 256 3277 11.
290 3220 549 3269 Perdiccas
576 3219 719 3268 annis
744 3222 829 3275 23.
865 3219 929 3268 ad
948 3234 1135 3267 annum
1165 3217 1323 3272 5082.

175 3297 258 3347 12.
294 3289 564 3340 Archelaus
588 3292 729 3340 annis
760 3293 845 3344 14.
882 3290 946 3339 ad
971 3304 1159 3337 annum
1184 3288 1340 3343 5096.

175 3366 259 3417 13.
295 3362 493 3410 Orestes
517 3361 661 3410 annis
681 3361 730 3415 4.
768 3361 833 3410 ad
865 3378 1049 3410 annum
1072 3359 1228 3413 5100.

178 3433 260 3486 14.
296 3432 568 3481 Archelaus
592 3433 734 3480 annis
764 3432 818 3486 4.
857 3432 922 3480 ad
945 3446 1132 3490 annum
1158 3429 1316 3484 5104.

180 3504 261 3557 15.
298 3501 536 3569 Amyntas
565 3519 695 3553 anuo
723 3505 770 3557 1.
809 3503 872 3554 ad
895 3517 1081 3552 annum
1114 3501 1268 3555 5105.
