2222 3938
274 177 401 241 406
475 164 484 169 ”
848 184 851 186 ’
883 183 1459 244 EMENDATmNEs

274 316 484 366 scribat·
516 312 769 403 Ἀρφαξάδ
779 312 1043 385 γενόμενος
1063 309 1173 384 ρλὲ.
1194 315 1320 368 ἐτων
1344 314 1575 384 ἐγέννησε
1599 313 1684 369 miv
1710 319 1913 370 Καΐνόἵν
1933 312 2095 387 βτοξ.

276 388 370 442 ἔτει
392 392 486 441 τοῦ
505 385 708 455 κόσμου.
746 388 931 436 Cainan
957 387 1135 436 deinde
1158 387 1318 435 factus
1350 389 1491 437 Salae
1512 395 1654 453 pater
1678 395 1795 452 post
1828 388 1949 436 alios
1980 393 2099 442 130.

275 477 432 508 annos
463 459 640 507 mundi
669 461 823 513 2507.
852 457 946 506 sibi
972 450 1111 507 videt
1145 458 1426 524 appositos,
1476 460 1564 523 qui
1598 459 1755 513 2508.
1794 451 2101 526 οἷπαραλογί-

274 544 401 591 στως
437 547 501 578 ex
527 529 688 595 prima
723 528 934 595 supputi
964 527 1152 595 epocha
1182 528 1423 594 requirit.
1472 546 1530 577 ac
1553 529 1735 576 iterum
1762 528 1874 575 Sala
1911 529 2100 578 exactis

275 608 474 648 centum
508 607 556 647 et
589 599 794 662 triginta
840 598 1005 661 annis,
1055 607 1104 648 et
1138 599 1299 648 Heber
1331 599 1437 647 filio
1472 599 1752 666 producto,
1806 615 1912 646 non
1946 602 2102 652 2638.

275 671 364 719 sed
395 677 589 718 tantum
624 673 780 726 2637.
818 670 1049 718 mendose
1075 669 1293 734 colligit:
1332 678 1480 734 atque
1513 670 1583 718 ita
1614 669 1847 735 deinceps
1874 676 2104 733 postero-

275 757 390 790 rum
414 739 627 820 reliqui,
665 740 941 790 distributis
968 757 1057 806 per
1083 740 1300 804 singulas
1330 757 1504 789 eorum
1538 748 1718 788 aetates
1742 739 1918 787 mundi
1941 738 2102 803 annis,

275 810 470 859 unitate
494 810 735 859 minorem
766 829 1036 874 summam,
1073 827 1219 875 quam
1248 812 1467 885 praefata
1498 810 1771 877 Arphaxad
1801 810 2104 858 incunabula

276 888 574 943 mereantur,
609 883 844 930 referant.
890 883 1070 930 Fateor
1091 898 1307 931 errorem
1333 899 1438 930 non
1461 881 1644 947 ubique
1668 881 1946 930 observari.
1972 879 2106 928 illud

276 951 334 1000 in
365 962 530 1000 errore
552 951 722 1014 miror,
759 952 894 1017 quod
920 969 1033 1000 cum
1054 953 1321 1001 continuus
1340 970 1444 1001 non
1470 953 1549 1012 sit,
1586 969 1648 1000 eo
1661 951 1890 1016 repetito,
1926 950 2099 998 maio-

275 1021 347 1070 ris
370 1039 530 1070 noxae
551 1040 694 1071 reum
720 1041 770 1072 se
800 1031 1016 1089 praestet
1042 1022 1264 1086 Author3
1303 1023 1515 1071 maxime
1548 1022 1634 1070 ubi
1658 1021 1832 1087 positis
1855 1021 1917 1069 ad
1941 1020 2105 1069 Chro-

276 1092 504 1156 nologiae
527 1110 642 1141 suae
670 1094 885 1158 rigorem
917 1093 1321 1142 Patriarcharum
1352 1093 1554 1159 epochis
1591 1100 1639 1140 et
1671 1092 1946 1154 natalibus,
1983 1108 2106 1139 con-

277 1163 445 1210 festim
479 1164 619 1227 quasi
653 1165 955 1229 scriptorum
1002 1163 1210 1226 oblitus,
1258 1181 1426 1212 eorum
1465 1170 1599 1226 gesta
1637 1168 1979 1228 pertractans,
2021 1161 2108 1210 vel

274 1232 457 1281 iterum
479 1241 617 1280 ortus
644 1233 884 1282 historico
909 1251 1047 1282 more
1069 1250 1300 1298 versans,
1334 1233 1536 1281 alterius
1561 1231 1776 1298 epochae
1802 1248 1958 1279 annos
1988 1247 2107 1280 cor-

275 1310 426 1366 rupte
446 1304 683 1367 proferat.
754 1303 1007 1352 Admissae
1026 1304 1249 1351 fallaciae
1268 1305 1350 1352 vel
1374 1304 1659 1351 observatae
1683 1302 1907 1350 veritatis
1935 1301 2106 1351 diver-

277 1372 474 1421 sitatem
508 1373 562 1420 in
584 1374 751 1422 varios
776 1374 1008 1423 authores
1033 1381 1081 1421 et
1107 1374 1306 1422 codices.
1327 1391 1354 1421 a
1383 1373 1593 1436 Georgio
1625 1382 1825 1435 nostro,
1869 1372 2015 1420 modo
2053 1372 2108 1420 in

278 1442 679 1506 Chronologicis,
716 1445 865 1492 modo
894 1444 949 1492 in
973 1444 1238 1492 Historicis
1265 1445 1519 1492 consultos
1545 1443 1789 1505 refundo,
1826 1450 1876 1490 et
1911 1443 1964 1490 in
2000 1459 2108 1491 eam

279 1514 591 1578 opinionem,
631 1532 726 1579 qua
747 1515 931 1580 scripta
956 1523 1070 1563 ante
1099 1515 1291 1562 obitum
1321 1532 1426 1563 non
1454 1514 1707 1578 relegisse,
1749 1520 1796 1561 et
1829 1513 2108 1561 accuratius

277 1600 380 1631 non
416 1584 740 1647 examinasse,
786 1585 1026 1651 suspicor.
1084 1586 1265 1649 Pagina
1303 1584 1531 1650 superior
1569 1589 1650 1638 78.
1689 1601 1789 1632 una
1829 1600 1941 1631 cum
1976 1583 2108 1633 notis

279 1654 453 1716 errati,
493 1655 553 1702 de
591 1673 689 1719 quo
726 1655 781 1703 in
817 1656 1089 1720 praesenti,
1128 1657 1290 1704 fontes
1325 1663 1373 1704 et
1412 1657 1741 1703 correctiones
1785 1653 2018 1701 exhibent
2052 1653 2108 1701 in

277 1724 498 1787 margine
524 1733 571 1772 et
595 1726 649 1772 in
676 1726 928 1774 versione:
966 1727 1126 1773 solum
1149 1727 1418 1789 marginale
1442 1725 1655 1790 spatium
1679 1743 1758 1773 eas
1787 1723 1873 1771 hic
1901 1724 2109 1773 ‹lemon-

276 1801 428 1843 strat:
465 1795 758 1843 omittentur
792 1796 1052 1861 deinceps,
1086 1812 1150 1843 ne
1175 1796 1498 1860 frequentiori
1535 1795 1959 1844 animadversione
1995 1811 2110 1858 erga.

274 1864 532 1912 Lectorem
556 1867 640 1915 vel
658 1865 931 1915 Authorem
952 1883 1031 1914 me
1052 1882 1219 1931 geram
1237 1866 1587 1933 importunius.
1626 1866 1751 1916 Vide
1773 1865 1914 1914 sodes
1937 1873 2109 1913 notam

275 1943 577 1999 sequentem.

113 2008 166 2054 P·
194 2009 253 2055 29
421 2007 534 2070 Pag·
572 2010 656 2060 86.
695 2002 844 2058 Μετοὲ
866 2003 920 2057 δὲ
934 2002 1018 2058 τὸν
1030 2002 1410 2073 κατακλυσμόν]
1438 2006 1651 2055 Attende
1665 2005 1948 2054 Africanum
1972 2021 2108 2053 erro-

273 2074 345 2124 ris
376 2076 577 2139 Georgii
606 2078 765 2125 nostri
795 2078 1001 2140 ducem,
1039 2095 1142 2125 non
1166 2095 1192 2124 a
1214 2078 1414 2125 biennio
1449 2085 1582 2126 retro
1615 2077 1888 2138 diluvium,
1926 2076 2013 2124 sed
2045 2075 2111 2123 ad

274 2145 434 2210 ipsam
461 2146 636 2194 diluvii
660 2147 925 2212 epocham,
964 2155 1012 2195 et
1033 2165 1219 2195 annum
1250 2152 1404 2201 2262.
1433 2148 1646 2195 natalem
1682 2146 1952 2211 Arphaxad.
1978 2144 2109 2194 diem

279 2217 540 2273 adtexere,
585 2225 634 2264 et
670 2225 783 2282 post
820 2223 974 2272 2262.
1012 2235 1168 2265 annos
1209 2218 1326 2270 135.
1368 2218 1630 2265 dumtaxat
1657 2225 1834 2282 putare
1866 2217 1931 2264 ad
1968 2217 2109 2264 Sala-e

279 2293 446 2335 ortum
481 2305 611 2335 anno
649 2291 804 2341 2397.
842 2289 901 2335 ab
939 2306 994 2336 eo
1033 2288 1396 2351 consignatum.
1447 2288 1738 2336 Africanum
1769 2287 1933 2336 verbis
1969 2286 2108 2335 hisce

277 2357 561 2422 Scripturae
586 2359 758 2406 Genes.
785 2363 864 2411 11.
892 2375 939 2411 v.
975 2363 1055 2411 10.
1084 2359 1308 2406 delusum
1334 2375 1461 2406 reor.
1512 2361 1623 2405 Sem
1652 2367 1760 2405 erat
1786 2367 1982 2406 centum
2015 2375 2106 2405 an-

276 2444 457 2475 norum
489 2428 694 2493 quando
725 2431 908 2493 genuit
945 2427 1261 2493 Arplzaxad:
1297 2428 1402 2494 ipse
1442 2445 1562 2477 vero
1598 2428 1778 2476 diluvii
1814 2445 1971 2477 annus
2008 2428 2109 2476 fuit

275 2498 447 2545 aetatis
478 2501 588 2546 Sem
618 2499 941 2547 centesimus:
981 2518 1076 2563 quo
1104 2501 1271 2548 forsan
1303 2499 1537 2562 contigit,
1575 2507 1630 2546 ut
1652 2499 1968 2562 sequentibus
1993 2498 2107 2546 ani-

275 2583 412 2614 mum
447 2585 551 2616 non
593 2570 894 2618 adverteret:
947 2570 1142 2618 biennio
1177 2578 1297 2634 post
1348 2569 1621 2619 diluvium.
1696 2569 1918 2617 Africani
1962 2586 2106 2634 para-

273 2635 567 2699 logismum,
628 2640 865 2703 Georgius
911 2649 1083 2688 noster
1126 2642 1412 2704 frequenter
1455 2640 1711 2704 sequitur:
1770 2656 1861 2686 nec
1903 2639 2104 2687 omnino

275 2706 484 2769 (leserit,
520 2709 604 2756 ubi
629 2728 772 2757 sanae
797 2716 914 2758 sunt
939 2711 1044 2759 eius
1077 2711 1294 2759 rationes
1311 2747 1325 2772 ,
1363 2710 1544 2775 quibus
1573 2726 1676 2758 non
1702 2709 1799 2758 nisi
1826 2726 1954 2757 anno
1990 2717 2107 2775 post

112 2812 115 2817 .
273 2776 522 2824 diluvium
552 2780 703 2827 unico
731 2781 799 2826 Αι
803 2779 1001 2844 phaxad
1026 2789 1192 2829 ortum
1215 2782 1450 2830 retardat.

120 2856 175 2903 V.
196 2858 253 2902 27
408 2843 531 2912 ’Έτη
562 2868 652 2917 αιε
654 2847 704 2915 ’.]
752 2851 902 2898 Nullo
945 2851 1193 2900 diluvium
1237 2851 1370 2900 inter
1404 2858 1453 2898 et
1490 2849 1757 2915 Arphaxad
1794 2850 2106 2900 nativitatem

272 2898 576 2981 interposito
600 2920 786 2982 spatio,
822 2920 864 2967 si
891 2928 1005 2984 post
1027 2921 1299 2982 diluvium,
1339 2937 1401 2968 ex
1422 2920 1642 2968 Africani
1663 2928 1898 2985 computo
1922 2922 1984 2969 ad
2010 2939 2104 2969 an-

273 3003 393 3035 num
411 2987 583 3036 mundi
609 2994 763 3042 2262.
785 2990 1064 3038 revinctum
1092 2999 1203 3038 ante
1228 2991 1415 3068 prolem
1445 2991 1504 3036 ab
1531 2990 1800 3055 Arphaxad
1826 2999 2106 3058 susceptam

276 3056 379 3105 eius
404 3075 557 3105 annos
576 3060 689 3111 135.
706 3061 1021 3122 apposueris.
1059 3069 1107 3108 et
1134 3061 1270 3107 Salae
1297 3060 1484 3123 pariter
1507 3068 1621 3108 ante
1643 3062 1962 3128 τεκνογονίαν
1987 3066 2103 3116 130.

275 3128 442 3176 Heber
481 3127 596 3181 134
638 3128 820 3176 Phalec
867 3134 982 3183 130.
1025 3132 1194 3193 Ragau
1235 3134 1350 3183 132.
1387 3129 1575 3178 Seruch
1625 3134 1743 3185 130.
1786 3132 1985 3181 Nachor
2019 3137 2103 3187 79.

274 3197 464 3246 Tharra
504 3201 591 3250 70.
638 3206 685 3246 et
716 3199 915 3246 tandem
948 3199 1171 3248 Abrabae
1210 3201 1295 3253 75.
1338 3199 1654 3263 adiunxeris,
1704 3220 1732 3249 a
1775 3202 1948 3251 mundi
1990 3210 2104 3251 ortu

275 3268 437 3333 primo
471 3270 626 3322 3277.
664 3269 723 3316 ab
764 3268 873 3333 ipso
901 3286 1023 3317 vero
1065 3269 1256 3317 diluvio
1298 3277 1345 3317 et
1382 3287 1510 3318 anno
1548 3276 1700 3326 2262.
1737 3273 1829 3320 alia
1859 3289 2103 3320 annorum

282 3339 432 3392 1015.
473 3354 712 3386 summam
753 3339 978 3402 colliges:
1016 3357 1119 3388 non
1155 3340 1227 3388 ita
1267 3335 1396 3400 st'.
1431 3341 1548 3397 915.
1583 3350 1738 3408 prout
1763 3351 1931 3392 textus
1949 3344 2103 3392 Euse-

281 3408 413 3458 biani
438 3424 549 3471 pag.
577 3413 628 3464 9.
656 3409 855 3472 collegit
877 3408 1110 3474 Scaliger.

421 3476 560 3531 Σαλά
585 3474 852 3549 γενόμενος
878 3479 1000 3534 ἐτῶν
1022 3476 1129 3550 ρλ’.]
1181 3481 1394 3547 Scaliger
1421 3480 1680 3535 Animadv.
1707 3501 1756 3549 p.
1782 3483 1901 3539 249.
1952 3479 2105 3548 Quod
