2222 3938
355 184 482 242 322
753 187 1062 246 GEORGII
1096 184 1448 242 SYNCELLI
1482 184 1779 241 TEXTUS

355 319 544 369 mavult
580 319 794 383 Scaliger
830 333 942 384 pag.
967 322 1138 365 textus
1164 313 1213 368 4.
1250 313 1388 383 μέχρι
1416 310 1550 379 (paul.
1590 314 1731 374 ἔτους
1767 317 1899 365 Νωε.
1932 311 2058 363 ibid.
2088 314 2175 362 ubi

356 392 419 439 de
447 390 669 439 Malaleel
691 391 852 478 agitur
879 386 1045 454 μέχρις
1068 381 1200 452 φλγᾌ
1236 384 1373 445 ἔτους
1394 389 1538 448 Νωε,
1579 387 1809 433 mendose
1832 385 2034 435 omnino
2061 385 2178 437 red-

356 461 431 510 dit
457 458 594 526 μέχρι
616 454 753 522 φωέ.
785 458 924 517 ἔτους
949 459 1084 507 Νῶε.
1121 457 1176 504 Β.
1205 463 1322 520 post
1344 456 1497 503 verba
1524 455 1691 524 μέχρις
1727 450 1885 505 αὐτου
1911 459 2004 506 τοῦ
2029 474 2178 504 κατα·

356 533 583 595 κλυσμοῦ
607 528 849 594 appositis
885 525 1152 575 asterismis
1193 525 1349 573 multa
1382 525 1545 574 deesse
1580 524 1985 574 comminiscitur.
2031 526 2086 572 C.
2123 544 2178 574 το

358 599 414 652 δὲ
434 602 756 665 Σαμαρειτων
780 593 924 656 7022'.
959 596 1180 660 Scaliger
1203 595 1418 646 animad.
1447 612 1557 661 pag.
1573 596 1694 650 243.
1723 591 1836 651 s‘bk'.

500 683 613 744 Pag·
652 681 740 735 84.
778 681 830 728 C
865 684 957 746 τῆς
999 675 1208 731 ἑκάστου
1248 674 1427 747 ἀνδρὸς
1465 681 1606 744 ζωῆς.
1666 679 1883 742 Scaliger
1919 675 2180 726 Animadv.

354 768 466 820 pag·
491 751 610 805 249.
641 755 732 816 τῆς
765 747 984 802 ἑκάστων
1011 753 1153 816 ζωῆς.

498 836 611 899 Pag·
650 840 732 889 86
768 836 822 884 Β.
856 831 1177 918 Ἀφρικανοῦ.
1227 832 1364 882 Idem
1388 833 1752 918 Excerptorum
1785 830 1958 880 Euseb.
1998 847 2109 896 pag.
2133 831 2182 884 9.

354 901 482 957 κατα
506 924 596 956 τον
613 901 930 973 Ἀφρικανόν.
967 904 1090 955 ibid.
1124 907 1276 974 γεννᾷ
1297 899 1383 954 τὸν
1410 901 1574 954 Φαλὲκ
1597 899 1763 972 βχξαᾝ
1789 918 1994 950 numero
2022 894 2183 984 βχξαῖ

351 976 422 1023 ‘ad
461 976 716 1041 perioches
757 978 942 1024 calcem
975 976 1249 1024 submovet.
1290 975 1340 1021 C.
1380 969 1555 1039 Θᾶῤῥα
1596 971 1650 1024 o'.
1682 973 1805 1024 ἐτῶν
1843 969 1940 1033 ὧν,
1988 968 2071 1033 τὸ,
2110 987 2184 1019 ων

356 1046 613 1111 expungit.
644 1044 768 1095 ibid.
807 1046 927 1115 ἔτη
929 1041 1033 1097 αιέ.
1057 1046 1143 1093 1110
1171 1044 1444 1091 111011110εο’
1429 1044 1510 1108 ε’τη
1540 1038 1670 1106 ffits'.
1706 1050 1755 1090 et
1783 1050 1897 1107 post
1923 1039 2118 1090 verba'
2101 1039 2184 1105 ε’τη

355 1111 514 1186 γσοξ.
549 1117 748 1164 brevem
782 1116 1050 1181 periochen
1085 1115 1253 1163 subdit
1282 1130 1454 1160 eorum
1479 1130 1602 1177 quae
1629 1113 1691 1160 de
1720 1113 2058 1160 Hebraeorum
2094 1127 2184 1158 no-

355 1187 491 1234 mine
515 1185 711 1234 Author
737 1186 935 1234 exhibet
959 1202 1069 1250 pag.
1095 1189 1178 1238 99.
1207 1184 1259 1232 C.
1286 1183 1342 1230 D.
1367 1202 1448 1245 το,
1483 1179 1655 1250 βᾏπῖ
1677 1182 1932 1247 expungit.

487 1271 604 1334 Pag·
642 1273 725 1322 87.
763 1268 821 1319 A.
868 1271 1073 1358 τελευτᾷ
1111 1262 1352 1354 δεύτερος.
1398 1268 1524 1315 Scal.
1560 1261 1641 1327 τὸ,
1679 1263 1907 1332 δεύτερος
1948 1263 2187 1330 expungit

357 1355 467 1405 Pag-
492 1344 540 1393 9.
577 1338 700 1390 ibbd.
736 1338 901 1405 μέχρις
924 1334 1016 1390 να’.
1056 1337 1194 1398 ε’τους
1214 1332 1450 1403 Ἀβραάμ.
1481 1336 1560 1384 his
1592 1335 1679 1383 ille
1715 1353 1777 1383 ex
1812 1336 2017 1418 proprio
2054 1350 2188 1400 penu

360 1403 713 1468 11111111.οὗτος
743 1428 939 1476 πρωτος
977 1405 1158 1475 ἄρξατο
1190 1412 1282 1458 τοῦ
1305 1408 1658 1493 Ἑλληνισμου,
1695 1405 1782 1456 καὶ
1816 1409 1907 1456 τοῦ
1945 1401 2188 1488 δόγματος

352 1482 446 1566 τῆς
476 1478 889 1562 εἰδωλολατρείας.
929 1480 982 1527 C.
1002 1477 1160 1564 μέχρι
1190 1474 1272 1542 ιη’.
1318 1472 1508 1542 Ἰακώβ.
1545 1477 1632 1524 ille
1667 1493 1776 1541 pag.
1808 1480 1887 1529 10.
1926 1474 2065 1562 μέχρι
2091 1471 2187 1540 μή.

352 1544 543 1615 Ἰακώβ.
582 1547 705 1598 ibid.
741 1549 907 1632 μέχρις
934 1545 1029 1599 σθ’.
1066 1544 1251 1613 Ἰακώβ.
1288 1549 1513 1595 mendam
1542 1547 1689 1594 iterat
1721 1554 1768 1594 et
1805 1541 1875 1596 θ’.
1908 1541 2077 1611 Ἰακωβ
2108 1561 2188 1593 re-

353 1619 515 1685 ponit.
542 1620 599 1666 D.
626 1619 791 1687 μέχρις
819 1615 899 1670 λε.
930 1614 1122 1679 Ἰσαοῖκ,
1159 1618 1244 1666 1110
1272 1618 1440 1667 divisis
1461 1634 1575 1666 cum
1601 1615 1824 1665 Librario
1850 1624 2047 1664 errante
2070 1613 2187 1663 cha-

353 1689 630 1737 racteribus
665 1691 804 1756 μέχρι
835 1685 943 1739 σλε’.
978 1684 1158 1739 Ἰσαάκ.

497 1774 612 1837 Pag.
641 1778 725 1826 90.
759 1773 809 1820 C.
837 1793 863 1823 o
899 1768 1024 1838 παρ’
1042 1770 1167 1836 ’ἡμῖν
1183 1765 1454 1849 Νεμβρωδ,
1476 1769 1560 1818 ille
1582 1776 1752 1818 textus
1774 1768 1952 1819 Euseb.
1977 1786 2087 1836 pag.
2105 1769 2185 1823 14.

358 1838 574 1909 Νευρόδ.
618 1841 740 1889 ibid.
765 1861 835 1892 το
880 1844 1188 1907 Βαβυλῶνος
1224 1840 1488 1925 expunxit.
1542 1840 1765 1888 Titulum
1805 1840 1886 1889 his
1930 1841 2188 1905 praemisit

355 1916 584 1972 Βασιλεῖς
627 1913 908 1963 Χαλδαίων.
958 1911 1085 1962 ibid.
1121 1908 1507 1977 Χοσμασβολος,
1555 1911 1643 1958 1110
1681 1908 2023 1976 Χομάσβολος.
2059 1909 2185 1961 ibid.

357 1980 480 2063 μετὰ
512 1982 744 2063 ημίσεως,
780 1982 873 2030 11εο
897 1990 1013 2030 nota
1033 1995 1104 2034 Q
1139 1981 1468 2044 significatum
1488 1981 1752 2045 expunxit,
1789 1982 2007 2029 Medium
2033 1980 2186 2041 hunc,

356 2054 410 2100 in
455 2070 642 2100 annum
679 2054 925 2116 integrum
962 2059 1138 2116 putare
1189 2052 1349 2113 solent
1387 2051 1624 2114 Georgius
1666 2059 1713 2099 et
1755 2051 2011 2100 Eusebius.
2061 2049 2187 2098 ibid.

169 2125 222 2170 P.
250 2127 335 2172 521
363 2125 644 2188 Νεχοῦβις,
693 2123 778 2170 1110
817 2119 1082 2188 Νεχώβης.·
1122 2121 1181 2168 de
1215 2121 1488 2169 dictionum
1526 2121 1704 2169 ordine
1749 2122 1834 2169 1110
1878 2113 2187 2186 pertuibato,

255 2244 257 2247 ,
345 2193 515 2256 =deque
552 2192 822 2240 obliteratis
863 2193 1042 2240 mundi
1078 2208 1249 2255 amns,
1287 2191 1402 2256 quia
1437 2192 1502 2240 ad
1544 2193 1645 2239 eius
1678 2184 1784 2240 non
1817 2191 2124 2278 conferunt
2108 2209 2188 2240 m·-

356 2263 616 2324 stitutum,
653 2270 812 2310 taceo.

497 2348 609 2410 Pag-
647 2350 730 2399 91.
767 2339 1030 2412 Αἰγύπτου
1067 2342 1152 2394 καὶ
1188 2345 1280 2408 τῆς
1313 2338 1470 2394 πάλαι
1503 2346 1819 2411 Μεστραίας;
1865 2345 2046 2394 horum
2076 2345 2187 2395 vice

356 2417 558 2480 1eponit
580 2433 690 2480 pag·
720 2420 799 2469 18.
823 2416 1112 2501 Αἰγυπτίων
1138 2416 1370 2479 βασιλεῖς.
1399 2415 1700 2501 Κουρουδής
1719 2416 1884 2464 ieddit
1907 2414 2186 2497 Κούδρους.

357 2485 485 2535 ibid.
522 2487 811 2554 Αἰγυπτίων
851 2483 942 2536 δυο
979 2485 1222 2550 βασιλέων
1263 2482 1312 2534 ε’.
1354 2483 1440 2534 καὶ
1481 2478 1538 2542 ς’.
1580 2482 1936 2569 οἷνεπιγράφων
1971 2486 2054 2552 ἔτη
2093 2483 2182 2553 οβ’.

357 2556 539 2618 Scalig.
584 2557 875 2641 Αἰγυπτίων
928 2555 1243 2621 ἐβασίλευσεν
1282 2548 1333 2605 ε’.
1375 2550 1720 2622 ἀνεπίγραφος
1757 2552 1851 2621 οβ’.
1894 2558 2186 2636 Αἰγυπτίων

359 2624 673 2689 ἐβασίλευσεν
708 2621 762 2684 ς’.
795 2621 1135 2692 ανεπίγραφος
1165 2659 1418 2674 .......
1457 2627 1575 2688 quid
1605 2627 1788 2689 fingeie
1821 2626 1910 2685 sit,
1959 2627 2054 2674 nisi
2086 2626 2184 2674 1100

363 2695 548 2758 fingeie
584 2697 674 2757 sit,
711 2696 893 2744 nescio.
933 2698 986 2744 C.
1026 2696 1148 2746 ε’των
1178 2691 1312 2762 αος’.
1340 2695 1424 2742 1110
1455 2695 1580 2745 έτων
1603 2690 1763 2763 Ἁοςῖ
1802 2703 1918 2759 post
1957 2714 2083 2760 quae
2110 2714 2186 2745 se-

364 2765 561 2828 quentia
586 2767 764 2828 verba,
797 2762 837 2848 ᾖ
862 2785 936 2825 τις
969 2763 1152 2831 ἤρξατο
1186 2762 1282 2829 μὲν
1310 2768 1380 2832 τῷ
1409 2760 1546 2831 β7ί>’.
1580 2765 1674 2815 ἔτει
1706 2767 1798 2814 τοῦ
1827 2762 2011 2831 κόσμου
2046 2767 2185 2832 ἔληξε

358 2832 414 2884 δὲ
448 2835 519 2894 εἰς
555 2855 609 2886 το
633 2831 826 2903 γφςοςῖ.
867 2856 956 2886 του
1000 2833 1186 2915 κόσμου
1219 2836 1474 2898 expungit.
1513 2835 1568 2881 D.
1605 2835 1823 2882 Titulum
1857 2854 2052 2884 omnem
2082 2841 2185 2901 Θη-

364 2905 523 2969 βαίων
558 2905 798 2969 βασιλέων
826 2914 916 2952 etc.
951 2913 1108 2953 mutat
1138 2906 1193 2952 in
1223 2903 1361 2950 hunc
1394 2905 1602 2951 alterum
1632 2906 1870 2969 Θηβαίων
1892 2907 2185 2971 Αἰγυπτίων

362 2975 596 3039 βασιλεῖς.
642 2992 762 3022 111οΧ
799 2975 1005 3022 titulum
1043 2977 1197 3024 refert
1235 2973 1290 3019 in
1330 2981 1552 3035 textum,
1605 2981 1654 3022 et
1687 2991 1856 3023 errore
1890 2977 1943 3024 in
1977 2993 2182 3041 numero

359 3038 526 3113 αρκδ’.
554 3053 777 3106 servato,
813 3062 1071 3092 numerum
1097 3038 1188 3107 λη’.
1220 3030 1369 3089 vertit
1399 3042 1452 3089 in
1480 3039 1568 3092 λα’.

498 3114 612 3177 Pag.
651 3119 734 3167 92.
771 3114 830 3163 A.
868 3109 1093 3181 Ἀραβων
1127 3115 1357 3177 βασιλεῖς.
1393 3113 1613 3161 Titulum
1646 3113 1782 3162 hunc
1807 3123 1855 3163 et
1879 3116 2033 3165 lineas
2061 3117 2182 3165 duas

358 3191 616 3248 sequentes
641 3183 695 3230 in
722 3182 847 3232 haec
875 3184 1023 3232 veiba
1052 3189 1323 3230 commutat
1353 3182 1568 3245 Scaliger
1596 3201 1705 3248 pag.
1731 3193 1901 3235 textus
1932 3187 2011 3240 14.
2043 3183 2181 3253 Ἆρα-

359 3255 466 3319 βων
493 3256 709 3320 βασιλεῖς
738 3253 791 3302 οἱ
816 3271 934 3316 μετα
962 3271 1082 3311 τους
1115 3268 1216 3301 των
1246 3253 1527 3302 Χαλδαίων.
1563 3262 1620 3302 ut
1647 3271 1856 3318 sequens
1884 3258 2179 3305 laterculum

361 3324 708 3388 depravaverit
731 3330 889 3370 totum
914 3322 1282 3370 observationes
1322 3321 1384 3370 ad
1411 3339 1519 3387 pag.
1555 3328 1636 3378 92.
1671 3324 1910 3373 indicant.
1940 3326 2064 3375 ibid.
2093 3331 2180 3377 Σι-

359 3389 694 3510 σιμαρδακος,
729 3392 896 3440 reddit
929 3392 1016 3439 ille
1049 3388 1407 3479 Σισιμαδακος.
1447 3391 1570 3440 ibid.
1611 3390 1810 3459 Ναβιος
1851 3396 1935 3444 1110
1974 3393 2174 3460 Γαβιος.

359 3463 414 3512 Β.
450 3482 504 3515 το
534 3460 790 3532 διήρκεσεν
810 3469 971 3512 mutat
989 3462 1045 3510 in
1075 3456 1170 3514 ωδε
1204 3462 1373 3527 ε’ληξεν
1398 3470 1566 3511 textus
1593 3463 1769 3514 Euseb.
1797 3482 1907 3530 pag.
1934 3469 2013 3519 14.
2042 3468 2176 3513 Rur-
