2222 3938
332 138 461 224 362
953 170 1532 230 EMENDATIONES

334 304 575 370 reparatis
606 303 1018 364 Pontificatibus,
1055 303 1252 351 Achilla
1287 304 1476 370 pariter
1516 321 1662 371 quem
1700 304 1941 356 Eusebius
1971 314 2020 356 et
2052 323 2165 357 eum

336 384 578 440 sequutus
593 375 834 424 Baronius
857 376 965 422 solo
986 374 1286 439 Presbyterii
1309 376 1464 438 gradu
1485 383 1779 441 provectum
1803 386 2044 440 asserunt,
2076 396 2163 427 su-

335 455 502 512 perest
525 446 830 510 Theophilus
862 445 1100 508 vigesimo
1133 441 1373 509 secundo,
1422 463 1524 494 non
1553 451 1636 501 26.
1676 448 1790 494 loco
1826 449 2159 514 reponendus.

337 518 506 576 Quare
551 517 671 563 licet
715 515 960 564 Achillam
1006 515 1137 563 inter
1180 516 1445 564 Pontifices
1484 517 1850 566 Alexandrinos
1913 527 2163 568 recenseat

333 586 659 651 Theophanes
676 626 690 648 ‚
725 594 783 634 ut
804 586 938 633 nuda
964 593 1129 633 tamen
1150 587 1446 651 Presbyterii
1471 588 1707 649 dignitate
1734 588 1968 652 insignis,
2007 590 2162 654 quod·

332 676 430 723 que
454 657 625 705 Arium
648 656 878 704 incautus
907 657 1178 721 susceperit
1197 658 1255 704 ab
1282 675 1450 707 eorum
1483 659 1593 706 albo
1618 660 1818 708 videtur
1854 659 1915 706 ab
1941 660 2163 709 Authore

330 735 627 793 expunctus.
701 727 948 775 Abraham
982 727 1350 789 Ecchellen'sis‚
1398 729 1486 792 qui
1526 746 1636 777 eum
1669 729 1760 777 sub
1795 729 2026 782 Archelai
2061 748 2162 779 no-

326 799 463 846 mine
490 797 739 846 decimum
764 807 997 846 octavum
1024 807 1273 861 recenset,
1312 807 1361 846 et
1384 798 1717 864 Theophilum
1738 801 1886 849 tertia
1910 817 2058 866 supra
2077 806 2161 855 20.

326 869 440 917 sede
463 869 629 930 locat,
674 869 734 917 de
769 887 825 918 eo
860 870 933 917 ita
968 869 1143 917 scribit
1174 888 1224 935 p.
1252 874 1368 923 116.
1414 870 1703 918 Archelaus
1732 870 1894 924 sedem
1927 873 2091 918 tenuit
2111 875 2160 924 6.

326 939 584 986 mensibus
613 949 831 988 tantum.
910 940 1083 988 Causa
1110 951 1281 987 autem
1308 943 1417 987 eius
1442 950 1619 988 mortes
1631 944 1748 1005 fuit
1762 979 1776 1006 ,
1811 941 1953 1007 quod
1971 941 2162 991 Arium

326 1013 600 1075 susceperit
626 1013 761 1076 impr
752 1009 1002 1058 udenter:
1038 1010 1247 1077 ideoque
1271 1010 1456 1059 occidit
1475 1013 1626 1059 illum
1646 1012 1782 1060 Deus
1800 1022 1886 1064 etc.

450 1105 586 1169 ’Ἕως
621 1113 716 1160 τοῦ
755 1105 867 1177 ρξε’.
918 1109 1055 1169 ἔτους
1092 1114 1185 1161 τοῦ
1217 1105 1410 1176 Ἑνώχ]
1473 1111 1707 1159 Praesens
1752 1109 2060 1169 emendatio,
2111 1117 2161 1158 et

328 1175 502 1249 auwg‘.
540 1179 652 1228 vice
676 1177 845 1249 ασπζ.
868 1197 1105 1228 numerus
1123 1182 1437 1248 reponendus
1460 1181 1677 1247 probant
1701 1198 1816 1246 pag.
1841 1180 2160 1247 praecedens,

327 1258 380 1298 et
411 1257 532 1298 nota
558 1251 787 1316 superior
816 1259 1004 1316 quarta.

472 1349 706 1399 Γίνονται
737 1348 941 1414 ’ἤμερων
975 1345 1066 1414 μὲν
1094 1344 1333 1415 μυριαδες
1366 1346 1457 1416 μς’.
1493 1347 1579 1400 καὶ
1611 1340 1737 1419 ‘31¹7'
1743 1349 1776 1414 .]
1824 1348 1970 1397 Anno
2003 1351 2160 1402 1286.

325 1418 381 1467 in
416 1419 518 1467 dies
544 1423 663 1473 365
692 1420 1006 1468 distribuenti
1030 1420 1307 1469 emendatio
1332 1418 1469 1491 θτγζ
1497 1420 1610 1471 vice
1644 1414 1789 1490 137¹).
1821 1419 1980 1468 oculis
2007 1425 2160 1485 patet.

327 1490 453 1539 Vide
479 1498 650 1538 notam
682 1498 982 1555 sequentem.

466 1585 791 1655 Ἑβδομαδων
825 1588 879 1640 δὲ
914 1586 1153 1656 μυριάδες
1186 1583 1241 1648 ς’.
1268 1588 1355 1640 και
1383 1585 1495 1659 ζνς’
1500 1590 1535 1656 .]
1579 1590 1749 1639 Annos
1785 1591 1967 1638 iterum
2006 1589 2159 1640 1286·

326 1658 382 1706 in
405 1659 736 1707 hebdomades
765 1664 848 1715 52.
874 1662 917 1710 si
940 1663 1167 1710 diviseris
1191 1661 1435 1724 singulos,
1472 1661 1802 1709 hebdomades
1828 1658 2160 1714 6687211111-

325 1730 378 1777 lo
403 1730 599 1791 negotio
628 1731 836 1795 colligis.
911 1732 1087 1780 Annua
1114 1750 1231 1780 vero
1265 1732 1500 1796 periodus
1536 1750 1649 1780 cum
1694 1749 1846 1797 supra
1882 1729 2158 1777 hebdoma-

329 1801 414 1848 des
459 1802 542 1854 52.
594 1802 724 1848 diem
766 1802 931 1850 adhuc
970 1803 1221 1851 residuum
1259 1803 1534 1867 relinquat:
1579 1803 1793 1852 residuis
1838 1800 1938 1849 illis
1984 1798 2157 1847 diebus

328 1875 481 1924 1286.
515 1872 569 1918 in
613 1871 942 1921 hebdomades
977 1874 1256 1934 conversis,
1308 1891 1475 1921 earum
1513 1891 1754 1922 summam
1792 1874 1908 1926 183.
1954 1877 2002 1918 et
2051 1868 2157 1917 dies

327 1942 377 1995 5.
405 1942 622 2006 reperis:
658 1942 789 1991 hanc
819 1944 1029 2008 adiunge
1065 1945 1227 2010 priori
1262 1948 1454 1999 66872.
1479 1952 1528 1992 et
1566 1944 1932 1994 hebdomadum
1964 1940 2154 1994 67055.

326 2029 502 2060 numei
507 2030 587 2060 um
628 2013 886 2062 obtinebis.

457 2112 577 2199 Pag.
603 2112 686 2164 34
711 2107 1121 2178 Ἀπολλοδώρου]
1152 2111 1358 2160 Photius
1384 2112 1444 2160 de
1468 2112 1570 2160 eius
1586 2111 1800 2176 scriptis.
1836 2103 2153 2195 Βιβλιοθήκη

327 2176 499 2241 αυτοῖς
525 2181 562 2247 ἦ
584 2179 834 2270 ἕπιχραφη
858 2189 1068 2248 περιεῖχε
1091 2203 1150 2232 τα
1170 2185 1438 2233 παλαίτατα
1459 2187 1558 2232 τῶν
1575 2178 1843 2268 Ελλήνων,
1859 2177 1951 2232 όσα
1972 2200 2022 2231 τε
2040 2179 2154 2246 περὶ

324 2255 466 2302 θεων
479 2272 562 2302 και
581 2249 764 2319 ἥρω’ων
788 2273 813 2303 ο
838 2250 1017 2318 χρόνος
1045 2249 1213 2313 αὐτοῖς
1240 2251 1463 2314 δοξάζειν
1488 2254 1687 2315 ἔδωκεν,
1705 2248 1979 2317 ὀνομασίας
2003 2270 2153 2301 ποτα-

325 2343 452 2389 μων,
476 2322 559 2373 καὶ
582 2342 785 2408 χωρων,
823 2323 907 2374 καὶ
931 2324 1124 2381 ἐθνῶν,
1162 2323 1246 2374 καὶ
1277 2320 1487 2374 πόλεων.
1537 2322 1663 2375 ὅθεν
1683 2322 1768 2374 καὶ
1794 2319 1855 2372 τοὶ
1881 2319 2038 2373 πολλοὶ
2060 2317 2152 2372 όσα

327 2394 400 2453 εἷς
424 2391 477 2444 τό
500 2389 705 2460 οἷρχαῖον
728 2389 959 2482 οἷνατρέχε
941 2415 1007 2456 ι,
1037 2394 1121 2445 καὶ
1145 2411 1334 2445 κατεισι
1360 2394 1499 2484 μέχρι
1520 2398 1621 2444 τῶν
1657 2396 1918 2462 Τρωίκῶν,
1953 2391 2036 2442 καὶ
2066 2386 2151 2442 α’ν-

327 2466 461 2529 δρων
496 2485 651 2515 τινων
687 2461 811 2548 πρὸς
846 2461 1088 2529 ἀλλήλους
1128 2485 1302 2552 μαχας
1319 2464 1404 2516 καὶ
1439 2466 1555 2531 ἔργα
1593 2463 1890 2554 ἐπιτρέχων,
1933 2483 2016 2513 και
2051 2465 2152 2512 τῶν

328 2530 426 2585 nimi
455 2536 634 2601 Τροίας
664 2531 856 2600 πλανης
880 2534 1018 2595 τινοῖς
1046 2532 1258 2602 μάλιστα
1288 2530 1588 2596 Ὀδυσσέως,
1628 2536 1697 2595 εἰς
1727 2554 1787 2585 ον
1825 2529 1961 2600 αὐτῷ
2000 2532 2037 2597 ἦ
2064 2527 2151 2598 οἷρ-

327 2607 582 2670 χαιολογία
603 2602 879 2672 καταλήγει.
952 2608 1064 2655 Illis
1102 2607 1476 2654 aBiblzioclzeea
1514 2624 1687 2653 nomen
1716 2613 1837 2652 erat.
1913 2604 2150 2651 Contine-

327 2676 450 2722 hant
472 2679 716 2739 antiquas
737 2695 960 2743 quasque
977 2679 1285 2725 Graecorum
1306 2677 1566 2737 historias,
1590 2686 1635 2723 et
1657 2693 1787 2741 quae
1806 2676 1910 2720 sive
1926 2672 1985 2720 de
2006 2675 2146 2735 Diis,

326 2749 432 2792 sive
456 2744 515 2792 de
551 2748 803 2794 Heroibus
845 2751 1078 2813 temporis
1108 2751 1241 2795 ratio
1281 2746 1419 2794 dedit
1453 2745 1739 2811 opinanda,
1777 2762 1893 2791 cum
1922 2744 2148 2808 appella-

327 2816 553 2862 tionibus
572 2818 888 2881 fluminum,
923 2822 1210 2883 regionum,
1244 2821 1501 2883 gentium,
1540 2827 1585 2864 et
1622 2816 1842 2864 urbium.
1928 2817 2070 2862 Ηίηο
2101 2824 2148 2861 et

319 2887 567 2951 pleraque
606 2891 826 2952 antiqua
864 2889 938 2936 ad
965 2892 1081 2954 ipsa
1130 2891 1352 2938 Troiana
1385 2898 1608 2952 tempora
1654 2884 1948 2933 descendens
1979 2887 2144 2947 rQffett

337 2958 432 3005 Vm
434 2975 489 3004 01
492 2976 578 3003 um
618 2977 812 3024 quoque
846 2961 1206 3007 nonnullorum
1244 2962 1374 3005 inter
1414 2976 1464 3004 Se
1489 2974 1723 3022 pugnas,
1769 2973 1943 3020 resque
1970 2964 2145 3020 gestas·

331 3039 743 3091 commemorant,
782 3040 826 3076 et
851 3040 1004 3095 capta
1030 3033 1135 3076 iam
1174 3035 1238 3079 Tr
1240 3031 1324 3075 οἱα
1357 3046 1541 3074 errores
1578 3026 1947 3091 qumumdam,
1977 3044 2045 3091 P'
2048 3044 2145 3072 ae·-

330 3099 474 3163 cipue
509 3100 727 3162 Ulyssc's',
757 3102 820 3148 in
841 3119 986 3165 quem
1002 3091 1297 3165 priscarum
1317 3116 1485 3145 terum
1506 3101 1639 3145 ratio
1665 3099 1978 3145 terminatur.

468 3199 580 3260 Pag·
617 3201 700 3251 35·
733 3193 1016 3262 Ὀλόφωτον
1042 3196 1265 3264 ἦμέραν.]
1305 3198 1439 3257 Quae
1460 3214 1486 3243 a
1507 3204 1733 3261 reparata
1759 3203 1994 3258 creatura,
2024 3202 2072 3242 et
2087 3194 2143 3242 in

327 3269 491 3316 lucem
525 3268 613 3315 Dei
637 3269 856 3316 filiorum
894 3269 1154 3329 translata,
1191 3268 1352 3333 prima
1398 3275 1496 3328 est,
1534 3285 1676 3331 quam
1716 3267 1833 3314 fecit
1873 3265 2139 3314 Dominus:

330 3339 467 3390 cuius
503 3357 633 3400 nox,
671 3348 911 3404 perpetua
946 3345 1019 3385 est
1057 3338 1320 3403 δαδουχία,
1368 3338 1533 3402 inquit
1575 3338 1841 3401 Gregorius
1883 3337 1938 3384 in
1980 3336 2140 3400 ipsam

328 3427 507 3458 novam
534 3410 869 3470 Dominicam‚
905 3410 997 3456 lux
1023 3424 1145 3456 vero
1182 3425 1393 3476 sequens
1420 3408 1555 3473 apud.
1582 3409 1842 3457 modernos
1869 3423 1988 3474 prae
2010 3422 2138 3454 cun-

327 3480 422 3528 ctis
448 3481 617 3530 diebus
641 3484 867 3550 λαμπροῖς
893 3478 987 3529 sibi
1016 3496 1195 3528 nomen
1230 3487 1557 3546 promeretur.
