2112 3854
566 219 579 237 ·
803 195 1301 253 DISSERTATIO.
1913 190 1952 250 5

282 326 736 389 Quamquampvero
777 326 944 391 plures
979 327 1077 375 iam
1113 335 1225 376 ante
1263 325 1378 375 Chr.
1416 333 1519 375 nat.
1542 326 1596 374 in
1628 325 1883 392 Aegyptiis
1906 336 1957 378 et

143 395 364 458 Persicis,
403 396 614 443 maxime
638 396 687 444 in
716 397 916 445 Graecis
942 398 1269 463 Romanisque
1291 397 1436 446 rebus
1459 396 1521 444 ad
1546 398 1782 462 temporis
1806 399 1956 446 ratio..

140 483 253 513 nem
301 466 644 530 comparandis
689 484 891 532 operam
945 469 1332 530 collocaverant,
1375 467 1508 515 inter
1556 485 1680 532 quos
1725 468 1953 532 inprimis

140 536 415 584 laudandus
438 553 540 584 esse
564 536 759 586 videtur
784 537 1027 585 Diodorus
1050 539 1276 586 Siculus:
1311 554 1470 586 novae
1489 545 1652 585 tamen
1678 537 1956 586 difficulta-

143 614 217 654 tes
241 614 439 654 exortae
459 615 572 654 sunt
588 643 601 670 ,
636 624 788 671 quum
815 615 931 672 post
955 607 1068 656 Chr.
1087 617 1189 657 nat.
1211 611 1472 672 scriptores
1497 608 1765 655 christiani
1786 626 1954 657 omnes

140 677 439 741 populorum
462 694 539 724 res
564 685 721 741 gestas
756 678 820 725 ad
850 678 1241 743 Chronologiam
1261 679 1516 726 Biblicam
1537 679 1719 726 referre
1745 679 1956 727 studue-

141 754 287 808 runt,
324 764 420 811 qua
453 748 580 795 duce
611 765 873 796 numerum
909 766 1152 797 annorum
1179 766 1331 813 usque
1369 750 1431 798 ad
1457 749 1751 798 creationem
1777 750 1951 798 mundi

142 817 368 881 colligere
390 835 532 882 posse
554 818 646 865 sibi
667 818 978 870 videbantur.

282 889 461 936 Omnes
485 889 610 935 enim
635 898 805 953 gentes
831 907 891 938 ex
923 889 1092 937 indole
1118 888 1306 952 generis
1332 887 1562 949 humani,
1598 888 1674 936 uti
1697 905 1845 936 senex
1869 889 1950 937 iu-

137 965 391 1006 ventutem
413 959 640 1006 laudibus
670 959 811 1007 effert
825 998 839 1022 ,
878 962 1235 1024 antiquitatem
1259 975 1396 1006 suam
1430 959 1657 1006 omnibus
1683 959 1957 1007 virtutibus

140 1028 367 1093 corporis
415 1036 562 1093 atque
610 1029 786 1091 animi,
824 1029 1226 1095 pulchritudine,
1263 1028 1575 1088 valetudine,
1610 1029 1955 1092 longaevitate,

138 1099 434 1147 abundantia
460 1108 608 1164 atque
632 1100 927 1148 excellentia
951 1117 1118 1148 rerum
1150 1100 1392 1160 omnium,
1428 1098 1629 1160 iustitia,
1659 1099 1956 1162 innocentia,

138 1185 327 1216 summa
354 1170 590 1217 felicitate
615 1180 824 1231 ornant,
868 1188 1162 1234 aureamque
1188 1177 1395 1217 aetatem
1420 1168 1683 1232 aliquando
1705 1169 1836 1217 inter
1860 1169 1956 1218 ho-

138 1240 294 1287 mines
331 1240 482 1288 fuisse
520 1240 731 1304 fingunt.
802 1241 1034 1306 Inprimis
1059 1242 1269 1288 laudant
1298 1240 1485 1304 primos
1507 1239 1729 1287 homines
1758 1241 1957 1304 longae-

137 1327 226 1358 vos
263 1310 431 1372 fuisse,
475 1318 524 1357 et
560 1311 751 1372 Graeci,
789 1311 936 1359 sicuti
983 1311 1227 1376 Aegyptii,
1264 1310 1509 1371 Chaldaei,
1548 1309 1832 1373 Phoenices,
1869 1329 1956 1358 ve-

139 1390 264 1427 teres
311 1381 446 1427 mille
486 1399 645 1428 annos
676 1384 859 1430 vixisse
887 1382 1108 1429 tradunt.
1192 1380 1450 1445 (Iosephus
1482 1381 1730 1444 Antiquit.
1769 1381 1953 1428 Iudaic.

138 1450 253 1497 libr.
287 1451 323 1501 I.
362 1468 468 1515 cap.
505 1454 538 1503 3
575 1451 622 1516 §.
654 1449 724 1515 9).
761 1478 831 1488 -
866 1453 1064 1499 Praeter
1083 1452 1214 1500 hanc
1243 1467 1547 1498 communem
1579 1451 1797 1498 indolem
1822 1470 1953 1515 pro-

129 1522 310 1600 primm
340 1521 533 1584 populo
582 1520 794 1568 ludaico
832 1522 1039 1570 iuvenili
1070 1522 1288 1569 studium
1312 1522 1430 1583 fuit,
1468 1522 1625 1584 gentis
1649 1538 1763 1569 suae
1788 1529 1955 1569 ortum

140 1608 168 1636 a
201 1590 298 1655 piis
329 1591 772 1670 primogenitorum
811 1592 1071 1656 nepotibus
1108 1592 1374 1652 deducere,
1422 1599 1482 1638 ut
1525 1607 1597 1652 se,
1636 1610 1663 1638 a
1698 1592 1815 1642 Iov-a
1862 1609 1950 1639 suo

71 1667 86 1683 ⁸
139 1661 473 1721 amatissimos,
502 1678 619 1725 prae
646 1662 871 1709 omnibus
894 1671 1053 1710 terrae
1079 1661 1278 1727 populis
1302 1668 1620 1712 ostentarent,
1667 1661 1795 1709 Hinc
1817 1679 1954 1708 sum-

137 1748 219 1779 ma
263 1748 373 1779 cum
409 1731 659 1794 diligentia
690 1734 1048 1797 Genealogiam
1074 1733 1318 1780 maiorum
1355 1731 1675 1779 effinxerunt:
1710 1748 1956 1796 quumque

137 1809 356 1850 caeterae
391 1809 558 1866 gentes
601 1803 656 1850 in
691 1803 1007 1865 universum,
1043 1810 1231 1850 veteres
1259 1802 1393 1850 mille
1416 1819 1569 1849 annos
1593 1802 1802 1860 vixisse,
1838 1819 1958 1849 nar-

136 1881 330 1935 rarent,
367 1872 534 1921 Iudaei
565 1873 783 1937 singulos
825 1874 1172 1937 nominarunt,
1213 1881 1260 1920 et
1295 1873 1601 1936 singulorum
1640 1890 1794 1920 annos
1827 1873 1957 1920 vitae

138 1944 418 1992 accuratius
462 1942 784 2007 definierunt,
821 1953 880 1993 ut
917 1945 1204 1992 continuam
1231 1943 1403 1991 seriem
1430 1951 1478 1991 et
1498 1942 1758 1990 hominum
1785 1951 1835 1990 et
1867 1960 1958 1990 an-

135 2031 319 2062 norum
343 2031 637 2079 componere
664 2023 878 2079 possent,
918 2032 1042 2079 quae
1068 2033 1092 2061 a
1115 2015 1390 2079 praesentia
1415 2021 1551 2062 recta
1577 2013 1709 2060 linea
1730 2013 1792 2060 ad
1814 2016 1958 2078 prin-

139 2084 324 2150 cipium
357 2101 526 2132 rerum
568 2086 910 2147 adscenderet,
949 2103 1005 2132 ac
1020 2088 1137 2150 pios
1160 2084 1513 2149 primogenitos
1539 2084 1698 2147 gentis
1727 2084 1958 2132 Iudaicae

139 2163 364 2203 auctores
392 2172 494 2202 esse
526 2157 882 2220 comprobaret.
935 2155 1076 2202 Hanc
1101 2155 1480 2218 Chronologiam
1505 2153 1801 2202 Iudaeorum
1829 2154 1958 2202 scri-

133 2233 303 2291 ptores
341 2225 600 2272 christiani
625 2243 729 2273 non
750 2243 777 2271 a
797 2225 1006 2272 iuvenili
1030 2234 1172 2288 gente
1194 2225 1358 2272 fictam
1371 2262 1384 2287 ,
1423 2225 1509 2272 sed
1542 2241 1568 2271 e
1592 2241 1648 2272 re
1670 2241 1789 2272 vera
1814 2242 1958 2272 com-

135 2295 349 2360 positam
398 2296 480 2342 vel
518 2312 542 2341 a
575 2296 672 2343 Deo
698 2296 804 2360 ipso
829 2296 1119 2360 inspiratam
1143 2312 1245 2343 esse
1276 2302 1604 2357 censuerunt,
1636 2295 1770 2342 unde
1799 2302 1847 2342 et
1869 2312 1956 2359 po-

135 2366 311 2430 pulum
331 2364 587 2412 Iudaicum
607 2373 856 2428 tamquam
879 2366 1124 2430 populum
1150 2366 1239 2413 Dei
1264 2365 1477 2429 primum
1504 2366 1727 2412 omnium
1747 2372 1956 2428 ponunt,

139 2452 197 2482 ac
223 2442 523 2483 caeterarum
554 2437 775 2499 gentium
802 2452 880 2484 res
902 2444 1060 2501 gestas
1083 2435 1295 2485 Iudaicis
1319 2443 1566 2499 tamquam
1595 2434 1847 2483 addititias
1873 2435 1958 2482 in-

135 2512 325 2554 serunt.

277 2575 468 2624 Primus
498 2575 889 2625 Christianorum
911 2576 974 2624 ad
995 2576 1126 2624 hanc
1143 2576 1385 2624 rationem
1402 2573 1801 2637 chronologicon
1824 2573 1956 2622 scri-

137 2646 239 2711 psit
260 2647 430 2694 Julius·
452 2646 766 2709 Africana-9,
805 2647 1197 2699 accuratissimus
1223 2655 1498 2711 temporum
1529 2645 1841 2702 observator,
1884 2644 1957 2699 uti

136 2716 373 2782 Iosephus
416 2718 629 2780 Scaliger
656 2718 831 2767 merito
861 2735 972 2766 eum
997 2719 1192 2779 laudat,
1230 2719 1320 2765 sub
1343 2717 1638 2780 imperatore
1664 2716 1728 2764 M.
1758 2715 1955 2762 Aurelio

137 2787 386 2835 Antonino
401 2788 736 2850 Heliogabalo,
769 2789 1063 2853 Olympiade
1089 2790 1209 2850 250,
1242 2789 1395 2835 Grato
1416 2787 1680 2834 Severiano
1709 2793 1758 2832 et
1784 2786 1956 2831 Seleu-

138 2875 196 2905 co
227 2875 363 2920 coss.,
403 2876 529 2905 anno
554 2859 727 2906 mundi
748 2860 937 2912 57231.
954 2876 995 2907 e.
1021 2862 1139 2912 223.
1170 2866 1285 2922 post
1299 2858 1524 2908 Chnnat.
1541 2874 1566 2905 e
1590 2856 1957 2920 computatione

136 2928 384 2990 Africani,
422 2937 508 2976 aut
531 2929 572 2976 si
597 2930 887 2993 Dionysium
911 2929 1164 2990 Abbatem,
1202 2946 1344 2992 quem
1372 2929 1612 2991 Exiguum
1655 2927 1845 2989 dicunt,
1884 2942 1957 2972 se-

139 2999 224 3062 qui
259 2999 428 3062 malis,
464 3007 712 3046 auctorem
749 3008 947 3047 nostiae
970 2999 1177 3047 rationis
1212 3016 1366 3046 annos
1394 2997 1748 3062 computandi,
1786 3015 1827 3043 a.
1856 2999 1957 3048 221

137 3076 251 3132 post
274 3068 387 3118 Chr.
420 3068 600 3134 (Gemb
577 3070 677 3117 “ius
698 3071 956 3133 Syncellus
980 3086 1090 3134 pag.
1109 3074 1224 3131 107,
1252 3074 1356 3123 212
1380 3077 1429 3116 et
1440 3071 1570 3130 3595
1597 3067 1791 3115 Eusebii
1807 3066 1959 3112 Chro-

138 3138 368 3187 nicorum
402 3139 517 3187 libr.
542 3140 603 3187 Il.
632 3157 657 3187 e
689 3140 915 3189 versione
940 3141 1094 3188 latina
1126 3135 1417 3203 Hieronymi
1444 3156 1554 3204 pag,
1585 3140 1712 3198 1735
1764 3133 1960 3213 Iosephi

139 3210 371 3272 Scaliger-i
399 3210 738 3259 Animadvers.
767 3210 821 3257 in
853 3210 1086 3258 Chronol.
1111 3210 1292 3258 Euseb.
1319 3226 1430 3273 pag.
1452 3206 1595 3273 212).
1641 3207 1825 3254 Nomen
1855 3205 1960 3251 eius

141 3278 416 3340 significare
466 3280 695 3343 videtur,
745 3297 856 3328 eum
901 3282 955 3328 in
996 3280 1164 3328 Africa
1200 3287 1371 3327 natum
1406 3296 1521 3328 esse.
1595 3277 1651 3324 In
1689 3275 1961 3323 Palaestina

139 3347 408 3397 habitavit:
445 3351 632 3414 legatus
671 3350 803 3399 enim
833 3350 929 3398 fuit
957 3349 1451 3416 Nicopoleos,u1bis
1481 3347 1807 3403 Palaestinae,
1847 3346 1960 3392 loco

140 3419 448 3467 Emmauntis
469 3421 571 3467 vici
601 3420 777 3486 (Lucas
803 3438 910 3485 cap.
937 3421 1006 3474 24
1032 3438 1081 3469 v.
1113 3419 1198 3485 13)
1228 3420 1471 3481 conditae,
1511 3418 1572 3464 ad
1596 3417 1756 3480 lmpe1
1759 3424 1962 3476 Morem,

142 3505 287 3551 quem
328 3490 564 3539 Eusebius
600 3491 894 3552 (secundum
921 3491 1196 3541 versionem
1234 3491 1438 3538 latinam
1470 3484 1781 3552 Hieronymi)
1811 3487 1964 3534 Anto·
