<?xml version="1.0" encoding="UTF-8"?>
<!DOCTYPE html PUBLIC "-//W3C//DTD XHTML 1.0 Transitional//EN"
    "http://www.w3.org/TR/xhtml1/DTD/xhtml1-transitional.dtd">
<html xmlns="http://www.w3.org/1999/xhtml" xml:lang="en" lang="en">
 <head>
  <title>
</title>
<meta http-equiv="Content-Type" content="text/html;charset=utf-8" />
  <meta name='ocr-system' content='tesseract 3.04.00' />
  <meta name='ocr-capabilities' content='ocr_page ocr_carea ocr_par ocr_line ocrx_word'/>
</head>
<body>
  <div class='ocr_page' id='page_1' title='image "./corpusscriptorum21niebuoft_0446.png"; bbox 0 0 2222 3938; ppageno 0'>
   <div class='ocr_carea' id='block_1_1' title="bbox 339 178 1529 246">
    <p class='ocr_par' dir='ltr' id='par_1_1' title="bbox 339 178 1529 246">
     <span class='ocr_line' id='line_1_1' title="bbox 339 178 1529 246; baseline 0.006 -7"><span class='ocrx_word' id='word_1_1' title='bbox 339 178 466 239; x_wconf 80' lang='lat'><strong>436</strong></span> <span class='ocrx_word' id='word_1_2' title='bbox 957 188 1529 246; x_wconf 86' lang='lat' dir='ltr'><strong>EMENDATIONES</strong></span> 
     </span>
    </p>
   </div>
   <div class='ocr_carea' id='block_1_2' title="bbox 322 306 2174 3543">
    <p class='ocr_par' dir='ltr' id='par_1_2' title="bbox 322 306 2174 3543">
     <span class='ocr_line' id='line_1_2' title="bbox 341 306 2148 386; baseline -0.002 -18"><span class='ocrx_word' id='word_1_3' title='bbox 341 306 777 386; x_wconf 57' lang='lat' dir='ltr'><strong>consangffiinitatis</strong></span> <span class='ocrx_word' id='word_1_4' title='bbox 810 318 969 382; x_wconf 83' lang='lat' dir='ltr'><strong>gradu</strong></span> <span class='ocrx_word' id='word_1_5' title='bbox 1003 317 1063 366; x_wconf 90' lang='lat' dir='ltr'><strong>ab</strong></span> <span class='ocrx_word' id='word_1_6' title='bbox 1095 317 1332 384; x_wconf 83' lang='lat' dir='ltr'><strong>Ephraim</strong></span> <span class='ocrx_word' id='word_1_7' title='bbox 1357 325 1498 383; x_wconf 86' lang='lat' dir='ltr'><strong>patre</strong></span> <span class='ocrx_word' id='word_1_8' title='bbox 1521 316 1604 367; x_wconf 83' lang='lat' dir='ltr'><strong>vel</strong></span> <span class='ocrx_word' id='word_1_9' title='bbox 1631 333 1726 368; x_wconf 83' lang='lat' dir='ltr'><strong>avo</strong></span> <span class='ocrx_word' id='word_1_10' title='bbox 1756 314 2148 365; x_wconf 71' lang='lat' dir='ltr'><strong>descendentes?</strong></span> 
     </span>
     <span class='ocr_line' id='line_1_3' title="bbox 338 386 2149 454; baseline -0.004 -14"><span class='ocrx_word' id='word_1_11' title='bbox 338 391 419 440; x_wconf 90' lang='lat' dir='ltr'><strong>Nil</strong></span> <span class='ocrx_word' id='word_1_12' title='bbox 451 409 528 440; x_wconf 89' lang='lat' dir='ltr'><strong>me</strong></span> <span class='ocrx_word' id='word_1_13' title='bbox 561 391 711 454; x_wconf 88' lang='lat' dir='ltr'><strong>magis</strong></span> <span class='ocrx_word' id='word_1_14' title='bbox 743 390 828 437; x_wconf 86' lang='lat' dir='ltr'><strong>hic</strong></span> <span class='ocrx_word' id='word_1_15' title='bbox 862 396 1113 452; x_wconf 88' lang='lat' dir='ltr'><strong>moratur,</strong></span> <span class='ocrx_word' id='word_1_16' title='bbox 1150 389 1271 452; x_wconf 88' lang='lat' dir='ltr'><strong>quin</strong></span> <span class='ocrx_word' id='word_1_17' title='bbox 1310 388 1493 437; x_wconf 82' lang='lat' dir='ltr'><strong>Amiud</strong></span> <span class='ocrx_word' id='word_1_18' title='bbox 1520 405 1671 454; x_wconf 89' lang='lat' dir='ltr'><strong>aeque</strong></span> <span class='ocrx_word' id='word_1_19' title='bbox 1707 387 1865 435; x_wconf 90' lang='lat' dir='ltr'><strong>filium</strong></span> <span class='ocrx_word' id='word_1_20' title='bbox 1893 386 2149 452; x_wconf 81' lang='lat' dir='ltr'><strong>Ephraim,</strong></span> 
     </span>
     <span class='ocr_line' id='line_1_4' title="bbox 337 458 2150 525; baseline -0.004 -15"><span class='ocrx_word' id='word_1_21' title='bbox 337 462 420 510; x_wconf 89' lang='lat' dir='ltr'><strong>vel</strong></span> <span class='ocrx_word' id='word_1_22' title='bbox 444 461 584 510; x_wconf 69' lang='lat' dir='ltr'><strong>Beria⁴</strong></span> <span class='ocrx_word' id='word_1_23' title='bbox 609 460 912 525; x_wconf 82' lang='lat' dir='ltr'><strong>praedicem3</strong></span> <span class='ocrx_word' id='word_1_24' title='bbox 951 476 1096 524; x_wconf 89' lang='lat' dir='ltr'><strong>quam</strong></span> <span class='ocrx_word' id='word_1_25' title='bbox 1121 467 1177 508; x_wconf 90' lang='lat' dir='ltr'><strong>ut</strong></span> <span class='ocrx_word' id='word_1_26' title='bbox 1198 459 1407 507; x_wconf 89' lang='lat' dir='ltr'><strong>eundem</strong></span> <span class='ocrx_word' id='word_1_27' title='bbox 1431 459 1614 507; x_wconf 86' lang='lat' dir='ltr'><strong>Amiud</strong></span> <span class='ocrx_word' id='word_1_28' title='bbox 1645 458 1806 507; x_wconf 90' lang='lat' dir='ltr'><strong>filium</strong></span> <span class='ocrx_word' id='word_1_29' title='bbox 1841 458 2039 505; x_wconf 87' lang='lat' dir='ltr'><strong>Laadan</strong></span> <span class='ocrx_word' id='word_1_30' title='bbox 2076 463 2150 504; x_wconf 83' lang='lat' dir='ltr'><strong>te—</strong></span> 
     </span>
     <span class='ocr_line' id='line_1_5' title="bbox 338 527 2150 594; baseline -0.003 -15"><span class='ocrx_word' id='word_1_31' title='bbox 338 548 508 594; x_wconf 88' lang='lat' dir='ltr'><strong>neam,</strong></span> <span class='ocrx_word' id='word_1_32' title='bbox 547 532 709 593; x_wconf 86' lang='lat' dir='ltr'><strong>aliqua</strong></span> <span class='ocrx_word' id='word_1_33' title='bbox 746 547 822 577; x_wconf 89' lang='lat' dir='ltr'><strong>me</strong></span> <span class='ocrx_word' id='word_1_34' title='bbox 857 530 1122 578; x_wconf 89' lang='lat' dir='ltr'><strong>verborum</strong></span> <span class='ocrx_word' id='word_1_35' title='bbox 1151 529 1360 577; x_wconf 88' lang='lat' dir='ltr'><strong>istorum</strong></span> <span class='ocrx_word' id='word_1_36' title='bbox 1397 529 1669 578; x_wconf 83' lang='lat' dir='ltr'><strong>authoritas</strong></span> <span class='ocrx_word' id='word_1_37' title='bbox 1703 534 1914 576; x_wconf 90' lang='lat' dir='ltr'><strong>moveat.</strong></span> <span class='ocrx_word' id='word_1_38' title='bbox 1984 527 2150 574; x_wconf 87' lang='lat' dir='ltr'><strong>Inter-</strong></span> 
     </span>
     <span class='ocr_line' id='line_1_6' title="bbox 338 594 2151 667; baseline -0.004 -18"><span class='ocrx_word' id='word_1_39' title='bbox 338 619 452 667; x_wconf 89' lang='lat' dir='ltr'><strong>pres</strong></span> <span class='ocrx_word' id='word_1_40' title='bbox 495 601 692 664; x_wconf 87' lang='lat' dir='ltr'><strong>quidem</strong></span> <span class='ocrx_word' id='word_1_41' title='bbox 718 601 923 647; x_wconf 89' lang='lat' dir='ltr'><strong>Latinus</strong></span> <span class='ocrx_word' id='word_1_42' title='bbox 961 599 1130 648; x_wconf 85' lang='lat' dir='ltr'><strong>Thaan</strong></span> <span class='ocrx_word' id='word_1_43' title='bbox 1164 600 1324 648; x_wconf 83' lang='lat' dir='ltr'><strong>filium</strong></span> <span class='ocrx_word' id='word_1_44' title='bbox 1355 600 1533 661; x_wconf 84' lang='lat' dir='ltr'>Thale,</span> <span class='ocrx_word' id='word_1_45' title='bbox 1567 600 1762 648; x_wconf 86' lang='lat' dir='ltr'><strong>Laadan</strong></span> <span class='ocrx_word' id='word_1_46' title='bbox 1792 598 1955 645; x_wconf 90' lang='lat' dir='ltr'><strong>filium</strong></span> <span class='ocrx_word' id='word_1_47' title='bbox 1977 594 2151 643; x_wconf 85' lang='lat' dir='ltr'><strong>Thaan</strong></span> 
     </span>
     <span class='ocr_line' id='line_1_7' title="bbox 339 665 2149 719; baseline -0.003 0"><span class='ocrx_word' id='word_1_48' title='bbox 339 687 549 719; x_wconf 84' lang='lat' dir='ltr'><strong>asserere</strong></span> <span class='ocrx_word' id='word_1_49' title='bbox 583 670 809 718; x_wconf 81' lang='lat' dir='ltr'><strong>videtur:</strong></span> <span class='ocrx_word' id='word_1_50' title='bbox 861 672 1078 719; x_wconf 88' lang='lat' dir='ltr'><strong>Graecus</strong></span> <span class='ocrx_word' id='word_1_51' title='bbox 1112 671 1194 718; x_wconf 85' lang='lat' dir='ltr'><strong>vel</strong></span> <span class='ocrx_word' id='word_1_52' title='bbox 1228 670 1476 718; x_wconf 86' lang='lat' dir='ltr'><strong>Hebraeus</strong></span> <span class='ocrx_word' id='word_1_53' title='bbox 1498 678 1663 718; x_wconf 84' lang='lat' dir='ltr'><strong>textus</strong></span> <span class='ocrx_word' id='word_1_54' title='bbox 1690 670 1752 717; x_wconf 90' lang='lat' dir='ltr'><strong>ad</strong></span> <span class='ocrx_word' id='word_1_55' title='bbox 1777 669 1909 716; x_wconf 86' lang='lat' dir='ltr'><strong>idem</strong></span> <span class='ocrx_word' id='word_1_56' title='bbox 1938 665 2149 714; x_wconf 81' lang='lat' dir='ltr'><strong>sentien-</strong></span> 
     </span>
     <span class='ocr_line' id='line_1_8' title="bbox 339 739 2152 805; baseline -0.002 -17"><span class='ocrx_word' id='word_1_57' title='bbox 339 743 459 788; x_wconf 88' lang='lat' dir='ltr'><strong>dum</strong></span> <span class='ocrx_word' id='word_1_58' title='bbox 480 740 555 787; x_wconf 89' lang='lat' dir='ltr'><strong>nil</strong></span> <span class='ocrx_word' id='word_1_59' title='bbox 583 740 727 803; x_wconf 86' lang='lat' dir='ltr'><strong>cogit.</strong></span> <span class='ocrx_word' id='word_1_60' title='bbox 801 739 1067 789; x_wconf 84' lang='lat' dir='ltr'><strong>Veritatem</strong></span> <span class='ocrx_word' id='word_1_61' title='bbox 1094 749 1406 805; x_wconf 83' lang='lat' dir='ltr'><strong>assequetur,</strong></span> <span class='ocrx_word' id='word_1_62' title='bbox 1445 740 1529 804; x_wconf 91' lang='lat' dir='ltr'><strong>qui</strong></span> <span class='ocrx_word' id='word_1_63' title='bbox 1549 741 1623 788; x_wconf 90' lang='lat' dir='ltr'><strong>nil</strong></span> <span class='ocrx_word' id='word_1_64' title='bbox 1646 741 1893 788; x_wconf 80' lang='lat' dir='ltr'><strong>discernet</strong></span> <span class='ocrx_word' id='word_1_65' title='bbox 1916 753 1979 784; x_wconf 85' lang='lat' dir='ltr'><strong>ex</strong></span> <span class='ocrx_word' id='word_1_66' title='bbox 2005 751 2152 802; x_wconf 85' lang='lat' dir='ltr'><strong>prae-</strong></span> 
     </span>
     <span class='ocr_line' id='line_1_9' title="bbox 337 808 2153 874; baseline -0.002 -17"><span class='ocrx_word' id='word_1_67' title='bbox 337 811 574 860; x_wconf 80' lang='lat' dir='ltr'><strong>iudicato,</strong></span> <span class='ocrx_word' id='word_1_68' title='bbox 653 811 843 858; x_wconf 86' lang='lat' dir='ltr'><strong>Atenim</strong></span> <span class='ocrx_word' id='word_1_69' title='bbox 868 810 911 859; x_wconf 91' lang='lat' dir='ltr'><strong>si</strong></span> <span class='ocrx_word' id='word_1_70' title='bbox 935 811 1258 860; x_wconf 87' lang='lat' dir='ltr'><strong>reverentiam</strong></span> <span class='ocrx_word' id='word_1_71' title='bbox 1275 829 1301 858; x_wconf 86' lang='lat' dir='ltr'><strong>a</strong></span> <span class='ocrx_word' id='word_1_72' title='bbox 1319 828 1395 858; x_wconf 88' lang='lat' dir='ltr'><strong>me</strong></span> <span class='ocrx_word' id='word_1_73' title='bbox 1416 819 1603 858; x_wconf 84' lang='lat' dir='ltr'><strong>tantam</strong></span> <span class='ocrx_word' id='word_1_74' title='bbox 1627 812 1789 874; x_wconf 81' lang='lat' dir='ltr'><strong>exigat</strong></span> <span class='ocrx_word' id='word_1_75' title='bbox 1810 808 2012 856; x_wconf 82' lang='lat' dir='ltr'><strong>Latinae</strong></span> <span class='ocrx_word' id='word_1_76' title='bbox 2038 822 2153 855; x_wconf 88' lang='lat' dir='ltr'><strong>ver-</strong></span> 
     </span>
     <span class='ocr_line' id='line_1_10' title="bbox 337 879 2151 946; baseline -0.003 -18"><span class='ocrx_word' id='word_1_77' title='bbox 337 880 467 928; x_wconf 89' lang='lat' dir='ltr'><strong>sioni</strong></span> <span class='ocrx_word' id='word_1_78' title='bbox 505 881 840 943; x_wconf 82' lang='lat' dir='ltr'><strong>deferendam,</strong></span> <span class='ocrx_word' id='word_1_79' title='bbox 877 889 933 929; x_wconf 89' lang='lat' dir='ltr'><strong>ut</strong></span> <span class='ocrx_word' id='word_1_80' title='bbox 968 889 1148 930; x_wconf 91' lang='lat' dir='ltr'><strong>cuncta</strong></span> <span class='ocrx_word' id='word_1_81' title='bbox 1182 882 1285 930; x_wconf 88' lang='lat' dir='ltr'><strong>eius</strong></span> <span class='ocrx_word' id='word_1_82' title='bbox 1318 881 1468 929; x_wconf 87' lang='lat' dir='ltr'><strong>verba</strong></span> <span class='ocrx_word' id='word_1_83' title='bbox 1492 888 1644 946; x_wconf 90' lang='lat' dir='ltr'><strong>prout</strong></span> <span class='ocrx_word' id='word_1_84' title='bbox 1666 882 1718 927; x_wconf 90' lang='lat' dir='ltr'><strong>in</strong></span> <span class='ocrx_word' id='word_1_85' title='bbox 1746 879 1932 927; x_wconf 89' lang='lat' dir='ltr'><strong>cortice</strong></span> <span class='ocrx_word' id='word_1_86' title='bbox 1957 883 2151 938; x_wconf 75' lang='lat' dir='ltr'><strong>sonant,</strong></span> 
     </span>
     <span class='ocr_line' id='line_1_11' title="bbox 335 946 2152 1016; baseline -0.003 -18"><span class='ocrx_word' id='word_1_87' title='bbox 335 959 384 998; x_wconf 84' lang='lat' dir='ltr'><strong>et</strong></span> <span class='ocrx_word' id='word_1_88' title='bbox 407 951 697 998; x_wconf 79' lang='lat' dir='ltr'><strong>sententiam</strong></span> <span class='ocrx_word' id='word_1_89' title='bbox 723 951 914 1014; x_wconf 86' lang='lat' dir='ltr'><strong>iuvant,</strong></span> <span class='ocrx_word' id='word_1_90' title='bbox 945 953 1260 999; x_wconf 85' lang='lat' dir='ltr'><strong>accommode</strong></span> <span class='ocrx_word' id='word_1_91' title='bbox 1288 952 1583 1016; x_wconf 86' lang='lat' dir='ltr'><strong>applicanda</strong></span> <span class='ocrx_word' id='word_1_92' title='bbox 1614 950 1788 1014; x_wconf 87' lang='lat' dir='ltr'><strong>gestiat</strong></span> <span class='ocrx_word' id='word_1_93' title='bbox 1803 986 1818 1011; x_wconf 94' lang='lat'><strong>,</strong></span> <span class='ocrx_word' id='word_1_94' title='bbox 1857 949 1990 995; x_wconf 85' lang='lat' dir='ltr'><strong>circa</strong></span> <span class='ocrx_word' id='word_1_95' title='bbox 2027 946 2152 994; x_wconf 89' lang='lat' dir='ltr'><strong>haec</strong></span> 
     </span>
     <span class='ocr_line' id='line_1_12' title="bbox 335 1019 2151 1082; baseline -0.002 -15"><span class='ocrx_word' id='word_1_96' title='bbox 335 1021 399 1067; x_wconf 85' lang='lat' dir='ltr'><strong>ad</strong></span> <span class='ocrx_word' id='word_1_97' title='bbox 423 1021 687 1068; x_wconf 83' lang='lat' dir='ltr'><strong>absurdum</strong></span> <span class='ocrx_word' id='word_1_98' title='bbox 714 1039 815 1068; x_wconf 88' lang='lat' dir='ltr'><strong>non</strong></span> <span class='ocrx_word' id='word_1_99' title='bbox 841 1022 1076 1069; x_wconf 85' lang='lat' dir='ltr'><strong>dissimile</strong></span> <span class='ocrx_word' id='word_1_100' title='bbox 1098 1023 1308 1069; x_wconf 84' lang='lat' dir='ltr'><strong>ductura</strong></span> <span class='ocrx_word' id='word_1_101' title='bbox 1334 1038 1438 1067; x_wconf 86' lang='lat' dir='ltr'><strong>non</strong></span> <span class='ocrx_word' id='word_1_102' title='bbox 1466 1020 1746 1069; x_wconf 85' lang='lat' dir='ltr'><strong>inferiorem</strong></span> <span class='ocrx_word' id='word_1_103' title='bbox 1781 1019 1971 1066; x_wconf 89' lang='lat' dir='ltr'><strong>cultum</strong></span> <span class='ocrx_word' id='word_1_104' title='bbox 1998 1034 2151 1082; x_wconf 84' lang='lat' dir='ltr'><strong>expo-</strong></span> 
     </span>
     <span class='ocr_line' id='line_1_13' title="bbox 335 1086 2152 1156; baseline -0.003 -18"><span class='ocrx_word' id='word_1_105' title='bbox 335 1092 486 1139; x_wconf 87' lang='lat' dir='ltr'><strong>stulo.</strong></span> <span class='ocrx_word' id='word_1_106' title='bbox 551 1093 679 1138; x_wconf 87' lang='lat' dir='ltr'><strong>Sunt</strong></span> <span class='ocrx_word' id='word_1_107' title='bbox 703 1108 756 1138; x_wconf 90' lang='lat' dir='ltr'><strong>ea</strong></span> <span class='ocrx_word' id='word_1_108' title='bbox 780 1091 954 1156; x_wconf 86' lang='lat' dir='ltr'><strong>capitis</strong></span> <span class='ocrx_word' id='word_1_109' title='bbox 979 1091 1194 1139; x_wconf 89' lang='lat' dir='ltr'><strong>eiusdem</strong></span> <span class='ocrx_word' id='word_1_110' title='bbox 1217 1090 1367 1156; x_wconf 87' lang='lat' dir='ltr'><strong>primi</strong></span> <span class='ocrx_word' id='word_1_111' title='bbox 1396 1090 1600 1154; x_wconf 86' lang='lat' dir='ltr'><strong>Paralip.</strong></span> <span class='ocrx_word' id='word_1_112' title='bbox 1634 1107 1684 1140; x_wconf 82' lang='lat' dir='ltr'><strong>v.</strong></span> <span class='ocrx_word' id='word_1_113' title='bbox 1712 1094 1795 1142; x_wconf 83' lang='lat'><strong>20.</strong></span> <span class='ocrx_word' id='word_1_114' title='bbox 1834 1086 1962 1135; x_wconf 63' lang='lat' dir='ltr'><strong>Filii</strong></span> <span class='ocrx_word' id='word_1_115' title='bbox 1985 1097 2152 1135; x_wconf 82' lang='lat' dir='ltr'><strong>autem</strong></span> 
     </span>
     <span class='ocr_line' id='line_1_14' title="bbox 336 1156 2152 1223; baseline -0.002 -16"><span class='ocrx_word' id='word_1_116' title='bbox 336 1164 445 1207; x_wconf 69' lang='lat' dir='ltr'><strong>eius</strong></span> <span class='ocrx_word' id='word_1_117' title='bbox 484 1161 730 1221; x_wconf 75' lang='lat' dir='ltr'><strong>Sutlzala,</strong></span> <span class='ocrx_word' id='word_1_118' title='bbox 769 1160 948 1208; x_wconf 83' lang='lat' dir='ltr'><strong>Bared</strong></span> <span class='ocrx_word' id='word_1_119' title='bbox 959 1163 1128 1222; x_wconf 72' lang='lat' dir='ltr'><strong>filius</strong></span> <span class='ocrx_word' id='word_1_120' title='bbox 1166 1163 1299 1223; x_wconf 72' lang='lat' dir='ltr'><strong>eius,</strong></span> <span class='ocrx_word' id='word_1_121' title='bbox 1347 1161 1579 1208; x_wconf 78' lang='lat' dir='ltr'><strong>lealzatlz</strong></span> <span class='ocrx_word' id='word_1_122' title='bbox 1598 1161 1766 1222; x_wconf 71' lang='lat' dir='ltr'><strong>filius</strong></span> <span class='ocrx_word' id='word_1_123' title='bbox 1800 1161 1941 1222; x_wconf 71' lang='lat' dir='ltr'><strong>eius,</strong></span> <span class='ocrx_word' id='word_1_124' title='bbox 1972 1156 2152 1206; x_wconf 75' lang='lat' dir='ltr'><strong>Eluda</strong></span> 
     </span>
     <span class='ocr_line' id='line_1_15' title="bbox 322 1227 2153 1294; baseline -0.002 -17"><span class='ocrx_word' id='word_1_125' title='bbox 322 1232 487 1294; x_wconf 71' lang='lat' dir='ltr'><strong>filias</strong></span> <span class='ocrx_word' id='word_1_126' title='bbox 516 1233 651 1292; x_wconf 70' lang='lat' dir='ltr'><strong>eius,</strong></span> <span class='ocrx_word' id='word_1_127' title='bbox 701 1231 1109 1293; x_wconf 71' lang='lat' dir='ltr'><strong>lealzatlzfilias</strong></span> <span class='ocrx_word' id='word_1_128' title='bbox 1136 1233 1270 1291; x_wconf 70' lang='lat' dir='ltr'><strong>eius,</strong></span> <span class='ocrx_word' id='word_1_129' title='bbox 1306 1230 1638 1292; x_wconf 69' lang='lat' dir='ltr'><strong>huius-filius·</strong></span> <span class='ocrx_word' id='word_1_130' title='bbox 1672 1227 1880 1291; x_wconf 82' lang='lat' dir='ltr'><strong>Zabad,</strong></span> <span class='ocrx_word' id='word_1_131' title='bbox 1917 1237 1962 1274; x_wconf 80' lang='lat' dir='ltr'><strong>et</strong></span> <span class='ocrx_word' id='word_1_132' title='bbox 1991 1228 2153 1276; x_wconf 68' lang='lat' dir='ltr'><strong>lucius</strong></span> 
     </span>
     <span class='ocr_line' id='line_1_16' title="bbox 322 1298 2174 1364; baseline -0.001 -18"><span class='ocrx_word' id='word_1_133' title='bbox 322 1302 485 1364; x_wconf 66' lang='lat' dir='ltr'><strong>filius</strong></span> <span class='ocrx_word' id='word_1_134' title='bbox 521 1301 766 1361; x_wconf 79' lang='lat' dir='ltr'><strong>Sutlzala,</strong></span> <span class='ocrx_word' id='word_1_135' title='bbox 804 1310 850 1347; x_wconf 72' lang='lat' dir='ltr'><strong>et</strong></span> <span class='ocrx_word' id='word_1_136' title='bbox 887 1301 1043 1348; x_wconf 76' lang='lat' dir='ltr'><strong>haias</strong></span> <span class='ocrx_word' id='word_1_137' title='bbox 1064 1301 1233 1363; x_wconf 73' lang='lat' dir='ltr'><strong>filius</strong></span> <span class='ocrx_word' id='word_1_138' title='bbox 1267 1299 1390 1346; x_wconf 83' lang='lat' dir='ltr'><strong>Ezer</strong></span> <span class='ocrx_word' id='word_1_139' title='bbox 1417 1309 1462 1345; x_wconf 79' lang='lat' dir='ltr'><strong>et</strong></span> <span class='ocrx_word' id='word_1_140' title='bbox 1489 1298 1648 1349; x_wconf 78' lang='lat' dir='ltr'><strong>Elad.</strong></span> <span class='ocrx_word' id='word_1_141' title='bbox 1719 1299 1823 1346; x_wconf 87' lang='lat' dir='ltr'><strong>Hos</strong></span> <span class='ocrx_word' id='word_1_142' title='bbox 1849 1300 2002 1346; x_wconf 80' lang='lat' dir='ltr'><strong>ferme</strong></span> <span class='ocrx_word' id='word_1_143' title='bbox 2034 1314 2174 1350; x_wconf 73' lang='lat' dir='ltr'><strong>cun-·‚v</strong></span> 
     </span>
     <span class='ocr_line' id='line_1_17' title="bbox 335 1368 2151 1435; baseline -0.001 -17"><span class='ocrx_word' id='word_1_144' title='bbox 335 1379 468 1432; x_wconf 79' lang='lat' dir='ltr'><strong>ctos,</strong></span> <span class='ocrx_word' id='word_1_145' title='bbox 507 1371 566 1417; x_wconf 91' lang='lat' dir='ltr'><strong>ab</strong></span> <span class='ocrx_word' id='word_1_146' title='bbox 592 1369 828 1434; x_wconf 82' lang='lat' dir='ltr'><strong>Ephraim</strong></span> <span class='ocrx_word' id='word_1_147' title='bbox 853 1378 995 1435; x_wconf 80' lang='lat' dir='ltr'><strong>patre</strong></span> <span class='ocrx_word' id='word_1_148' title='bbox 1022 1371 1199 1418; x_wconf 88' lang='lat' dir='ltr'><strong>fratres</strong></span> <span class='ocrx_word' id='word_1_149' title='bbox 1223 1369 1356 1416; x_wconf 89' lang='lat' dir='ltr'><strong>haud</strong></span> <span class='ocrx_word' id='word_1_150' title='bbox 1383 1370 1570 1433; x_wconf 85' lang='lat' dir='ltr'><strong>impare</strong></span> <span class='ocrx_word' id='word_1_151' title='bbox 1604 1369 1760 1431; x_wconf 88' lang='lat' dir='ltr'><strong>gradu</strong></span> <span class='ocrx_word' id='word_1_152' title='bbox 1793 1368 2055 1431; x_wconf 85' lang='lat' dir='ltr'><strong>distantes,</strong></span> <span class='ocrx_word' id='word_1_153' title='bbox 2093 1384 2151 1416; x_wconf 86' lang='lat' dir='ltr'><strong>ac</strong></span> 
     </span>
     <span class='ocr_line' id='line_1_18' title="bbox 332 1439 2150 1505; baseline -0.002 -17"><span class='ocrx_word' id='word_1_154' title='bbox 332 1441 472 1505; x_wconf 85' lang='lat' dir='ltr'><strong>quasi</strong></span> <span class='ocrx_word' id='word_1_155' title='bbox 499 1440 774 1488; x_wconf 80' lang='lat' dir='ltr'><strong>multifidos</strong></span> <span class='ocrx_word' id='word_1_156' title='bbox 802 1457 864 1487; x_wconf 85' lang='lat' dir='ltr'><strong>ex</strong></span> <span class='ocrx_word' id='word_1_157' title='bbox 891 1456 991 1487; x_wconf 89' lang='lat' dir='ltr'><strong>uno</strong></span> <span class='ocrx_word' id='word_1_158' title='bbox 1030 1441 1168 1488; x_wconf 76' lang='lat' dir='ltr'><strong>fonte</strong></span> <span class='ocrx_word' id='word_1_159' title='bbox 1193 1439 1329 1488; x_wconf 88' lang='lat' dir='ltr'><strong>rivos</strong></span> <span class='ocrx_word' id='word_1_160' title='bbox 1356 1439 1710 1504; x_wconf 86' lang='lat' dir='ltr'><strong>procedentes,</strong></span> <span class='ocrx_word' id='word_1_161' title='bbox 1747 1439 2031 1486; x_wconf 89' lang='lat' dir='ltr'><strong>asserendos</strong></span> <span class='ocrx_word' id='word_1_162' title='bbox 2066 1454 2150 1485; x_wconf 85' lang='lat' dir='ltr'><strong>au-</strong></span> 
     </span>
     <span class='ocr_line' id='line_1_19' title="bbox 332 1507 2151 1575; baseline -0.002 -17"><span class='ocrx_word' id='word_1_163' title='bbox 332 1528 508 1574; x_wconf 70' lang='lat' dir='ltr'><strong>guror,</strong></span> <span class='ocrx_word' id='word_1_164' title='bbox 546 1528 610 1558; x_wconf 87' lang='lat' dir='ltr'><strong>ne</strong></span> <span class='ocrx_word' id='word_1_165' title='bbox 633 1511 790 1558; x_wconf 86' lang='lat' dir='ltr'><strong>filium</strong></span> <span class='ocrx_word' id='word_1_166' title='bbox 817 1508 999 1575; x_wconf 85' lang='lat' dir='ltr'><strong>Ioseph</strong></span> <span class='ocrx_word' id='word_1_167' title='bbox 1022 1509 1258 1575; x_wconf 85' lang='lat' dir='ltr'><strong>Ephraim</strong></span> <span class='ocrx_word' id='word_1_168' title='bbox 1289 1518 1478 1574; x_wconf 88' lang='lat' dir='ltr'><strong>patrem</strong></span> <span class='ocrx_word' id='word_1_169' title='bbox 1513 1517 1669 1556; x_wconf 87' lang='lat' dir='ltr'><strong>aetate</strong></span> <span class='ocrx_word' id='word_1_170' title='bbox 1707 1525 1965 1573; x_wconf 86' lang='lat' dir='ltr'><strong>superasse</strong></span> <span class='ocrx_word' id='word_1_171' title='bbox 2004 1507 2151 1556; x_wconf 82' lang='lat' dir='ltr'><strong>fateri</strong></span> 
     </span>
     <span class='ocr_line' id='line_1_20' title="bbox 334 1578 2150 1644; baseline -0.001 -17"><span class='ocrx_word' id='word_1_172' title='bbox 334 1598 592 1644; x_wconf 82' lang='lat' dir='ltr'><strong>cogamur,</strong></span> <span class='ocrx_word' id='word_1_173' title='bbox 636 1581 723 1644; x_wconf 89' lang='lat' dir='ltr'><strong>qui</strong></span> <span class='ocrx_word' id='word_1_174' title='bbox 759 1597 871 1628; x_wconf 88' lang='lat' dir='ltr'><strong>cum</strong></span> <span class='ocrx_word' id='word_1_175' title='bbox 919 1581 1139 1629; x_wconf 89' lang='lat' dir='ltr'><strong>filiorum</strong></span> <span class='ocrx_word' id='word_1_176' title='bbox 1173 1579 1371 1628; x_wconf 83' lang='lat' dir='ltr'><strong>tertiam</strong></span> <span class='ocrx_word' id='word_1_177' title='bbox 1407 1580 1649 1627; x_wconf 78' lang='lat' dir='ltr'><strong>duntaxat</strong></span> <span class='ocrx_word' id='word_1_178' title='bbox 1684 1579 1867 1627; x_wconf 87' lang='lat' dir='ltr'><strong>viderit</strong></span> <span class='ocrx_word' id='word_1_179' title='bbox 1907 1578 2150 1626; x_wconf 87' lang='lat' dir='ltr'><strong>successi-</strong></span> 
     </span>
     <span class='ocr_line' id='line_1_21' title="bbox 330 1650 2150 1716; baseline -0.002 -17"><span class='ocrx_word' id='word_1_180' title='bbox 330 1669 443 1699; x_wconf 85' lang='lat' dir='ltr'><strong>vam</strong></span> <span class='ocrx_word' id='word_1_181' title='bbox 475 1653 691 1716; x_wconf 88' lang='lat' dir='ltr'><strong>prolem,</strong></span> <span class='ocrx_word' id='word_1_182' title='bbox 723 1652 808 1698; x_wconf 92' lang='lat' dir='ltr'><strong>ille</strong></span> <span class='ocrx_word' id='word_1_183' title='bbox 833 1669 1016 1699; x_wconf 88' lang='lat' dir='ltr'><strong>nonam</strong></span> <span class='ocrx_word' id='word_1_184' title='bbox 1035 1650 1277 1714; x_wconf 82' lang='lat' dir='ltr'><strong>attigisse,</strong></span> <span class='ocrx_word' id='word_1_185' title='bbox 1317 1658 1367 1698; x_wconf 85' lang='lat' dir='ltr'><strong>et</strong></span> <span class='ocrx_word' id='word_1_186' title='bbox 1391 1651 1492 1698; x_wconf 90' lang='lat' dir='ltr'><strong>eius</strong></span> <span class='ocrx_word' id='word_1_187' title='bbox 1516 1651 1662 1697; x_wconf 84' lang='lat' dir='ltr'><strong>aetati</strong></span> <span class='ocrx_word' id='word_1_188' title='bbox 1691 1666 1926 1711; x_wconf 85' lang='lat' dir='ltr'><strong>coaevum</strong></span> <span class='ocrx_word' id='word_1_189' title='bbox 1954 1657 2150 1714; x_wconf 83' lang='lat' dir='ltr'><strong>tempus</strong></span> 
     </span>
     <span class='ocr_line' id='line_1_22' title="bbox 333 1718 2152 1786; baseline -0.001 -18"><span class='ocrx_word' id='word_1_190' title='bbox 333 1722 534 1769; x_wconf 87' lang='lat' dir='ltr'><strong>duxisse</strong></span> <span class='ocrx_word' id='word_1_191' title='bbox 561 1720 987 1785; x_wconf 82' lang='lat' dir='ltr'><strong>deprehendatur:</strong></span> <span class='ocrx_word' id='word_1_192' title='bbox 1025 1722 1135 1786; x_wconf 89' lang='lat' dir='ltr'><strong>pari</strong></span> <span class='ocrx_word' id='word_1_193' title='bbox 1161 1738 1276 1768; x_wconf 84' lang='lat' dir='ltr'><strong>sane</strong></span> <span class='ocrx_word' id='word_1_194' title='bbox 1299 1721 1490 1767; x_wconf 85' lang='lat' dir='ltr'><strong>ratione</strong></span> <span class='ocrx_word' id='word_1_195' title='bbox 1529 1721 1650 1766; x_wconf 89' lang='lat' dir='ltr'><strong>alios</strong></span> <span class='ocrx_word' id='word_1_196' title='bbox 1689 1718 1976 1784; x_wconf 86' lang='lat' dir='ltr'><strong>praeposito</strong></span> <span class='ocrx_word' id='word_1_197' title='bbox 2006 1727 2152 1767; x_wconf 83' lang='lat' dir='ltr'><strong>textu</strong></span> 
     </span>
     <span class='ocr_line' id='line_1_23' title="bbox 333 1790 2149 1856; baseline 0 -19"><span class='ocrx_word' id='word_1_198' title='bbox 333 1792 566 1852; x_wconf 82' lang='lat' dir='ltr'><strong>obiectos,</strong></span> <span class='ocrx_word' id='word_1_199' title='bbox 598 1791 733 1838; x_wconf 84' lang='lat' dir='ltr'><strong>haud</strong></span> <span class='ocrx_word' id='word_1_200' title='bbox 754 1792 823 1838; x_wconf 86' lang='lat' dir='ltr'><strong>ita</strong></span> <span class='ocrx_word' id='word_1_201' title='bbox 849 1791 978 1839; x_wconf 84' lang='lat' dir='ltr'><strong>filios</strong></span> <span class='ocrx_word' id='word_1_202' title='bbox 1002 1809 1029 1837; x_wconf 88' lang='lat' dir='ltr'><strong>a</strong></span> <span class='ocrx_word' id='word_1_203' title='bbox 1053 1791 1278 1856; x_wconf 90' lang='lat' dir='ltr'><strong>patribus</strong></span> <span class='ocrx_word' id='word_1_204' title='bbox 1307 1790 1482 1838; x_wconf 90' lang='lat' dir='ltr'><strong>ordine</strong></span> <span class='ocrx_word' id='word_1_205' title='bbox 1509 1798 1828 1837; x_wconf 87' lang='lat' dir='ltr'><strong>concatenato</strong></span> <span class='ocrx_word' id='word_1_206' title='bbox 1849 1806 2149 1855; x_wconf 88' lang='lat' dir='ltr'><strong>progressos,</strong></span> 
     </span>
     <span class='ocr_line' id='line_1_24' title="bbox 332 1861 2152 1925; baseline 0.001 -17"><span class='ocrx_word' id='word_1_207' title='bbox 332 1877 482 1924; x_wconf 88' lang='lat' dir='ltr'><strong>quam</strong></span> <span class='ocrx_word' id='word_1_208' title='bbox 507 1863 680 1909; x_wconf 81' lang='lat' dir='ltr'><strong>fratres</strong></span> <span class='ocrx_word' id='word_1_209' title='bbox 713 1861 771 1908; x_wconf 86' lang='lat' dir='ltr'><strong>ab</strong></span> <span class='ocrx_word' id='word_1_210' title='bbox 800 1862 970 1909; x_wconf 87' lang='lat' dir='ltr'><strong>eodem</strong></span> <span class='ocrx_word' id='word_1_211' title='bbox 996 1863 1147 1909; x_wconf 85' lang='lat' dir='ltr'><strong>ferme</strong></span> <span class='ocrx_word' id='word_1_212' title='bbox 1175 1870 1316 1925; x_wconf 89' lang='lat' dir='ltr'><strong>patre</strong></span> <span class='ocrx_word' id='word_1_213' title='bbox 1348 1869 1484 1908; x_wconf 85' lang='lat' dir='ltr'><strong>ortos</strong></span> <span class='ocrx_word' id='word_1_214' title='bbox 1508 1877 1762 1909; x_wconf 89' lang='lat' dir='ltr'><strong>necessum</strong></span> <span class='ocrx_word' id='word_1_215' title='bbox 1795 1869 1868 1907; x_wconf 91' lang='lat' dir='ltr'><strong>est</strong></span> <span class='ocrx_word' id='word_1_216' title='bbox 1891 1861 2152 1909; x_wconf 86' lang='lat' dir='ltr'><strong>affirmare.</strong></span> 
     </span>
     <span class='ocr_line' id='line_1_25' title="bbox 332 1931 2150 1996; baseline 0.001 -19"><span class='ocrx_word' id='word_1_217' title='bbox 332 1931 419 1977; x_wconf 90' lang='lat' dir='ltr'><strong>Sin</strong></span> <span class='ocrx_word' id='word_1_218' title='bbox 445 1939 503 1978; x_wconf 86' lang='lat' dir='ltr'><strong>ut</strong></span> <span class='ocrx_word' id='word_1_219' title='bbox 539 1932 681 1979; x_wconf 84' lang='lat' dir='ltr'><strong>fictos</strong></span> <span class='ocrx_word' id='word_1_220' title='bbox 718 1932 1015 1979; x_wconf 88' lang='lat' dir='ltr'><strong>Israeliticae</strong></span> <span class='ocrx_word' id='word_1_221' title='bbox 1038 1933 1091 1978; x_wconf 88' lang='lat' dir='ltr'><strong>in</strong></span> <span class='ocrx_word' id='word_1_222' title='bbox 1113 1932 1334 1996; x_wconf 87' lang='lat' dir='ltr'><strong>Aegypto</strong></span> <span class='ocrx_word' id='word_1_223' title='bbox 1364 1931 1761 1979; x_wconf 88' lang='lat' dir='ltr'><strong>commorationis</strong></span> <span class='ocrx_word' id='word_1_224' title='bbox 1784 1939 1832 1978; x_wconf 92' lang='lat' dir='ltr'><strong>et</strong></span> <span class='ocrx_word' id='word_1_225' title='bbox 1857 1931 2001 1994; x_wconf 87' lang='lat' dir='ltr'><strong>longe</strong></span> <span class='ocrx_word' id='word_1_226' title='bbox 2025 1947 2150 1996; x_wconf 90' lang='lat' dir='ltr'><strong>pro-</strong></span> 
     </span>
     <span class='ocr_line' id='line_1_26' title="bbox 329 2001 2150 2066; baseline 0 -18"><span class='ocrx_word' id='word_1_227' title='bbox 329 2001 533 2048; x_wconf 83' lang='lat' dir='ltr'><strong>lixiores</strong></span> <span class='ocrx_word' id='word_1_228' title='bbox 571 2003 797 2048; x_wconf 86' lang='lat' dir='ltr'><strong>ducentis</strong></span> <span class='ocrx_word' id='word_1_229' title='bbox 835 2009 883 2049; x_wconf 91' lang='lat' dir='ltr'><strong>et</strong></span> <span class='ocrx_word' id='word_1_230' title='bbox 918 2002 1200 2066; x_wconf 88' lang='lat' dir='ltr'><strong>quindecim</strong></span> <span class='ocrx_word' id='word_1_231' title='bbox 1238 2019 1393 2048; x_wconf 89' lang='lat' dir='ltr'><strong>annos</strong></span> <span class='ocrx_word' id='word_1_232' title='bbox 1417 2019 1682 2065; x_wconf 87' lang='lat' dir='ltr'><strong>ponamus,</strong></span> <span class='ocrx_word' id='word_1_233' title='bbox 1720 2001 1840 2049; x_wconf 89' lang='lat' dir='ltr'><strong>alios</strong></span> <span class='ocrx_word' id='word_1_234' title='bbox 1867 2017 2016 2065; x_wconf 89' lang='lat' dir='ltr'><strong>super</strong></span> <span class='ocrx_word' id='word_1_235' title='bbox 2043 2001 2150 2048; x_wconf 86' lang='lat' dir='ltr'><strong>aliis</strong></span> 
     </span>
     <span class='ocr_line' id='line_1_27' title="bbox 332 2071 2151 2136; baseline -0.001 -17"><span class='ocrx_word' id='word_1_236' title='bbox 332 2078 382 2119; x_wconf 87' lang='lat' dir='ltr'><strong>et</strong></span> <span class='ocrx_word' id='word_1_237' title='bbox 416 2071 640 2135; x_wconf 86' lang='lat' dir='ltr'><strong>patribus</strong></span> <span class='ocrx_word' id='word_1_238' title='bbox 673 2072 803 2119; x_wconf 88' lang='lat' dir='ltr'><strong>filios</strong></span> <span class='ocrx_word' id='word_1_239' title='bbox 828 2072 976 2135; x_wconf 85' lang='lat' dir='ltr'><strong>longa</strong></span> <span class='ocrx_word' id='word_1_240' title='bbox 1010 2072 1133 2120; x_wconf 88' lang='lat' dir='ltr'><strong>serie</strong></span> <span class='ocrx_word' id='word_1_241' title='bbox 1171 2073 1488 2119; x_wconf 87' lang='lat' dir='ltr'><strong>succedentes</strong></span> <span class='ocrx_word' id='word_1_242' title='bbox 1524 2089 1586 2119; x_wconf 83' lang='lat' dir='ltr'><strong>ex</strong></span> <span class='ocrx_word' id='word_1_243' title='bbox 1617 2088 1717 2118; x_wconf 88' lang='lat' dir='ltr'><strong>una</strong></span> <span class='ocrx_word' id='word_1_244' title='bbox 1745 2071 1980 2136; x_wconf 87' lang='lat' dir='ltr'><strong>Ephraim</strong></span> <span class='ocrx_word' id='word_1_245' title='bbox 2014 2072 2151 2119; x_wconf 89' lang='lat' dir='ltr'><strong>tribu</strong></span> 
     </span>
     <span class='ocr_line' id='line_1_28' title="bbox 329 2141 2151 2207; baseline -0.001 -18"><span class='ocrx_word' id='word_1_246' title='bbox 329 2141 654 2206; x_wconf 86' lang='lat' dir='ltr'><strong>producimus</strong></span> <span class='ocrx_word' id='word_1_247' title='bbox 671 2158 686 2189; x_wconf 88' lang='lat'><strong>:</strong></span> <span class='ocrx_word' id='word_1_248' title='bbox 726 2159 816 2189; x_wconf 90' lang='lat' dir='ltr'><strong>cur</strong></span> <span class='ocrx_word' id='word_1_249' title='bbox 838 2149 956 2207; x_wconf 86' lang='lat' dir='ltr'><strong>post</strong></span> <span class='ocrx_word' id='word_1_250' title='bbox 975 2142 1181 2189; x_wconf 90' lang='lat' dir='ltr'><strong>aliarum</strong></span> <span class='ocrx_word' id='word_1_251' title='bbox 1205 2142 1429 2189; x_wconf 83' lang='lat' dir='ltr'><strong>tribuum</strong></span> <span class='ocrx_word' id='word_1_252' title='bbox 1453 2143 1611 2207; x_wconf 87' lang='lat' dir='ltr'><strong>capita</strong></span> <span class='ocrx_word' id='word_1_253' title='bbox 1636 2141 1811 2189; x_wconf 88' lang='lat' dir='ltr'><strong>Ruben</strong></span> <span class='ocrx_word' id='word_1_254' title='bbox 1831 2142 1950 2190; x_wconf 89' lang='lat' dir='ltr'><strong>Levi</strong></span> <span class='ocrx_word' id='word_1_255' title='bbox 1971 2141 2151 2207; x_wconf 89' lang='lat' dir='ltr'><strong>Ioseph</strong></span> 
     </span>
     <span class='ocr_line' id='line_1_29' title="bbox 328 2211 2150 2277; baseline 0.001 -19"><span class='ocrx_word' id='word_1_256' title='bbox 328 2218 424 2258; x_wconf 88' lang='lat' dir='ltr'><strong>etc.</strong></span> <span class='ocrx_word' id='word_1_257' title='bbox 464 2213 631 2276; x_wconf 89' lang='lat' dir='ltr'><strong>plures</strong></span> <span class='ocrx_word' id='word_1_258' title='bbox 661 2229 718 2258; x_wconf 89' lang='lat' dir='ltr'><strong>ac</strong></span> <span class='ocrx_word' id='word_1_259' title='bbox 746 2213 912 2276; x_wconf 87' lang='lat' dir='ltr'><strong>plures</strong></span> <span class='ocrx_word' id='word_1_260' title='bbox 940 2228 1107 2260; x_wconf 87' lang='lat' dir='ltr'><strong>eorum</strong></span> <span class='ocrx_word' id='word_1_261' title='bbox 1130 2219 1356 2275; x_wconf 91' lang='lat' dir='ltr'><strong>posteros</strong></span> <span class='ocrx_word' id='word_1_262' title='bbox 1384 2212 1494 2276; x_wconf 87' lang='lat' dir='ltr'><strong>pari</strong></span> <span class='ocrx_word' id='word_1_263' title='bbox 1516 2212 1689 2260; x_wconf 89' lang='lat' dir='ltr'><strong>ordine</strong></span> <span class='ocrx_word' id='word_1_264' title='bbox 1711 2211 2030 2260; x_wconf 87' lang='lat' dir='ltr'><strong>scaturientes</strong></span> <span class='ocrx_word' id='word_1_265' title='bbox 2057 2230 2150 2277; x_wconf 90' lang='lat' dir='ltr'><strong>op-</strong></span> 
     </span>
     <span class='ocr_line' id='line_1_30' title="bbox 326 2281 2150 2347; baseline 0.002 -20"><span class='ocrx_word' id='word_1_266' title='bbox 326 2281 490 2345; x_wconf 83' lang='lat' dir='ltr'><strong>posita</strong></span> <span class='ocrx_word' id='word_1_267' title='bbox 528 2281 767 2329; x_wconf 81' lang='lat' dir='ltr'><strong>sententia</strong></span> <span class='ocrx_word' id='word_1_268' title='bbox 807 2299 910 2330; x_wconf 84' lang='lat' dir='ltr'><strong>non</strong></span> <span class='ocrx_word' id='word_1_269' title='bbox 946 2281 1198 2330; x_wconf 72' lang='lat' dir='ltr'><strong>ostentat?</strong></span> <span class='ocrx_word' id='word_1_270' title='bbox 1249 2282 1535 2341; x_wconf 88' lang='lat' dir='ltr'><strong>Quinimmo</strong></span> <span class='ocrx_word' id='word_1_271' title='bbox 1575 2283 1682 2347; x_wconf 93' lang='lat' dir='ltr'><strong>ipso</strong></span> <span class='ocrx_word' id='word_1_272' title='bbox 1721 2282 1841 2330; x_wconf 91' lang='lat' dir='ltr'><strong>novi</strong></span> <span class='ocrx_word' id='word_1_273' title='bbox 1873 2282 2150 2346; x_wconf 89' lang='lat' dir='ltr'><strong>veterisque</strong></span> 
     </span>
     <span class='ocr_line' id='line_1_31' title="bbox 327 2351 2150 2417; baseline 0.001 -18"><span class='ocrx_word' id='word_1_274' title='bbox 327 2351 539 2399; x_wconf 81' lang='lat' dir='ltr'><strong>foederis</strong></span> <span class='ocrx_word' id='word_1_275' title='bbox 563 2353 846 2399; x_wconf 84' lang='lat' dir='ltr'><strong>testimonio</strong></span> <span class='ocrx_word' id='word_1_276' title='bbox 866 2360 1090 2417; x_wconf 89' lang='lat' dir='ltr'><strong>posteros</strong></span> <span class='ocrx_word' id='word_1_277' title='bbox 1104 2351 1255 2400; x_wconf 86' lang='lat' dir='ltr'><strong>Iudae</strong></span> <span class='ocrx_word' id='word_1_278' title='bbox 1283 2352 1594 2400; x_wconf 87' lang='lat' dir='ltr'><strong>Patriarchae</strong></span> <span class='ocrx_word' id='word_1_279' title='bbox 1618 2369 1680 2400; x_wconf 83' lang='lat' dir='ltr'><strong>ex</strong></span> <span class='ocrx_word' id='word_1_280' title='bbox 1701 2353 1870 2399; x_wconf 91' lang='lat' dir='ltr'><strong>eodem</strong></span> <span class='ocrx_word' id='word_1_281' title='bbox 1896 2369 2010 2400; x_wconf 90' lang='lat' dir='ltr'><strong>cum</strong></span> <span class='ocrx_word' id='word_1_282' title='bbox 2030 2353 2150 2401; x_wconf 90' lang='lat' dir='ltr'><strong>Levi</strong></span> 
     </span>
     <span class='ocr_line' id='line_1_32' title="bbox 326 2421 2149 2487; baseline 0.001 -17"><span class='ocrx_word' id='word_1_283' title='bbox 326 2421 632 2485; x_wconf 86' lang='lat' dir='ltr'><strong>reliquisque</strong></span> <span class='ocrx_word' id='word_1_284' title='bbox 659 2430 800 2487; x_wconf 84' lang='lat' dir='ltr'><strong>patre</strong></span> <span class='ocrx_word' id='word_1_285' title='bbox 826 2422 948 2485; x_wconf 85' lang='lat' dir='ltr'><strong>orti,</strong></span> <span class='ocrx_word' id='word_1_286' title='bbox 974 2422 1063 2469; x_wconf 92' lang='lat' dir='ltr'><strong>ubi</strong></span> <span class='ocrx_word' id='word_1_287' title='bbox 1089 2421 1372 2485; x_wconf 87' lang='lat' dir='ltr'><strong>diligentius</strong></span> <span class='ocrx_word' id='word_1_288' title='bbox 1397 2422 1722 2470; x_wconf 85' lang='lat' dir='ltr'><strong>observantur</strong></span> <span class='ocrx_word' id='word_1_289' title='bbox 1755 2430 1803 2469; x_wconf 90' lang='lat' dir='ltr'><strong>et</strong></span> <span class='ocrx_word' id='word_1_290' title='bbox 1830 2431 2149 2471; x_wconf 78' lang='lat' dir='ltr'><strong>recensentur</strong></span> 
     </span>
     <span class='ocr_line' id='line_1_33' title="bbox 330 2492 2147 2557; baseline 0.002 -19"><span class='ocrx_word' id='word_1_291' title='bbox 330 2493 631 2552; x_wconf 87' lang='lat' dir='ltr'><strong>accuratius,</strong></span> <span class='ocrx_word' id='word_1_292' title='bbox 661 2509 764 2539; x_wconf 91' lang='lat' dir='ltr'><strong>non</strong></span> <span class='ocrx_word' id='word_1_293' title='bbox 783 2492 881 2539; x_wconf 88' lang='lat' dir='ltr'><strong>nisi</strong></span> <span class='ocrx_word' id='word_1_294' title='bbox 906 2509 1005 2540; x_wconf 90' lang='lat' dir='ltr'><strong>uno</strong></span> <span class='ocrx_word' id='word_1_295' title='bbox 1028 2492 1109 2541; x_wconf 91' lang='lat' dir='ltr'><strong>vel</strong></span> <span class='ocrx_word' id='word_1_296' title='bbox 1137 2492 1291 2539; x_wconf 90' lang='lat' dir='ltr'><strong>altero</strong></span> <span class='ocrx_word' id='word_1_297' title='bbox 1314 2492 1489 2555; x_wconf 88' lang='lat' dir='ltr'><strong>capite,</strong></span> <span class='ocrx_word' id='word_1_298' title='bbox 1515 2509 1570 2540; x_wconf 92' lang='lat' dir='ltr'><strong>eo</strong></span> <span class='ocrx_word' id='word_1_299' title='bbox 1593 2492 1768 2557; x_wconf 89' lang='lat' dir='ltr'><strong>spatio,</strong></span> <span class='ocrx_word' id='word_1_300' title='bbox 1793 2493 1854 2540; x_wconf 89' lang='lat' dir='ltr'><strong>de</strong></span> <span class='ocrx_word' id='word_1_301' title='bbox 1878 2510 1975 2556; x_wconf 89' lang='lat' dir='ltr'><strong>quo</strong></span> <span class='ocrx_word' id='word_1_302' title='bbox 1997 2494 2147 2541; x_wconf 80' lang='lat' dir='ltr'><strong>insti-</strong></span> 
     </span>
     <span class='ocr_line' id='line_1_34' title="bbox 327 2562 2146 2627; baseline 0.002 -20"><span class='ocrx_word' id='word_1_303' title='bbox 327 2568 469 2608; x_wconf 84' lang='lat' dir='ltr'><strong>tutus</strong></span> <span class='ocrx_word' id='word_1_304' title='bbox 489 2579 647 2609; x_wconf 89' lang='lat' dir='ltr'><strong>sermo</strong></span> <span class='ocrx_word' id='word_1_305' title='bbox 662 2599 674 2622; x_wconf 91' lang='lat'><strong>,</strong></span> <span class='ocrx_word' id='word_1_306' title='bbox 708 2563 828 2610; x_wconf 89' lang='lat' dir='ltr'><strong>Levi</strong></span> <span class='ocrx_word' id='word_1_307' title='bbox 847 2570 1053 2627; x_wconf 82' lang='lat' dir='ltr'><strong>nepotes</strong></span> <span class='ocrx_word' id='word_1_308' title='bbox 1076 2578 1308 2626; x_wconf 86' lang='lat' dir='ltr'><strong>superare</strong></span> <span class='ocrx_word' id='word_1_309' title='bbox 1333 2562 1476 2609; x_wconf 84' lang='lat' dir='ltr'><strong>facile</strong></span> <span class='ocrx_word' id='word_1_310' title='bbox 1502 2563 1780 2627; x_wconf 79' lang='lat' dir='ltr'><strong>probamus,</strong></span> <span class='ocrx_word' id='word_1_311' title='bbox 1855 2562 2039 2625; x_wconf 77' lang='lat' dir='ltr'><strong>Iudas,</strong></span> <span class='ocrx_word' id='word_1_312' title='bbox 2069 2564 2146 2611; x_wconf 88' lang='lat' dir='ltr'><strong>in-</strong></span> 
     </span>
     <span class='ocr_line' id='line_1_35' title="bbox 328 2631 2146 2696; baseline 0.002 -19"><span class='ocrx_word' id='word_1_313' title='bbox 328 2631 465 2693; x_wconf 82' lang='lat' dir='ltr'><strong>quit,</strong></span> <span class='ocrx_word' id='word_1_314' title='bbox 497 2634 676 2696; x_wconf 74' lang='lat' dir='ltr'><strong>genuit</strong></span> <span class='ocrx_word' id='word_1_315' title='bbox 700 2633 918 2694; x_wconf 73' lang='lat' dir='ltr'><strong>Plzares,</strong></span> <span class='ocrx_word' id='word_1_316' title='bbox 944 2632 1139 2679; x_wconf 65' lang='lat' dir='ltr'><strong>Plzares</strong></span> <span class='ocrx_word' id='word_1_317' title='bbox 1167 2641 1336 2678; x_wconf 77' lang='lat' dir='ltr'><strong>autem</strong></span> <span class='ocrx_word' id='word_1_318' title='bbox 1357 2635 1534 2696; x_wconf 78' lang='lat' dir='ltr'><strong>genuit</strong></span> <span class='ocrx_word' id='word_1_319' title='bbox 1555 2636 1750 2690; x_wconf 58' lang='lat' dir='ltr'><strong>Ewon,</strong></span> <span class='ocrx_word' id='word_1_320' title='bbox 1784 2637 1947 2681; x_wconf 74' lang='lat' dir='ltr'><strong>Esron</strong></span> <span class='ocrx_word' id='word_1_321' title='bbox 1977 2643 2146 2681; x_wconf 81' lang='lat' dir='ltr'><strong>autem</strong></span> 
     </span>
     <span class='ocr_line' id='line_1_36' title="bbox 324 2701 2148 2766; baseline 0.004 -21"><span class='ocrx_word' id='word_1_322' title='bbox 324 2702 503 2764; x_wconf 76' lang='lat' dir='ltr'><strong>genuit</strong></span> <span class='ocrx_word' id='word_1_323' title='bbox 525 2701 707 2765; x_wconf 83' lang='lat' dir='ltr'><strong>Aram,</strong></span> <span class='ocrx_word' id='word_1_324' title='bbox 740 2703 907 2750; x_wconf 79' lang='lat' dir='ltr'><strong>Aram</strong></span> <span class='ocrx_word' id='word_1_325' title='bbox 930 2712 1100 2749; x_wconf 80' lang='lat' dir='ltr'><strong>autem</strong></span> <span class='ocrx_word' id='word_1_326' title='bbox 1121 2705 1300 2766; x_wconf 76' lang='lat' dir='ltr'><strong>genuit</strong></span> <span class='ocrx_word' id='word_1_327' title='bbox 1317 2702 1628 2766; x_wconf 83' lang='lat' dir='ltr'><strong>Aminadab,</strong></span> <span class='ocrx_word' id='word_1_328' title='bbox 1664 2702 1956 2750; x_wconf 83' lang='lat' dir='ltr'><strong>Aminadab</strong></span> <span class='ocrx_word' id='word_1_329' title='bbox 1978 2714 2148 2752; x_wconf 80' lang='lat' dir='ltr'><strong>autem</strong></span> 
     </span>
     <span class='ocr_line' id='line_1_37' title="bbox 323 2772 2147 2838; baseline 0.005 -23"><span class='ocrx_word' id='word_1_330' title='bbox 323 2772 506 2835; x_wconf 75' lang='lat' dir='ltr'><strong>genuit</strong></span> <span class='ocrx_word' id='word_1_331' title='bbox 535 2773 805 2820; x_wconf 75' lang='lat' dir='ltr'><strong>Naasson:</strong></span> <span class='ocrx_word' id='word_1_332' title='bbox 841 2772 925 2820; x_wconf 89' lang='lat' dir='ltr'><strong>hic</strong></span> <span class='ocrx_word' id='word_1_333' title='bbox 948 2780 1110 2820; x_wconf 85' lang='lat' dir='ltr'><strong>autem</strong></span> <span class='ocrx_word' id='word_1_334' title='bbox 1132 2772 1257 2819; x_wconf 90' lang='lat' dir='ltr'><strong>Mosi</strong></span> <span class='ocrx_word' id='word_1_335' title='bbox 1284 2781 1601 2835; x_wconf 79' lang='lat' dir='ltr'><strong>coaetaneUS,</strong></span> <span class='ocrx_word' id='word_1_336' title='bbox 1640 2781 1690 2823; x_wconf 89' lang='lat' dir='ltr'><strong>et</strong></span> <span class='ocrx_word' id='word_1_337' title='bbox 1723 2773 1916 2820; x_wconf 87' lang='lat' dir='ltr'><strong>iuvenis</strong></span> <span class='ocrx_word' id='word_1_338' title='bbox 1945 2775 2147 2838; x_wconf 87' lang='lat' dir='ltr'><strong>quidem</strong></span> 
     </span>
     <span class='ocr_line' id='line_1_38' title="bbox 330 2840 2144 2907; baseline 0.006 -21"><span class='ocrx_word' id='word_1_339' title='bbox 330 2857 446 2887; x_wconf 89' lang='lat' dir='ltr'><strong>cum</strong></span> <span class='ocrx_word' id='word_1_340' title='bbox 471 2840 627 2888; x_wconf 90' lang='lat' dir='ltr'><strong>Moses</strong></span> <span class='ocrx_word' id='word_1_341' title='bbox 665 2844 727 2890; x_wconf 89' lang='lat' dir='ltr'><strong>ad</strong></span> <span class='ocrx_word' id='word_1_342' title='bbox 751 2843 1070 2891; x_wconf 87' lang='lat' dir='ltr'><strong>maturiorem</strong></span> <span class='ocrx_word' id='word_1_343' title='bbox 1093 2843 1192 2890; x_wconf 89' lang='lat' dir='ltr'><strong>iam</strong></span> <span class='ocrx_word' id='word_1_344' title='bbox 1219 2851 1482 2907; x_wconf 84' lang='lat' dir='ltr'><strong>provectus</strong></span> <span class='ocrx_word' id='word_1_345' title='bbox 1522 2851 1645 2890; x_wconf 91' lang='lat' dir='ltr'><strong>esset</strong></span> <span class='ocrx_word' id='word_1_346' title='bbox 1678 2851 1898 2891; x_wconf 89' lang='lat' dir='ltr'><strong>aetatem.</strong></span> <span class='ocrx_word' id='word_1_347' title='bbox 1973 2846 2144 2896; x_wconf 83' lang='lat' dir='ltr'><strong>Plures</strong></span> 
     </span>
     <span class='ocr_line' id='line_1_39' title="bbox 329 2911 2144 2978; baseline 0.004 -21"><span class='ocrx_word' id='word_1_348' title='bbox 329 2927 482 2975; x_wconf 88' lang='lat' dir='ltr'><strong>porro</strong></span> <span class='ocrx_word' id='word_1_349' title='bbox 514 2911 566 2957; x_wconf 90' lang='lat' dir='ltr'><strong>in</strong></span> <span class='ocrx_word' id='word_1_350' title='bbox 595 2911 689 2958; x_wconf 89' lang='lat' dir='ltr'><strong>hac</strong></span> <span class='ocrx_word' id='word_1_351' title='bbox 715 2913 860 2961; x_wconf 87' lang='lat' dir='ltr'><strong>Iudae</strong></span> <span class='ocrx_word' id='word_1_352' title='bbox 883 2914 1065 2978; x_wconf 88' lang='lat' dir='ltr'><strong>stirpe,</strong></span> <span class='ocrx_word' id='word_1_353' title='bbox 1106 2929 1255 2976; x_wconf 90' lang='lat' dir='ltr'><strong>quam</strong></span> <span class='ocrx_word' id='word_1_354' title='bbox 1288 2913 1342 2959; x_wconf 89' lang='lat' dir='ltr'><strong>in</strong></span> <span class='ocrx_word' id='word_1_355' title='bbox 1370 2914 1522 2960; x_wconf 86' lang='lat' dir='ltr'><strong>altera</strong></span> <span class='ocrx_word' id='word_1_356' title='bbox 1549 2913 1667 2961; x_wconf 92' lang='lat' dir='ltr'><strong>Levi</strong></span> <span class='ocrx_word' id='word_1_357' title='bbox 1693 2913 1735 2960; x_wconf 91' lang='lat' dir='ltr'><strong>si</strong></span> <span class='ocrx_word' id='word_1_358' title='bbox 1763 2930 2011 2976; x_wconf 85' lang='lat' dir='ltr'><strong>numeres,</strong></span> <span class='ocrx_word' id='word_1_359' title='bbox 2049 2917 2144 2964; x_wconf 90' lang='lat' dir='ltr'><strong>ob-</strong></span> 
     </span>
     <span class='ocr_line' id='line_1_40' title="bbox 327 2982 2144 3050; baseline 0.004 -23"><span class='ocrx_word' id='word_1_360' title='bbox 327 2988 457 3028; x_wconf 88' lang='lat' dir='ltr'><strong>stare</strong></span> <span class='ocrx_word' id='word_1_361' title='bbox 478 2997 578 3027; x_wconf 88' lang='lat' dir='ltr'><strong>non</strong></span> <span class='ocrx_word' id='word_1_362' title='bbox 610 2983 852 3045; x_wconf 86' lang='lat' dir='ltr'><strong>censebis,</strong></span> <span class='ocrx_word' id='word_1_363' title='bbox 890 2984 1012 3047; x_wconf 91' lang='lat' dir='ltr'><strong>quin</strong></span> <span class='ocrx_word' id='word_1_364' title='bbox 1035 2984 1166 3030; x_wconf 89' lang='lat' dir='ltr'><strong>idem</strong></span> <span class='ocrx_word' id='word_1_365' title='bbox 1203 2982 1439 3045; x_wconf 82' lang='lat' dir='ltr'><strong>temporis</strong></span> <span class='ocrx_word' id='word_1_366' title='bbox 1464 2983 1677 3047; x_wconf 87' lang='lat' dir='ltr'><strong>spatium</strong></span> <span class='ocrx_word' id='word_1_367' title='bbox 1711 2991 1974 3050; x_wconf 88' lang='lat' dir='ltr'><strong>utramque</strong></span> <span class='ocrx_word' id='word_1_368' title='bbox 2002 3003 2144 3035; x_wconf 90' lang='lat' dir='ltr'><strong>com-</strong></span> 
     </span>
     <span class='ocr_line' id='line_1_41' title="bbox 327 3050 2142 3120; baseline 0.006 -24"><span class='ocrx_word' id='word_1_369' title='bbox 327 3050 562 3098; x_wconf 84' lang='lat' dir='ltr'><strong>metiatur</strong></span> <span class='ocrx_word' id='word_1_370' title='bbox 580 3053 951 3114; x_wconf 87' lang='lat' dir='ltr'><strong>successionem,</strong></span> <span class='ocrx_word' id='word_1_371' title='bbox 984 3069 1097 3100; x_wconf 91' lang='lat' dir='ltr'><strong>cum</strong></span> <span class='ocrx_word' id='word_1_372' title='bbox 1126 3052 1279 3099; x_wconf 90' lang='lat' dir='ltr'><strong>serius</strong></span> <span class='ocrx_word' id='word_1_373' title='bbox 1300 3053 1468 3098; x_wconf 83' lang='lat' dir='ltr'><strong>forsan</strong></span> <span class='ocrx_word' id='word_1_374' title='bbox 1491 3054 1690 3118; x_wconf 90' lang='lat' dir='ltr'><strong>nuptias</strong></span> <span class='ocrx_word' id='word_1_375' title='bbox 1716 3054 1901 3104; x_wconf 87' lang='lat' dir='ltr'><strong>inirent</strong></span> <span class='ocrx_word' id='word_1_376' title='bbox 1925 3057 2142 3120; x_wconf 86' lang='lat' dir='ltr'><strong>Levitae,</strong></span> 
     </span>
     <span class='ocr_line' id='line_1_42' title="bbox 327 3120 2148 3186; baseline 0.005 -19"><span class='ocrx_word' id='word_1_377' title='bbox 327 3120 410 3168; x_wconf 85' lang='lat' dir='ltr'><strong>vel</strong></span> <span class='ocrx_word' id='word_1_378' title='bbox 434 3128 588 3168; x_wconf 86' lang='lat' dir='ltr'><strong>aetate</strong></span> <span class='ocrx_word' id='word_1_379' title='bbox 613 3121 711 3168; x_wconf 89' lang='lat' dir='ltr'><strong>iam</strong></span> <span class='ocrx_word' id='word_1_380' title='bbox 740 3123 1016 3184; x_wconf 88' lang='lat' dir='ltr'><strong>grandaeva</strong></span> <span class='ocrx_word' id='word_1_381' title='bbox 1044 3122 1235 3186; x_wconf 89' lang='lat' dir='ltr'><strong>prolem</strong></span> <span class='ocrx_word' id='word_1_382' title='bbox 1256 3121 1557 3185; x_wconf 88' lang='lat' dir='ltr'><strong>suscepisse,</strong></span> <span class='ocrx_word' id='word_1_383' title='bbox 1595 3131 1644 3171; x_wconf 90' lang='lat' dir='ltr'><strong>et</strong></span> <span class='ocrx_word' id='word_1_384' title='bbox 1668 3125 1840 3173; x_wconf 88' lang='lat' dir='ltr'><strong>Mosen</strong></span> <span class='ocrx_word' id='word_1_385' title='bbox 1866 3126 1965 3174; x_wconf 89' lang='lat' dir='ltr'><strong>iam</strong></span> <span class='ocrx_word' id='word_1_386' title='bbox 1997 3135 2148 3176; x_wconf 69' lang='lat' dir='ltr'><strong>octo-</strong></span> 
     </span>
     <span class='ocr_line' id='line_1_43' title="bbox 327 3190 2142 3257; baseline 0.003 -19"><span class='ocrx_word' id='word_1_387' title='bbox 327 3190 582 3252; x_wconf 80' lang='lat' dir='ltr'><strong>genarium</strong></span> <span class='ocrx_word' id='word_1_388' title='bbox 607 3191 884 3240; x_wconf 89' lang='lat' dir='ltr'><strong>ducendum</strong></span> <span class='ocrx_word' id='word_1_389' title='bbox 913 3192 1153 3257; x_wconf 89' lang='lat' dir='ltr'><strong>populum</strong></span> <span class='ocrx_word' id='word_1_390' title='bbox 1181 3191 1233 3237; x_wconf 89' lang='lat' dir='ltr'><strong>in</strong></span> <span class='ocrx_word' id='word_1_391' title='bbox 1259 3208 1310 3238; x_wconf 91' lang='lat' dir='ltr'><strong>se</strong></span> <span class='ocrx_word' id='word_1_392' title='bbox 1336 3192 1578 3255; x_wconf 90' lang='lat' dir='ltr'><strong>recepisse</strong></span> <span class='ocrx_word' id='word_1_393' title='bbox 1613 3203 1823 3247; x_wconf 71' lang='lat' dir='ltr'><strong>constet,</strong></span> <span class='ocrx_word' id='word_1_394' title='bbox 1891 3198 2052 3256; x_wconf 82' lang='lat' dir='ltr'><strong>Quam</strong></span> <span class='ocrx_word' id='word_1_395' title='bbox 2079 3198 2142 3246; x_wconf 84' lang='lat' dir='ltr'><strong>de</strong></span> 
     </span>
     <span class='ocr_line' id='line_1_44' title="bbox 327 3259 2142 3329; baseline 0.005 -22"><span class='ocrx_word' id='word_1_396' title='bbox 327 3259 433 3308; x_wconf 91' lang='lat' dir='ltr'><strong>Iobi</strong></span> <span class='ocrx_word' id='word_1_397' title='bbox 465 3260 672 3326; x_wconf 86' lang='lat' dir='ltr'><strong>posteris</strong></span> <span class='ocrx_word' id='word_1_398' title='bbox 702 3262 912 3326; x_wconf 90' lang='lat' dir='ltr'><strong>opponit</strong></span> <span class='ocrx_word' id='word_1_399' title='bbox 937 3261 1278 3309; x_wconf 82' lang='lat' dir='ltr'><strong>difficultatem</strong></span> <span class='ocrx_word' id='word_1_400' title='bbox 1304 3261 1646 3312; x_wconf 89' lang='lat' dir='ltr'><strong>Genebrardus</strong></span> <span class='ocrx_word' id='word_1_401' title='bbox 1681 3267 1956 3329; x_wconf 87' lang='lat' dir='ltr'><strong>somnians,</strong></span> <span class='ocrx_word' id='word_1_402' title='bbox 1992 3267 2142 3317; x_wconf 83' lang='lat' dir='ltr'><strong>habet</strong></span> 
     </span>
     <span class='ocr_line' id='line_1_45' title="bbox 327 3330 2139 3400; baseline 0.006 -23"><span class='ocrx_word' id='word_1_403' title='bbox 327 3330 462 3394; x_wconf 82' lang='lat' dir='ltr'><strong>apud</strong></span> <span class='ocrx_word' id='word_1_404' title='bbox 487 3332 685 3395; x_wconf 85' lang='lat' dir='ltr'><strong>vigilem</strong></span> <span class='ocrx_word' id='word_1_405' title='bbox 721 3331 1102 3395; x_wconf 79' lang='lat' dir='ltr'><strong>expositionem:</strong></span> <span class='ocrx_word' id='word_1_406' title='bbox 1150 3331 1367 3395; x_wconf 88' lang='lat' dir='ltr'><strong>reliquas</strong></span> <span class='ocrx_word' id='word_1_407' title='bbox 1391 3332 1584 3382; x_wconf 88' lang='lat' dir='ltr'><strong>Author</strong></span> <span class='ocrx_word' id='word_1_408' title='bbox 1612 3335 1664 3382; x_wconf 92' lang='lat' dir='ltr'><strong>in</strong></span> <span class='ocrx_word' id='word_1_409' title='bbox 1692 3339 2006 3400; x_wconf 88' lang='lat' dir='ltr'><strong>sequentibus</strong></span> <span class='ocrx_word' id='word_1_410' title='bbox 2047 3355 2139 3386; x_wconf 85' lang='lat' dir='ltr'><strong>ex·-</strong></span> 
     </span>
     <span class='ocr_line' id='line_1_46' title="bbox 326 3399 2139 3469; baseline 0.004 -22"><span class='ocrx_word' id='word_1_411' title='bbox 326 3400 520 3450; x_wconf 41' lang='lat' dir='ltr'><strong>solvitff</strong></span> <span class='ocrx_word' id='word_1_412' title='bbox 563 3401 800 3449; x_wconf 90' lang='lat' dir='ltr'><strong>Nonnihil</strong></span> <span class='ocrx_word' id='word_1_413' title='bbox 837 3402 1036 3449; x_wconf 84' lang='lat' dir='ltr'><strong>tandem</strong></span> <span class='ocrx_word' id='word_1_414' title='bbox 1067 3399 1280 3449; x_wconf 89' lang='lat' dir='ltr'><strong>obmutit</strong></span> <span class='ocrx_word' id='word_1_415' title='bbox 1306 3402 1518 3465; x_wconf 85' lang='lat' dir='ltr'><strong>Scaliger</strong></span> <span class='ocrx_word' id='word_1_416' title='bbox 1547 3421 1658 3469; x_wconf 88' lang='lat' dir='ltr'><strong>pag.</strong></span> <span class='ocrx_word' id='word_1_417' title='bbox 1694 3408 1808 3455; x_wconf 87' lang='lat' dir='ltr'><strong>Not.</strong></span> <span class='ocrx_word' id='word_1_418' title='bbox 1845 3413 1925 3462; x_wconf 85' lang='lat'><strong>17.</strong></span> <span class='ocrx_word' id='word_1_419' title='bbox 1994 3410 2139 3456; x_wconf 79' lang='lat' dir='ltr'><strong>Haec</strong></span> 
     </span>
     <span class='ocr_line' id='line_1_47' title="bbox 327 3469 2138 3543; baseline 0.005 -27"><span class='ocrx_word' id='word_1_420' title='bbox 327 3472 667 3535; x_wconf 78' lang='lat' dir='ltr'><strong>interpretatio</strong></span> <span class='ocrx_word' id='word_1_421' title='bbox 681 3507 694 3532; x_wconf 88' lang='lat'>‚</span> <span class='ocrx_word' id='word_1_422' title='bbox 733 3471 931 3536; x_wconf 86' lang='lat' dir='ltr'><strong>scribit,</strong></span> <span class='ocrx_word' id='word_1_423' title='bbox 968 3489 1067 3520; x_wconf 84' lang='lat' dir='ltr'><strong>non</strong></span> <span class='ocrx_word' id='word_1_424' title='bbox 1114 3469 1531 3522; x_wconf 73' lang='lat' dir='ltr'><strong>demonstratione</strong></span> <span class='ocrx_word' id='word_1_425' title='bbox 1567 3478 1776 3543; x_wconf 74' lang='lat' dir='ltr'><strong>nititur,</strong></span> <span class='ocrx_word' id='word_1_426' title='bbox 1824 3477 1916 3526; x_wconf 76' lang='lat' dir='ltr'><strong>sed</strong></span> <span class='ocrx_word' id='word_1_427' title='bbox 1946 3477 2138 3526; x_wconf 76' lang='lat' dir='ltr'><strong>autho-</strong></span> 
     </span>
    </p>
   </div>
  </div>
 </body>
</html>
