2222 3938
645 182 747 240 ET
783 133 1372 239 ANNOTATIONlits.
1802 169 1931 231 409⁴

0 367 10 390 3,
233 329 335 399 Τῷ
363 321 534 396 ;β7(>α’.
580 329 674 379 τοῦ·
707 321 927 393 κόσμου,
973 331 1065 379 τοῦ
1101 325 1156 378 δὲ
1196 322 1360 377 Φαλὲκ
1382 321 1502 393 ρλ’.]
1547 323 1624 373 Ex
1658 321 1930 390 Arphaxatl

102 399 289 467 epocha
297 379 560 464 adipsum
586 398 764 447 diluvii
790 415 976 446 annum
1009 398 1163 452 2242.
1195 397 1424 446 devincta
1465 395 1621 450 2242.
1658 395 1931 460 Arphaxad

105 471 224 526 185.
247 469 431 517 Cainan
454 473 571 524 130.
601 468 713 516 Sala
741 472 856 522 130.
880 468 1043 517 Heber
1067 469 1184 522 134.
1210 467 1391 516 Phalec
1417 469 1536 520 130.
1561 467 1757 514 Summa
1774 470 1929 519 2901.

242 561 356 635 *yo'
360 566 394 632 .]
434 565 728 637 Redundare
751 582 947 614 mecum
972 566 1287 614 albitraberis
1315 567 1436 613 duas
1456 565 1601 613 hasce
1625 563 1821 626 literas,
1848 564 1933 611 vel

102 637 262 688 fusius
286 654 497 703 repones
525 637 616 699 ε’ως
636 639 728 688 τοῦ
749 631 806 703 y'·
832 640 1078 702 κοσμικοῦ
1102 636 1255 697 ἓᾝτους
1291 637 1473 684 Eadem
1496 635 1681 701 quippe
1706 653 1825 684 mox
1848 651 1932 683 re·-

101 709 355 777 petiturus
381 707 577 756 Author
599 708 872 773 praesentis
898 706 1094 756 numeri
1116 707 1504 755 emendationem
1532 706 1807 757 confirmat.

235 786 330 842 Ἦν
354 790 460 852 ἔτος
484 788 653 862 β7οις’
658 792 689 857 .]
727 791 883 840 Abius
905 809 1034 839 anno
1056 791 1234 840 mundi
1250 795 1401 845 2868.
1425 808 1632 853 regnum
1656 790 1935 856 auspicatus
1964 796 2015 841 P.
2038 799 2096 844 30

105 862 169 911 ad
199 861 355 918 2915.
394 871 672 912 vertentem
702 862 892 924 tenuit,
930 863 1150 927 adeoque
1178 878 1431 910 successor
1466 862 1725 910 Oniballus
1760 860 1936 911 mundi

104 937 259 989 2916.
266 933 498 999 excepit.

229 1013 366 1078 ’Ἕως
399 1019 493 1069 τοῦ
519 1011 633 1068 σκὲ.
662 1011 962 1098 διήρκεσεν]
1001 1015 1093 1064 His
1118 1016 1181 1064 ad
1208 1016 1478 1064 Eusebium
1511 1015 1587 1063 nil
1611 1015 1936 1064 attinentibus

104 1088 487 1175 praetermissis,
525 1095 719 1136 textum
750 1088 959 1136 resumit
990 1086 1208 1149 Scaliger
1238 1104 1348 1153 pag.
1385 1088 1466 1140 14.
1501 1086 1581 1134 his
1607 1086 1787 1136 verbis.
1839 1088 1937 1137 διε-

106 1158 308 1222 δέξαντο
333 1155 428 1224 τήν
458 1159 726 1209 Χαλδαίων
755 1159 1023 1224 βασιλείαν.
1061 1157 1237 1221 quibus
1269 1158 1446 1206 ordine
1478 1156 1772 1222 perturbato
1810 1173 1934 1205 con·
1994 1191 1996 1194 v

105 1230 270 1294 iungit
291 1229 510 1278 Arabum
530 1246 666 1293 reges
691 1229 897 1277 inferius
923 1228 1262 1277 recensendos
1311 1228 1448 1275 Haec
1478 1235 1581 1288 est,
1618 1227 1811 1291 inquiet
1831 1228 1934 1287 ille,

107 1300 309 1364 Georgii
340 1300 642 1348 mediocris‘
627 1318 679 1347 in
711 1300 988 1348 rationibus
1022 1299 1380 1363 componendis
1417 1297 1647 1361 solertia,
1694 1298 1782 1362 qui
1811 1316 1932 1362 quos

105 1378 301 1436 tempus
325 1371 387 1418 ad
412 1371 623 1420 invicem
644 1371 828 1432 nectit,
865 1371 917 1418 in
935 1369 1173 1417 historiae
1211 1371 1424 1425 decursu
1451 1369 1609 1416 multo
1635 1369 1795 1433 spatio
1829 1369 1936 1416 dis-

106 1441 287 1506 iungit.
361 1441 593 1490 Valerent
619 1442 743 1503 ista,
791 1442 834 1488 si
877 1441 1047 1489 eodem
1082 1440 1322 1504 temporis
1364 1440 1654 1502 intervallo,
1693 1446 1742 1486 et
1773 1447 1835 1487 ut
1865 1439 1936 1486 ita

110 1513 270 1562 dicam
295 1529 539 1560 annorum
574 1512 733 1560 stadio
759 1519 1037 1560 exterarum
1070 1511 1330 1558 nationum
1355 1511 1607 1575 principes
1631 1510 1838 1574 proprio
1865 1509 1937 1558 lo-

112 1583 257 1630 candi
295 1583 469 1631 ordine
495 1600 595 1630 non
626 1590 963 1630 occurrerent.
1022 1581 1087 1628 At
1123 1598 1234 1629 cum
1269 1581 1500 1646 Aegyptii
1530 1581 1785 1646 propriam
1818 1598 1935 1646 pro-

108 1653 328 1701 vinciam
354 1654 526 1700 eodem
554 1670 652 1715 quo
676 1652 866 1717 Assyrii
888 1651 1046 1717 spatio
1073 1652 1126 1699 in
1150 1668 1358 1715 regnum
1382 1651 1646 1710 erexerint,
1669 1668 1774 1699 non
1798 1659 1937 1700 erant

110 1725 295 1772 Arabes
328 1723 486 1771 multo
521 1723 784 1771 intervallo
823 1722 999 1770 semoti
1034 1722 1147 1770 ante
1184 1722 1453 1787 Aegyptios
1490 1729 1540 1770 et
1582 1721 1805 1770 ordinem
1842 1722 1937 1769 sibi

112 1794 332 1842 debitum
357 1793 677 1842 memorandi.

253 1876 545 1939 Διεδέξαντο
590 1874 686 1943 τὴν
739 1877 1007 1928 Χαλδαίων
1054 1876 1310 1944 βασιλείαν
1339 1873 1600 1943 ’Ἀραβες.]
1661 1876 1941 1926 Primorum

113 1948 472 1998 Chaldaeorum
509 1956 558 1997 et
590 1948 808 1996 Arabum
839 1965 1017 2012 regna,
1064 1947 1424 1996 vetustissimas
1457 1947 1646 1995 fabulas
1667 1956 1715 1996 et
1738 1949 1942 2013 antiqua

110 2021 343 2084 figmenta
379 2019 634 2067 contendit
667 2018 899 2067 Petavius
925 2020 986 2066 de
1015 2020 1156 2068 Doct.
1187 2019 1358 2083 Temp.
1384 2017 1473 2066 lib.
1502 2022 1551 2071 9.
1586 2035 1693 2083 cap.
1732 2022 1812 2072 13.
1849 2036 1941 2067 nec

110 2091 208 2139 nisi
235 2093 350 2155 quia
389 2090 608 2153 Scaliger
633 2106 695 2136 ex
724 2089 784 2137 iis
811 2089 1209 2137 absurdissimam
1249 2088 1505 2153 componit
1544 2088 1940 2153 Chronologiam,

113 2169 164 2210 et
185 2161 454 2208 Chaldaeos
476 2177 612 2224 reges
638 2159 826 2208 diluvio
841 2162 1138 2208 vetustiores
1163 2160 1297 2222 facit,
1325 2160 1658 2206 commentitia
1685 2167 1733 2206 et
1755 2160 1945 2207 doctio-

111 2248 228 2281 rum
256 2230 463 2278 calculis
500 2229 856 2294 proscribenda
886 2230 1115 2277 affirmat.
1153 2229 1334 2277 Verum
1366 2228 1636 2276 Chaldaeos
1660 2229 1942 2293 Arabasque

112 2301 370 2368 principes
412 2300 733 2361 Africanum,
771 2317 799 2346 a
835 2316 933 2363 quo
973 2299 1027 2346 in
1062 2299 1187 2346 alios
1221 2300 1280 2346 de
1319 2298 1386 2346 eis
1423 2299 1598 2346 notitia
1622 2299 1796 2360 fluxit,
1835 2301 1940 2347 sola

111 2372 304 2422 Patavii
330 2370 532 2419 assertio
566 2369 866 2417 confinxisse
902 2387 1005 2416 non
1030 2370 1227 2431 suadet,
1263 2385 1355 2416 nec
1393 2386 1576 2432 pravus
1604 2370 1663 2417 de
1687 2370 1860 2417 iisdem
1886 2370 1941 2420 in

115 2442 351 2506 Scaligeri
376 2440 703 2503 Chronologia
733 2457 853 2487 usus
878 2439 1163 2503 figmentum
1192 2447 1279 2487 aut
1298 2439 1491 2487 fabulas
1522 2441 1709 2503 arguit,
1745 2441 1833 2489 ubi
1855 2457 1940 2489 re-

118 2513 247 2561 ctior
284 2511 640 2574 Chronologiae
677 2510 968 2575 dispositio,
1006 2511 1090 2558 vel
1118 2510 1437 2573 antiquorum
1470 2527 1619 2575 penes
1651 2511 1941 2559 Africanum

115 2590 434 2632 monumenta
458 2598 625 2631 eorum
649 2580 908 2629 historiam
944 2581 1172 2646 probant.
1222 2581 1421 2628 Diluvio
1451 2581 1597 2643 longe
1625 2582 1939 2645 posteriores,

117 2662 168 2702 et
189 2655 241 2701 in
267 2653 527 2701 nationum
552 2652 855 2716 dispersione
872 2651 1136 2716 imperium
1158 2651 1485 2700 instaurantes
1511 2651 1749 2716 Georgius
1768 2660 1937 2702 noster
1965 2657 2020 2702 V.
2049 2660 2109 2707 28

119 2724 416 2786 Chaldaeos,
464 2730 514 2771 et
553 2739 862 2771 successores
896 2722 1082 2770 Arabas
1116 2722 1339 2771 inducitz
1386 2739 1635 2786 regnaque
1668 2723 1941 2771 Chaldaeo-

117 2812 232 2844 rum
278 2802 328 2842 et
362 2792 680 2859 Assyriorum
717 2810 744 2840 a
778 2792 978 2841 Petavio
1014 2793 1102 2841 lib.
1132 2796 1213 2846 13.
1253 2793 1316 2840 ad
1354 2809 1539 2840 annum
1572 2793 1749 2841 mundi
1788 2795 1939 2849 1874.

119 2866 351 2927 confusa,
387 2865 666 2929 scripturae
706 2863 868 2913 verbis
901 2864 1021 2912 Gen.
1050 2881 1158 2929 cap.
1184 2867 1263 2916 10.
1283 2878 1335 2912 v.
1363 2866 1444 2916 11.
1486 2863 1763 2912 faventibus
1787 2882 1941 2913 secer-

117 2935 213 2997 nit,
251 2942 299 2984 et
321 2951 410 3000 per
426 2935 634 2998 longum
658 2950 918 2998 serumque
944 2934 1179 2999 temporis
1199 2932 1416 2999 spatium
1440 2933 1500 2980 ab
1523 2933 1736 2983 invicem
1765 2935 1942 2983 distin-

118 3005 245 3070 guit.
283 3004 472 3064 Quibus
490 3005 718 3053 lubenter
739 3005 1012 3054 addiderim
1029 3005 1180 3052 Assur
1195 3012 1241 3052 et
1254 3004 1439 3051 Ninum
1465 3005 1676 3054 eundem
1692 3005 1942 3053 hominem

122 3091 237 3123 cum
261 3075 464 3123 Petavio
492 3093 594 3124 non
619 3077 926 3140 putandum:
966 3074 1049 3123 hic
1076 3075 1205 3122 enim
1230 3074 1521 3122 Nembrodis
1546 3092 1572 3123 e
1595 3075 1763 3136 (iham,
1791 3083 1942 3141 prout

123 3144 297 3193 asserit
310 3146 556 3206 Petavius,
573 3146 769 3194 oriundi
784 3154 830 3193 et
842 3146 1036 3211 nepotis
1051 3146 1183 3193 filius
1199 3163 1212 3207 3
1241 3145 1324 3192 ille
1342 3144 1476 3192 filius
1487 3147 1596 3194 Sem
1611 3163 1710 3193 non
1729 3147 1940 3194 obscuro

123 3215 408 3280 Scripturae
430 3215 717 3264 testimonio
741 3217 1106 3281 comprobatur.
1146 3217 1422 3281 Eapropter
1444 3216 1762 3279 Augustinus,
1792 3213 1944 3278 Quod

109 3284 321 3332 ‘dictum
338 3293 424 3347 est,
450 3286 613 3350 inquit
626 3286 710 3334 lib.
738 3291 821 3341 16.
850 3287 911 3334 de
925 3286 1069 3335 Civit.
1089 3286 1172 3334 Dei
1200 3303 1304 3352 cap.
1326 3289 1374 3338 3.
1405 3284 1465 3333 de
1489 3287 1759 3345 terrama,
1788 3284 1847 3331 id
1869 3293 1940 3331 est

123 3355 185 3403 de
209 3365 345 3404 terra
373 3357 578 3418 Sennar,
607 3373 734 3421 qaae
747 3356 1034 3421 pertinebat
1057 3355 1130 3404 acl
1144 3373 1352 3422 regnum
1382 3354 1636 3404 Nembrod
1658 3352 1938 3421 (Chaldaei)

124 3427 300 3473 exiisse
329 3425 499 3474 Assur
523 3435 571 3473 ec
597 3425 888 3491 aedificasse
912 3428 1142 3475 IVinivem
1167 3437 1219 3474 et.
1236 3428 1374 3474 alias
1398 3428 1624 3474 civitates
1645 3425 1730 3471 lzz'c
1750 3441 1941 3472 memo-

127 3505 270 3545 ratas
287 3534 301 3559 ,
340 3497 487 3563 longe
502 3505 682 3561 postea
697 3499 911 3561 factum
933 3507 1027 3544 est:
1062 3497 1151 3546 sed
1178 3515 1232 3546 ex
1260 3499 1517 3545 occasione
1538 3495 1622 3543 hic
1639 3498 1939 3561 perstringi·
