2222 3938
339 188 466 247 398
945 191 1524 251 EMENDATIONES

337 321 432 379 ηδ’.
455 327 655 394 reposui
680 319 772 378 κοί.
809 340 934 390 quos
973 325 1117 373 solos
1146 324 1374 373 attribuit
1410 325 1554 378 infra.
1626 326 1798 375 Trium
1825 327 2034 377 aliorum
2069 347 2158 379 ex·-

339 414 529 461 cessus,
567 415 630 446 ne
659 414 721 445 ex
747 402 963 476 quatuor
992 395 1273 444 mediorum
1298 412 1468 460 regum
1495 396 1732 446 aetatibus
1758 399 1875 446 anni
1897 405 1981 454 69.
2005 417 2159 467 supe-

335 468 442 518 rius
464 468 721 517 memorati
749 466 967 531 praecise
995 466 1320 530 colligantur,
1357 467 1601 532 prohibet.

479 534 699 606 Χρόνοις
720 533 929 603 ὕστερον
953 533 1064 602 σμη’
1070 536 1106 601 .]
1115 502 1221 584 2¹>Ex
1249 537 1495 600 Africani,
1533 555 1636 586 non
1657 538 1864 604 proprio
1887 547 2122 604 supputo.

474 610 587 672 Pag.
624 612 707 661 71.
747 604 896 658 Meto?
904 605 1164 674 ’Ώγυγον.]
1203 608 1388 655 Textus
1419 609 1596 656 vitium
1619 609 1858 657 Authoris
1895 611 2048 658 menti
2082 627 2159 660 ιο-

179 678 234 725 V.
254 676 313 725 24
338 697 564 746 pugnans
602 679 708 726 sola
747 677 1024 726 dictionum
1060 678 1449 742 transpositione
1485 680 1694 728 tollitur.
1769 680 1978 745 Κέκροψ
2018 680 2044 732 ὅ
2079 682 2160 731 δι·-

336 749 474 815 φυῆς
500 748 585 800 καὶ
628 745 892 815 Κραναὸς,
929 744 1016 813 ἐφ’
1054 745 1116 799 ὃν
1150 749 1234 798 καὶ
1270 747 1300 799 ὅ
1337 748 1417 800 ἐπὶ
1443 752 1790 810 Δευκαλίωνος
1814 750 1990 834 γε’γονε
2010 770 2159 801 κατα·
2213 782 2215 784 -

333 817 552 886 κλυσμος
588 819 642 870 ἐν
676 821 946 903 Θεσσαλίᾳ,
985 838 1103 884 μετα
1126 817 1353 905 ’Ώγυγον
1379 819 1463 870 καὶ
1493 817 1611 885 μετοέ
1640 817 2160 905 Μισφραγμούθωσιν

334 890 584 959 ἐγένοντο,
621 888 781 958 η’γουν
802 886 996 956 χρόνοις
1024 906 1232 955 υστερον
1261 885 1583 955 τούλάχιστον
1609 887 1695 958 ρν’.

476 958 1031 1046 Μισφραγμούθωσις’
1015 960 1095 1025 ε’τη
1118 956 1187 1011 κε’
1191 959 1226 1026 .]
1264 961 1337 1008 Ita
1361 979 1585 1026 suprema
1610 979 1702 1027 pag
1704 961 1785 1009 ina
1811 961 2006 1010 Author
2035 981 2160 1013 κατα

332 1029 416 1082 τόν
443 1027 698 1096 Εὕσέβιον
738 1035 828 1096 τῆς
863 1026 946 1095 ιη’.
985 1032 1273 1091 δυναστείας
1307 1028 1447 1096 μόλις
1482 1028 1568 1082 κε’.
1598 1040 1691 1081 ete.
1730 1040 1778 1079 et
1818 1033 1915 1080 nisi
1949 1034 2159 1081 tollatur

333 1103 495 1150 unitas
519 1102 797 1167 superflua,
837 1102 1043 1150 excedet
1076 1119 1337 1150 numerum
1367 1107 1448 1155 71.
1478 1120 1597 1150 mox
1624 1103 1987 1167 repenendum.

474 1176 700 1232 Βασιλεῖς
731 1172 910 1236 πέντε]
951 1172 1090 1219 Sistit
1122 1171 1208 1219 hic
1235 1173 1475 1235 Scaliger,
1514 1190 1576 1220 ne
1603 1190 1715 1220 cum
1743 1172 1994 1237 Georgio
1979 1190 2034 1220 m
2060 1173 2160 1221 Eu-

334 1243 527 1292 sebium
550 1243 735 1290 scribat
762 1239 873 1292 ἅντι
894 1246 994 1293 τῶν
1026 1242 1090 1303 ἕξ.
1137 1251 1300 1290 textus
1331 1243 1593 1290 Eusebiani
1634 1259 1742 1307 pag.
1774 1247 1857 1296 16.

475 1314 587 1377 Pag.
624 1319 657 1366 7
661 1319 708 1367 2.
750 1313 816 1362 Οί
838 1312 1006 1363 λοιποὶ
1032 1316 1122 1377 τῆς
1144 1310 1224 1379 ιη’.
1250 1312 1579 1381 δυναστείας]
1620 1314 1960 1374 Quorumdam
1985 1330 2159 1377 regum

333 1384 417 1433 hic
443 1392 823 1432 memoratorum
856 1384 1152 1432 breviarium
1189 1402 1251 1432 ex
1286 1384 1582 1433 Manethone
1613 1386 1802 1449 profelt
1835 1384 2072 1449 Iosephus
2105 1385 2159 1432 iu

332 1455 578 1520 Apionem
608 1455 693 1502 lib.
723 1460 769 1507 1.
802 1471 863 1501 ex
893 1472 992 1519 quo
1019 1456 1082 1502 ad
1110 1454 1455 1502 Manethonem
1489 1456 1865 1518 elucidandum,
1903 1454 2039 1503 haec.
2076 1453 2158 1505 ἐπὶ

337 1524 392 1576 65
423 1524 683 1591 βασιλέως,
724 1527 762 1594 ᾧ
786 1523 946 1590 ὄνομα
974 1521 1104 1576 εἶναι
1127 1521 1688 1593 Ἀλασφραγμούθωσις,
1725 1525 2040 1591 ηττωμένους
2053 1544 2159 1609 φη-

334 1595 384 1647 σὶ
407 1616 526 1656 τους
550 1595 801 1661 Ποιμένας
823 1591 921 1646 υπ’
951 1591 1136 1657 αυτοῦ,
1175 1597 1230 1647 ἐκ
1268 1595 1360 1662 μὲν
1383 1600 1476 1661 τῆς
1510 1594 1663 1662 ὅλλης
1696 1592 1956 1686 Αἰγυπτου
1993 1610 2160 1660 πασης

333 1666 587 1727 ἐκπεσεῖν,
626 1670 1051 1732 κατακλεισθῆναι
1089 1661 1143 1716 δ’
1182 1668 1251 1726 εἰς
1287 1663 1445 1718 τόπον
1488 1663 1719 1733 αρουρῶν
1759 1667 1932 1732 ἔχοντα
1964 1666 2160 1753 μυρίων

330 1755 424 1801 την
451 1738 773 1819 περίμετρον,
792 1733 1050 1803 ”Αβαριν’
1037 1734 1192 1801 όνομα
1218 1741 1288 1806 τῷ
1311 1733 1456 1803 τόπῳ.
1529 1739 1592 1785 Et
1621 1738 1766 1786 infra.
1803 1757 1890 1788 τον
1928 1735 1983 1787 δὲ
2002 1732 2159 1786 Ἀλισ-

331 1802 775 1874 φραγμουθιόσεως
797 1804 914 1857 υἱον
943 1789 1266 1871 Θούμμασιν,
1307 1807 1614 1874 ἐπιχειρῆσαι
1640 1806 1730 1873 μὲν
1751 1803 1937 1868 αὐτους
1959 1803 2044 1857 διοὶ
2071 1824 2161 1858 πο-

331 1878 554 1943 λιορκίας
589 1876 716 1927 ἕλεῖν
747 1895 872 1926 κατα
900 1893 1105 1944 κρατος·
1146 1877 1251 1927 ἐπεὶ
1294 1875 1348 1927 δὲ
1379 1878 1462 1927 καὶ
1499 1882 1588 1944 τῆς
1622 1880 1926 1964 πολιορκίας
1941 1873 2156 1960 απέγνω,

331 1944 651 2031 ποιήσασθαι
677 1942 1026 2032 συμβάσεις,
1014 1947 1098 1997 ι’να
1123 1966 1217 2011 την
1254 1948 1510 2016 Αἴγυπτον
1549 1944 1859 2010 ἐκλιπόντες,
1898 1945 1998 2013 ὅπη
2034 1941 2158 2013 βού-

330 2022 544 2080 λωνται,
581 2036 764 2077 παντες
801 2012 1050 2082 αβλαβεῖς
1075 2012 1378 2069 απέλθωσιν.
1466 2019 1530 2066 Et
1560 2019 1767 2067 inferius
1800 2022 1996 2067 iterum.
2035 2014 2157 2083 μετα

330 2084 385 2139 τὸ
408 2058 630 2149 ἐξελθεῖν
668 2087 717 2148 ἐξ
742 2084 1001 2174 Αἰγύπτου
1035 2085 1126 2139 τόν
1153 2085 1272 2139 λαὸν
1305 2108 1408 2138 των
1434 2088 1704 2152 Ποιμένων
1734 2090 1804 2149 εἰς
1829 2083 2155 2153 Ἱεροσόλυμα,

331 2178 359 2209 ο
387 2155 612 2224 ἔκβαλων
644 2154 827 2218 αὐτους
851 2157 902 2218 ἐξ
929 2153 1189 2225 ,Αἰγυπτου
1215 2155 1445 2224 βασιλευς
1478 2159 1739 2223 Τὲθμωσις
1760 2159 2043 2225 ἐβασίλευσε
2072 2177 2159 2223 με-

327 2247 390 2278 τα
418 2247 574 2279 ταυτα
599 2227 681 2293 ἔτη
712 2223 795 2278 κε’.
830 2226 915 2278 καὶ
947 2233 1112 2293 μῆνας
1134 2226 1189 2279 δ’.
1223 2229 1308 2278 καὶ
1330 2224 1633 2317 ἐτελευτησε,
1670 2229 1754 2280 καὶ
1783 2228 2031 2315 παρέλαβε
2061 2225 2158 2312 ²⁷53)

331 2294 492 2366 οῗρχην
517 2294 676 2350 αὐτοῦ
699 2295 812 2358 υἷος
838 2298 1094 2387 Χέβρων’
1078 2298 1159 2385 ε’τη
1184 2297 1261 2366 ιγ’.
1273 2294 1421 2383 μεθ’
1446 2319 1505 2350 ον
1527 2298 1553 2351 ὁ
1572 2294 1850 2366 Ἀμένωφις
1871 2295 1931 2350 κ’.
1955 2298 2040 2349 καὶ
2063 2301 2159 2364 μῆ-

329 2389 423 2429 νας
449 2365 502 2431 ζ’.
539 2373 632 2421 τοῦ
653 2367 708 2420 δὲ
733 2365 925 2434 οἷδελφή
946 2367 1188 2435 Ἀμεσσῆς
1210 2364 1303 2420 κα’.
1339 2369 1420 2420 καὶ
1441 2370 1604 2435 μῆνας
1625 2367 1694 2421 θ’.
1730 2374 1821 2436 τῆς
1845 2368 1900 2421 65
1925 2365 2159 2452 Μήφρης

332 2435 410 2504 ιβ’.
461 2439 548 2491 καὶ
586 2443 749 2506 μῆνας
782 2436 850 2490 θ’.
890 2445 982 2491 τοῦ
1017 2438 1073 2491 δὲ
1116 2436 1626 2527 Μισφραγμούθωσις
1663 2437 1745 2493 κε’.
1791 2440 1878 2491 καὶ
1913 2443 2074 2506 μῆνας
2112 2433 2158 2494 ι’.

329 2513 423 2559 τοῦ
446 2509 500 2560 δὲ
513 2513 725 2583 Θμῶσις
743 2506 813 2561 θ’.
852 2511 937 2561 καὶ
963 2512 1125 2576 μῆνας
1150 2506 1212 2576 η’.
1249 2515 1341 2561 τοῦ
1362 2509 1415 2561 δὲ
1438 2507 1715 2576 Ἀμένωφις
1733 2506 1790 2561 λ’.
1816 2510 1900 2562 καὶ
1930 2503 2158 2576 μῆναςί.

330 2583 424 2629 τοῦ
445 2579 498 2630 65
513 2574 668 2646 Ὠρος
689 2576 776 2639 λς’.
815 2580 898 2631 καὶ
924 2586 1087 2647 μῆνας
1111 2577 1161 2632 ε’.
1197 2585 1288 2632 τοῦ
1313 2579 1366 2631 δὲ
1387 2577 1644 2667 Ἀκεγχρῆς
1664 2579 1747 2648 ιβ’.
1781 2581 1867 2632 καὶ
1885 2584 2022 2646 μῆνα
2045 2579 2156 2630 ἕνα·

174 2661 228 2707 Ρ,
246 2661 304 2708 26
331 2653 420 2715 τῆς
446 2649 501 2700 δὲ
527 2649 766 2712 Ῥαθωσις
793 2646 1031 2716 οἷδελφός,
1068 2649 1135 2702 θ’.
1162 2655 1255 2703 τοῦ
1281 2650 1336 2702 δὲ
1360 2646 1656 2719 Ἀκεγχήρης
1681 2647 1764 2738 ιβ’.
1797 2650 1882 2701 καὶ
1919 2653 2082 2715 μῆνας
2102 2646 2156 2703 ε’.

329 2739 418 2770 του
446 2719 500 2770 δὲ
520 2714 865 2804 Ἀνεγχήρης“”
847 2721 1009 2790 ε’τερος
1042 2718 1124 2807 ιβ’.
1153 2722 1237 2773 καὶ
1271 2726 1436 2788 μῆνας
1464 2721 1524 2789 γ’.
1561 2742 1649 2773 του
1677 2720 1730 2772 δὲ
1742 2716 1953 2807 ’Λρμαῒς
1978 2716 2034 2771 δ’.
2068 2720 2158 2772 καὶ

331 2792 470 2857 μῆνα
494 2785 556 2840 α’.
594 2811 683 2842 του
710 2791 764 2843 65
784 2792 1048 2859 Ῥαμέσσης
1075 2789 1134 2843 α’.
1169 2793 1255 2844 καὶ
1279 2796 1380 2881 μῆν
1384 2813 1442 2852 ας
1462 2793 1520 2843 δ’.
1556 2796 1648 2843 τοῦ
1668 2790 1722 2842 δὲ
1742 2786 2011 2875 Ἀρμεσσῆς
2020 2795 2158 2841 Μια-

331 2880 464 2927 μουν
496 2855 579 2921 εἷς’.
614 2861 700 2912 καὶ
740 2866 902 2928 μῆνας
929 2859 1118 2929 β’.τοῦ
1145 2862 1198 2914 δὲ
1229 2859 1507 2952 Ἀμένωφις
1534 2857 1620 2913 ιθ’.
1656 2861 1742 2912 καὶ
1775 2865 1937 2927 μῆνας
1972 2856 2027 2919 ς.
2063 2863 2158 2912 τοῦ

331 2929 388 2982 65
426 2929 658 2991 Σέθωσις
688 2932 773 2983 καὶ
801 2933 1063 2998 Ῥαμέσσης
1106 2931 1320 2998 ἰππικῆν
1359 2933 1446 2983 καὶ
1478 2951 1718 2997 ναυτικην
1754 2931 1884 3015 ἔχων
1920 2926 2155 2997 δυναμιν.

332 3019 482 3061 ουτος
504 2998 592 3051 τὸν
628 3000 719 3067 μὲν
751 2998 965 3067 οἷδελφόν
996 2999 1201 3091 Ἀρμαϊν
1225 3004 1495 3070 ἐπίτροπον
1522 3006 1610 3067 τῆς
1634 2997 1897 3069 Αἰγύπτου
1923 3001 2157 3087 κατέστη-

333 3086 446 3133 σεν,
481 3070 568 3122 καὶ
597 3076 764 3123 πᾶσαν
801 3071 891 3138 μὲν
919 3069 1056 3142 αὐτῷ
1082 3071 1176 3138 τῆν
1209 3071 1363 3138 α’λλην
1395 3069 1656 3138 βασιλικην
1681 3071 1982 3138 περιέθηκεν
2017 3067 2156 3133 ἐξού-

335 3157 476 3204 σιαν,
513 3138 667 3208 μόνον
696 3140 750 3193 δὲ
773 3143 1042 3194 ἐνετείλατο
1069 3139 1288 3208 διαδημα
1313 3164 1380 3209 μη
1413 3148 1621 3210 φορεῖν,
1660 3141 1784 3210 μηδὲ
1804 3163 1898 3208 την
1925 3143 2156 3209 βασιλίδα

335 3210 523 3281 μητέρα
547 3231 598 3263 τε
619 3232 720 3263 των
741 3212 928 3264 τέκνων
957 3209 1165 3264 αδικεῖν.
1206 3209 1478 3297 απέχεσθαι
1502 3211 1556 3264 65
1579 3214 1664 3264 καὶ
1691 3233 1793 3265 των
1821 3211 1984 3265 ἄλλων
2015 3214 2155 3302 βασι-

336 3286 489 3334 λικῶν
515 3284 844 3335 παλλακίδων.
891 3281 1040 3343 αὐτος
1078 3282 1131 3334 65
1164 3283 1245 3335 ἐπὶ
1284 3278 1499 3368 Κυπρον
1523 3284 1609 3335 καὶ
1638 3285 1912 3350 Φοινίκην,
1948 3303 2034 3334 και
2059 3301 2155 3333 πα-

336 3356 418 3403 λιν
438 3348 725 3444 Ἀσσυρίους
747 3373 800 3406 τε
823 3352 908 3406 καὶ
936 3350 1157 3419 Μηδους
1177 3370 1498 3422 στρατευσας,
1535 3374 1774 3418 απαντας,
1809 3374 1927 3414 τους
1954 3351 2043 3420 μὲν
2066 3346 2155 3403 δό-

337 3442 475 3488 ρατι,
509 3444 629 3486 τους
653 3423 707 3476 65
730 3419 940 3492 ἀμαχητὶ
954 3462 967 3486 ,
995 3420 1137 3494 φόβῳ
1162 3423 1215 3475 65
1238 3429 1329 3491 τῆς
1353 3429 1537 3490 πολλῆς
1562 3422 1819 3516 δυνάμεως
1837 3422 2153 3490 υποχειρίους

338 3492 497 3561 ἔλαβε.
532 3495 619 3548 καὶ.
646 3496 770 3566 μέγα
796 3492 1055 3564 φρονήσας
1075 3476 1159 3549 ἐπὶ
1181 3501 1290 3557 ταῖς
1317 3492 1638 3565 ευπραγίαις,
1676 3496 1744 3548 ἔτι
1766 3493 1822 3548 δὲ
1849 3494 1937 3549 καὶ
1960 3499 2152 3559 θαρσα-
