2222 3938
645 174 745 229 ET
781 175 1368 236 ANNOTATIONES.
1789 170 1916 232 433

104 303 358 368 adipsum
397 302 573 352 diluvii
608 320 794 353 annum
827 307 1052 371 exemplo
1086 308 1330 367 Africani,
1368 305 1516 356 modo
1543 309 1596 356 in
1629 317 1917 373 sequentem

104 389 167 422 ex
188 372 381 439 proprii
409 373 591 421 calculi
611 383 776 423 mente
799 376 980 426 fixam:
1017 394 1079 426 ex
1105 396 1201 445 qua
1237 379 1536 428 desultorius
1560 377 1646 427 ille
1672 396 1918 428 annorum

101 459 338 492 numerus
367 443 547 491 eisdem
570 443 624 490 in
648 445 849 510 scriptis
874 447 1049 496 oritur.

241 509 369 564 Οὔτε
394 517 467 582 τῷ
491 508 771 582 Ἀφρικανῷ
794 515 1119 582 πιστευτέον.]
1155 518 1213 565 In
1239 517 1526 567 Africanum
1566 524 1616 566 et
1652 517 1918 567 Eusebium

99 580 249 706 latarg
282 582 343 630 ab
384 582 606 632 Authore
642 587 932 635 sententiam
962 587 1131 636 laudat
1165 588 1382 653 Scaliger
1424 587 1649 638 Animad.
1681 606 1792 655 pag.
1829 592 1914 644 21.

102 659 149 699 et
174 658 209 706 2
245 655 297 705 3.
1764 663 1769 669 ·

241 723 354 786 Pag.
394 728 510 778 117.
535 721 657 789 ’Έτη
693 727 783 790 τῆς
809 726 936 790 ζωῆς
966 721 1146 791 Ἰωσήφ
1172 722 1249 793 ρι’.
1289 722 1484 792 κόσμου
1513 725 1568 778 δὲ
1607 723 1793 795 ,γχοβ’.]
1838 726 1918 775 Ex

101 794 256 846 3672.
285 793 509 841 deductis
541 800 654 848 110.
687 804 955 860 supersunt
981 797 1137 849 3562.
1196 797 1261 843 At
1284 814 1388 843 non
1426 798 1522 845 isto
1556 799 1731 846 mundi
1768 814 1917 854 anno,

100 863 188 909 sed
233 872 464 926 sequente
506 863 682 930 Ioseph
718 867 770 912 in
808 867 970 913 lucem
1012 865 1259 929 prodiisse
1307 866 1612 915 demonstrat
1651 866 1920 916 Abrahami

100 932 287 996 epocha
327 933 392 981 ad
430 951 614 982 annum
653 938 808 989 3312.
837 936 974 983 Isaac
1002 935 1066 982 ad
1090 935 1244 988 3412.
1270 935 1414 982 Iacob
1439 936 1500 982 ad
1522 939 1677 990 3472.
1702 938 1827 997 fixa3
1866 945 1917 986 et

95 1002 296 1050 tandem
331 1004 475 1052 Iacob
509 1005 663 1070 ipsius
699 1005 816 1052 anni
842 1010 924 1059 91.
954 1022 1065 1053 cum
1091 1004 1271 1070 Ioseph
1295 1006 1448 1052 natali
1474 1012 1523 1052 et
1548 1007 1723 1054 mundi
1754 1009 1912 1060 3563.

101 1073 372 1123 coniuncti.
446 1077 679 1140 Superest
704 1075 870 1139 itaque
894 1077 1010 1123 anni
1048 1076 1290 1123 defectum
1316 1075 1676 1139 exprobremus
1701 1077 1915 1139 Syncel-

97 1142 178 1204 lo,
218 1145 305 1208 qui
333 1162 488 1193 annos
522 1145 698 1211 Ioseph
727 1163 1084 1211 nonnunquam
1116 1163 1142 1192 a
1174 1146 1329 1210 patris
1361 1146 1508 1194 Iacob
1535 1150 1621 1198 90.
1655 1153 1705 1192 et
1738 1146 1916 1193 subin-

100 1213 161 1261 de
189 1231 215 1260 a
244 1216 419 1263 mundi
449 1219 603 1270 3562.
639 1233 923 1265 enumerare
960 1215 1246 1264 exorditur:
1285 1216 1345 1264 de
1383 1234 1477 1279 quo
1509 1216 1616 1263 suse
1642 1215 1774 1263 inter
1806 1232 1915 1279 pag.

99 1287 215 1336 109·
244 1289 361 1337 110.
393 1292 442 1332 et
472 1289 584 1337 111.
613 1287 975 1334 observationes
1000 1294 1279 1335 tractatum.
1349 1285 1427 1334 Ex
1450 1286 1616 1334 verbis
1640 1285 1917 1350 scripturae

98 1359 149 1400 et
176 1354 381 1418 proprio
424 1355 617 1402 calculo
657 1355 908 1403 contrahit
947 1355 1140 1404 Author
1172 1372 1404 1407 errorem.
1477 1356 1554 1403 Ad
1588 1356 1724 1418 regni
1752 1356 1916 1420 Aegy-

95 1422 249 1489 ptiaci
279 1424 583 1472 consortium
607 1441 737 1472 anno
764 1426 934 1472 aetatis
958 1429 1042 1479 30.
1066 1425 1245 1489 Ioseph
1271 1433 1495 1473 evectum
1521 1425 1758 1472 decennio
1783 1432 1914 1490 post,

95 1494 184 1546 40.
221 1493 482 1554 nimirum,
521 1503 710 1559 patrem
738 1495 883 1543 Iacob
907 1495 957 1543 in
985 1498 1264 1559 Aegyptum
1296 1496 1644 1543 adventantem
1669 1496 1915 1560 recepisse

98 1564 166 1611 ait
195 1564 307 1611 illa:
344 1564 426 1612 hic
448 1566 603 1629 patris
623 1565 766 1612 Iacob
800 1583 928 1613 anno
959 1570 1044 1618 91.
1071 1564 1242 1630 Ioseph
1275 1573 1446 1612 natum
1474 1564 1722 1616 affirmat.-
1758 1565 1914 1629 patris

97 1650 212 1696 ergo
244 1637 358 1687 130.
402 1634 505 1699 ipse
539 1652 641 1681 non
685 1637 769 1688 40.
807 1637 891 1683 sed
926 1638 1010 1688 39.
1040 1635 1283 1683 duntaxat
1319 1635 1620 1684 numerabit:
1658 1643 1746 1683 aut
1781 1642 1915 1684 certe

94 1704 180 1758 40.
208 1713 544 1753 numerantem
570 1722 699 1752 anno
724 1705 879 1770 priori
907 1712 1076 1752 natum
1110 1705 1358 1753 existimet
1379 1723 1574 1753 necesse
1604 1713 1690 1755 est.

233 1775 348 1838 Pag·
391 1778 506 1828 118.
543 1773 707 1840 Ὁμοῦ
742 1779 833 1841 τῆς
867 1775 921 1826 ἐν
953 1779 1018 1843 γῇ
1042 1772 1255 1826 Χαναοῖν
1289 1774 1375 1824 καὶ
1413 1772 1709 1842 Αἰγύπτου]
1762 1774 1914 1822 Com-
1958 1781 1961 1784 ’

95 1860 244 1892 mune
280 1853 353 1893 est
390 1862 504 1892 cum
538 1846 785 1910 plerisque
825 1845 1149 1910 chronologis
1195 1844 1429 1895 Authoris
1467 1844 1806 1910 propositum,
1855 1851 1915 1892 ut

94 1915 223 1962 filios
267 1916 417 1963 Israel
453 1916 679 1963 ducentis
719 1916 963 1964 duntaxat
1006 1924 1053 1964 et
1094 1916 1376 1980 quindecim
1418 1917 1557 1963 annis
1593 1916 1644 1961 iu
1685 1914 1913 1979 Aegypto

92 1985 354 2047 mansisse,
393 1986 774 2050 quadringentos
802 1996 965 2035 autem
1003 1994 1053 2034 et
1085 1987 1315 2050 triginta,
1356 1985 1476 2052 (qui
1519 1986 1597 2033 his
1633 1985 1794 2033 Exodi
1830 1989 1911 2037 12.

92 2055 286 2115 verbis,
323 2057 599 2103 Habitatlo
619 2058 860 2121 filiorum
893 2057 1079 2118 Israel,
1118 2075 1222 2122 qua
1257 2067 1552 2103 mans-erunt
1582 2057 1635 2101 in
1661 2054 1909 2118 Aegypto,

85 2127 200 2189 fuit
227 2129 345 2180 430.
387 2145 667 2188 annorum,
705 2145 871 2175 eorum
910 2129 963 2175 in
1003 2129 1224 2192 Aegypto
1265 2125 1639 2174 commorationi
1674 2125 1914 2172 videntur

92 2196 358 2261 imputari)
397 2214 498 2244 non
534 2215 560 2243 a
590 2198 734 2244 Iacob
776 2206 824 2244 et
852 2198 954 2244 eius
995 2198 1146 2244 totius
1177 2197 1390 2244 familiae
1424 2196 1479 2243 iu
1511 2197 1791 2258 Aegyptum
1825 2194 1912 2240 in-

90 2282 287 2329 gressu,
326 2266 411 2313 sed
438 2284 466 2312 a
506 2267 894 2330 peregrinatione
920 2266 1166 2328 Abrahae,
1205 2282 1319 2314 cum
1342 2266 1561 2330 primum
1586 2263 1911 2310 Chananaeo-

90 2353 204 2385 rum
242 2335 364 2382 adiit
400 2337 673 2399 regionem,
712 2337 1043 2384 numerandos
1078 2353 1181 2385 esse
1220 2335 1502 2384 contendat.
1574 2334 1717 2381 Ratio
1747 2333 1910 2398 prima

91 2406 285 2471 petitur
319 2422 381 2452 ex
406 2423 575 2454 eorum
601 2407 864 2468 aetatibus,
898 2408 982 2471 qui
1007 2424 1033 2453 a
1056 2405 1447 2470 peregrinatione
1474 2403 1695 2452 Abrahae
1720 2403 1783 2450 ad
1810 2419 1910 2467 po·-

92 2485 338 2524 sterorum
358 2475 460 2523 eius
486 2492 547 2524 ex
560 2477 780 2540 Aegypto
805 2476 1161 2540 prosectionem
1188 2476 1402 2524 medium
1427 2483 1618 2538 tempus
1634 2479 1909 2536 occupante

91 2547 208 2595 illae
234 2545 329 2593 hoc
365 2553 510 2611 pacto
547 2547 866 2609 colliguntur.
938 2546 1013 2594 Ab
1044 2545 1287 2593 Abraham
1320 2545 1536 2592 adventu
1562 2544 1623 2591 ad
1656 2543 1747 2590 filii
1773 2542 1910 2589 Isaac

93 2625 259 2665 ortum
301 2617 420 2664 anni
453 2617 537 2670 25.
571 2615 912 2676 intercedunt,
959 2615 1016 2662 ab
1055 2614 1201 2663 huius
1239 2615 1391 2662 natali
1438 2614 1501 2661 ad
1536 2613 1682 2660 Iacob
1721 2619 1908 2674 ortum,

91 2686 369 2749 sexaginta:
407 2686 466 2734 ab
492 2686 634 2734 istius
661 2687 722 2733 ad
752 2687 866 2734 Levi
889 2686 1107 2750 primum
1134 2702 1316 2733 annum
1335 2721 1349 2746 ‚
1389 2686 1470 2737 82.
1497 2682 1560 2730 ad
1585 2681 1737 2730 Caath
1762 2681 1910 2729 dein-

94 2757 155 2805 de
183 2757 300 2804 Levi
332 2756 491 2804 filium
527 2757 610 2810 47.
649 2764 918 2822 putantur:
955 2754 1034 2804 his
1062 2756 1186 2804 adde
1211 2755 1274 2803 ad
1300 2756 1494 2803 Amram
1527 2760 1728 2801 exortus
1753 2751 1903 2813 diem,

90 2831 178 2880 60.
200 2834 304 2874 tum
340 2827 403 2874 ad
431 2827 632 2891 Moysen
668 2828 773 2875 eius
803 2827 985 2888 filium,
1022 2827 1105 2879 75.
1144 2825 1324 2874 exinde
1349 2825 1418 2872 ad'
1447 2823 1806 2889 profectionem
1842 2837 1907 2869 ex

91 2898 340 2961 Aegypto,
374 2900 457 2950 81.
491 2897 658 2944 totalis
691 2898 910 2945 omnium
952 2913 1140 2944 summa
1177 2897 1295 2950 430.
1336 2894 1609 2958 colligetur.
1681 2891 1905 2940 Secunda

92 2967 364 3014 manifestis
395 2967 514 3014 adeo
540 2967 823 3032 Scripturae
852 2966 1015 3016 verbis
1042 2966 1307 3026 fundatur,
1343 2974 1401 3013 ut
1421 2963 1686 3012 indicanda
1714 2962 1905 3010 solum-

91 3037 269 3096 modo,
307 3045 354 3084 θῒ
377 3040 604 3103 φανερῶς
627 3041 692 3107 τῇ
716 3041 889 3108 γραφῇ
916 3035 1199 3104 λελεγμένα,
1236 3053 1338 3083 non
1374 3033 1630 3083 referenda
1660 3031 1904 3095 Georgius

94 3106 357 3156 censuerit.
428 3108 614 3154 Extant
642 3109 802 3156 Exodi
827 3109 939 3156 loco
964 3108 1142 3168 citato,
1180 3113 1226 3154 et
1261 3106 1398 3154 iuxta
1437 3103 1755 3170 Septuaginta
1787 3117 1906 3147 ver-

93 3177 281 3224 sionem
308 3184 423 3224 sunt
450 3175 751 3230 huiusmodi.
824 3178 1098 3226 Habitatio
1111 3177 1349 3241 filiorum
1381 3177 1542 3224 Israel
1568 3177 1620 3220 in
1657 3173 1903 3233 Aegypte,

92 3255 139 3293 et
172 3248 224 3293 in
262 3255 395 3293 terra
424 3246 697 3310 Clzanaan,
736 3251 837 3313 ipsi
866 3258 910 3296 et
937 3257 1113 3312 patres
1150 3264 1344 3307 eorum,
1385 3248 1509 3293 anni
1542 3244 1660 3296 430.
1717 3238 1906 3287 Adjicit

98 3315 339 3364 calculum
367 3316 534 3365 Codex
561 3319 784 3368 Samarit.
810 3319 870 3366 ab
898 3318 1093 3367 erudito
1120 3317 1298 3366 Ioanne
1317 3316 1509 3366 Morino
1534 3314 1587 3359 in
1613 3312 1785 3357 Graec.
1813 3307 1902 3354 Bi-

90 3385 240 3435 blior.
265 3386 568 3450 praefatione
592 3388 768 3437 citatus
798 3389 852 3437 in
876 3388 996 3436 haec
1015 3388 1164 3436 verba
1189 3398 1387 3437 :num
1424 3381 1583 3436 'matu'
1618 3391 1706 3427 ‘¹2³
1742 3388 1901 3425 3ῢῖὓῖ

92 3467 195 3506 aar:
222 3468 371 3505 mum
395 3467 552 3506 vnum
587 3471 685 3508 aaut
713 3455 902 3511 owse,
923 3468 1097 3511 :mxu
1131 3469 1289 3524 'eman
1324 3467 1437 3523 ιιι-»3
1473 3461 1608 3517 rm:
1640 3459 1763 3498 saw·
1797 3459 1904 3499 anu

207 3537 367 3596 θεον-ς.
397 3539 626 3596 syncellus.
655 3537 713 3582 11.
1495 3536 1564 3589 28
1619 3533 1622 3536 ’
