2222 3938
685 231 783 285 ET
823 231 1407 290 ANNOTATIONES.
1835 224 1960 284 889

142 363 351 415 iniuria:
399 376 504 409 non
538 358 803 408 Eusebium
842 361 974 409 enim
1012 361 1157 410 modo
1200 378 1309 427 pag.
1341 365 1427 417 69.
1458 359 1545 409 sed
1582 367 1630 410 et
1669 359 1962 410 Africanum

141 450 253 498 pag.
280 448 381 497 seq.
407 431 464 481 B.
489 438 538 478 et
561 434 646 484 70.
674 430 735 481 A.
762 430 825 478 de
857 431 1026 480 Amosi
1049 433 1306 499 scripsisse
1333 432 1573 496 Georgius
1604 431 1714 496 ipse
1736 439 1960 481 testatur.

138 502 275 553 Haec
305 518 456 567 porro
493 500 717 549 Africani
738 501 947 550 totidem
983 504 1149 553 verbis
1184 509 1383 553 exarata
1415 501 1751 568 repraesentat
1777 503 1962 553 iterum

138 572 337 622 Author
361 587 473 636 pag.
499 574 583 624 69.

276 641 363 702 Ὡς
381 639 527 706 ’ἡμεῖς
548 635 981 709 ἄποδεικνύομεν]
1018 643 1153 693 Haec
1179 641 1403 692 Africani
1427 641 1594 693 verba.

277 711 364 771 Ὡς
389 706 443 761 δ’
470 708 507 775 ἦ
530 715 759 777 παροῦσα
789 713 1008 778 Ψῆφος]
1061 715 1182 762 Cum
1209 715 1316 762 istis
1348 713 1541 761 Amosis
1576 712 1720 762 annis
1754 729 1963 778 compa-

140 781 296 832 randa
323 781 508 846 Moysis
534 780 767 830 iuvenilis
795 791 925 830 aetas
949 784 1004 830 in
1031 784 1213 832 tabulis
1246 783 1631 847 Chronologicis.

274 846 698 916 ’.Ωκτωκαιδεκᾶτη
725 852 1022 917 δυναστεία]
1047 854 1262 916 Scaliger
1283 854 1339 900 in
1361 853 1482 901 haec
1503 853 1730 906 Animad.
1750 868 1860 918 pag.
1878 851 1964 909 25.

141 924 292 972 Recte
313 920 518 987 quidem
543 923 599 968 in
626 921 723 978 lzoc
746 924 1024 970 Eusebium
1046 922 1360 986 reprehendit
1397 923 1653 986 Georgius,
1724 924 1788 977 Et
1815 922 1963 969 infra.

138 993 284 1041 Hanc
305 991 485 1041 etenim
509 992 798 1055 Dynastiam
831 993 1042 1058 pessimo
1080 993 1336 1057 exemplo,
1371 1009 1530 1056 neque
1563 992 1806 1054 religiosis
1835 991 1966 1039 scri-

139 1062 369 1128 ptoribus
391 1061 630 1109 imitando
659 1063 954 1111 deformavit
981 1063 1214 1111 Eusebius
1231 1099 1246 1125 ,
1281 1070 1342 1110 ut
1368 1079 1472 1111 eam
1508 1062 1765 1124 Manetho‚
1806 1061 1851 1110 si
1880 1078 1964 1110 re-

139 1133 380 1194 viviscat,
413 1149 517 1180 non
548 1133 708 1197 possit
730 1149 1010 1196 agnoscere.

283 1198 566 1254 Κάνταῦθα
606 1198 699 1254 δύο
734 1205 950 1270 βασιλεῖς
988 1202 1019 1254 ὅ
1055 1196 1305 1267 Εὐσέβιος
1338 1199 1702 1268 παρέκρυψεν]
1751 1198 1966 1263 Frivola,

140 1280 200 1321 ut
243 1274 443 1338 quidem
475 1274 700 1334 videtur,
754 1273 1022 1337 Georgium
1073 1280 1302 1321 nostrum
1347 1273 1544 1337 impetit
1583 1271 1800 1334 Scaliger
1846 1270 1962 1321 Not.

139 1360 254 1409 pag.
280 1347 365 1398 31.
405 1345 515 1408 Ipse
537 1361 735 1408 quoque
764 1341 1034 1409 Georgius,
1072 1341 1193 1392 dum
1220 1342 1498 1393 Eusebium
1523 1344 1831 1404 insectatur,
1862 1344 1968 1388 im-

133 1412 363 1478 prudens
385 1414 748 1478 reprehensioni
769 1432 820 1462 se
842 1433 892 1462 se
915 1414 1089 1461 obiicit
1112 1414 1318 1477 loquens
1341 1411 1401 1461 de
1428 1416 1507 1465 18.
1538 1411 1807 1477 Dynastia,
1838 1409 1966 1459 dicit

143 1484 421 1532 Eusebium
447 1482 574 1531 duos
601 1502 737 1548 reges
772 1503 828 1532 ex
851 1485 950 1532 hac
964 1487 1225 1542 Dynastia
1249 1483 1536 1532 sustulisse.
1567 1482 1856 1545 Africanus
1882 1485 1963 1541 16.

142 1564 355 1602 recenset
391 1553 522 1620 (pag.
544 1554 780 1607 nimirum
801 1560 890 1609 72.
915 1553 996 1620 Β.)
1031 1553 1239 1606 totidem
1267 1553 1523 1601 Eusebius
1557 1552 1686 1618 (pag.
1712 1556 1796 1605 72.
1831 1552 1882 1597 D.
1917 1559 1966 1599 et

143 1628 228 1678 73.
244 1623 324 1692 A.)
360 1642 463 1672 non
490 1627 654 1689 igitur
678 1627 965 1687 mutilavit,
1002 1623 1092 1671 sed
1113 1625 1247 1671 alios
1271 1622 1478 1671 totidem
1502 1641 1597 1686 pro
1622 1624 1752 1671 veris
1773 1639 1962 1685 suppo-

143 1698 264 1745 suit.
339 1694 530 1759 Ecquid
567 1695 730 1757 aliud,
778 1696 861 1745 vir
900 1694 1119 1756 erudite,
1167 1693 1403 1758 Georgius
1441 1692 1675 1758 opposuit
1708 1691 1962 1740 Eusebio?

141 1765 491 1833 παρέκρυψεν,
541 1781 646 1813 non
683 1773 744 1814 ut
780 1765 949 1831 prius,
999 1758 1336 1829 ἐκολόβωσεν,
1386 1763 1569 1810 obiecit
1603 1762 1709 1824 ille,
1755 1760 1854 1809 hoc
1893 1769 1965 1811 est

143 1835 445 1898 occultavit,
483 1842 532 1882 et
568 1853 696 1901 quos
728 1834 814 1885 hic
849 1836 1022 1887 saltem
1043 1850 1326 1896 recensere,
1363 1841 1412 1881 et
1447 1832 1549 1880 huc
1580 1832 1848 1883 transferre
1878 1831 1966 1879 de-

140 1906 316 1955 buerat
334 1904 658 1973 παρέκρυψεν
685 1905 886 1957 omnino
911 1904 1098 1955 tacuit:
1149 1921 1301 1969 quare
1335 1920 1428 1951 nec
1468 1902 1835 1964 hallucinatur,
1871 1918 1965 1949 nec

142 1977 343 2042 culpam
367 1977 425 2024 in
448 1993 498 2023 se
526 1976 764 2040 Georgius
790 1976 1071 2036 committit,
1094 1982 1248 2039 prout
1267 1974 1483 2037 Scaliger
1501 1973 1762 2021 Animadv.
1781 1990 1830 2037 p.
1845 1972 1964 2024 251.

142 2046 330 2097 obiicit.
369 2046 620 2094 Sincerius
646 2048 806 2097 multo
827 2047 888 2095 de
903 2046 1110 2094 Eusebio
1137 2044 1558 2110 pronunciaverat
1581 2044 1810 2106 Scaliger.
1849 2043 1966 2089 Non

134 2127 303 2182 potest
334 2115 439 2165 dici
475 2126 725 2181 quantum
754 2118 854 2165 sibi
874 2118 1161 2181 permiserit
1185 2115 1437 2165 Eusebius
1468 2117 1523 2161 in
1544 2114 1642 2161 hac
1673 2117 1753 2166 18.
1792 2111 1965 2175 Dyna-

143 2191 246 2235 stia
267 2186 571 2238 temeranda.
610 2189 746 2236 Nam'
768 2205 872 2235 non
895 2188 1063 2234 solum
1084 2204 1222 2251 reges
1247 2186 1656 2244 comminiscitur,
1686 2185 1780 2247 qui
1801 2199 1957 2246 neque

143 2257 286 2321 apud
316 2257 656 2319 Africanum,
704 2274 862 2322 neque
900 2255 1046 2321 apud
1081 2254 1347 2320 Ioseplzum
1370 2263 1563 2313 extant,
1601 2251 1690 2299 sed
1718 2262 1763 2300 et
1794 2269 1967 2300 eorum

143 2345 306 2378 annos
342 2328 578 2387 mutilat,
614 2337 660 2373 et
694 2326 937 2388 extendit,
974 2335 1033 2374 ut
1067 2327 1150 2373 illi
1176 2328 1343 2374 visum
1365 2334 1449 2375 est.
1502 2322 1766 2386 Georgium
1798 2329 1964 2369 tamen

142 2397 406 2446 mordendi
439 2397 691 2461 prurigine
724 2397 1048 2457 sollicitatuS,
1096 2395 1283 2444 subdit.
1352 2397 1619 2445 Praeterea
1664 2390 1802 2456 quod
1836 2389 1965 2438 dicit

145 2467 289 2532 apud
307 2468 619 2529 Africanum
641 2467 817 2531 colligi
843 2484 1003 2514 annos
1031 2469 1110 2519 18.
1135 2466 1422 2528 Dynastiae
1450 2466 1570 2517 263.
1606 2462 1690 2528 (ex
1716 2476 1824 2527 pag.
1851 2460 1961 2527 72.)

145 2540 472 2600 manifestum
499 2546 570 2583 est
592 2535 819 2585 codicum
842 2534 1076 2585 mendum
1093 2573 1105 2597 ‚
1143 2552 1258 2582 cum
1278 2537 1381 2582 sint
1404 2537 1523 2588 287.
1551 2531 1698 2599 (datis
1722 2531 1962 2579 nimirum

146 2625 211 2657 ex
237 2607 431 2656 Eusebii
456 2614 505 2654 et
528 2606 734 2671 proprio
762 2606 995 2670 Scaligeri
1016 2605 1360 2669 diagrammate
1381 2603 1543 2668 primo
1566 2601 1830 2667 Dynastiae
1856 2601 1961 2664 regi

145 2679 297 2727 Amos
321 2677 463 2725 annis
489 2681 572 2730 28.
593 2677 675 2724 cui
698 2677 830 2725 solos
856 2679 904 2729 4.
928 2676 1078 2724 tacite
1113 2674 1293 2723 tribuit
1324 2673 1600 2736 Africanus)
1640 2690 1766 2737 quos
1803 2672 1963 2719 Euse-

147 2749 265 2797 bius
289 2750 434 2796 auxit
457 2748 610 2794 annis
638 2750 722 2800 61.
751 2756 810 2794 ut
832 2747 1022 2811 expleat
1041 2746 1312 2794 intervalla
1335 2754 1610 2808 temporum
1630 2760 1860 2791 suorum.
1895 2739 1964 2789 At

148 2835 264 2866 cum
305 2817 567 2866 Africanus
599 2817 751 2864 Amos
784 2816 934 2881 primi
960 2816 1084 2879 regis
1119 2831 1223 2863 non
1256 2814 1562 2863 recensuerit
1593 2830 1779 2871 annos,
1825 2811 1962 2874 quod

149 2888 324 2937 obiicit
350 2887 588 2951 Georgius
610 2903 718 2952 pag.
747 2891 829 2940 70.
854 2887 915 2936 B.
938 2884 1016 2934 his
1043 2885 1233 2935 verbis:
1270 2887 1363 2935 τοῦ
1390 2880 1484 2950 γάρ
1509 2878 1668 2948 Ἀμῶς
1701 2877 1814 2934 οὐδ’
1835 2878 1963 2941 ὅλως

149 2954 287 3009 εἶπεν
310 2958 392 3022 ἔτη
408 2977 422 3005 .-
457 2957 616 3006 errori
640 2956 721 3004 vel
743 2955 1028 3005 oscitantiae
1053 2954 1286 3020 propriae
1305 2953 1528 3019 permisit
1553 2969 1663 3003 eum
1679 2952 1960 3012 adhaerere,

150 3035 201 3075 et
239 3045 301 3075 ex
336 3027 522 3093 privati
556 3026 793 3089 cuiusque
826 3026 954 3091 regis
993 3026 1136 3074 annis
1175 3027 1413 3073 summam
1448 3026 1571 3079 263.
1615 3022 1811 3086 collegit
1846 3037 1960 3069 cum

149 3097 385 3146 Africano
415 3098 586 3146 eodem
610 3113 764 3146 annos
799 3096 993 3145 Amosis
1031 3103 1247 3160 quatuor
1279 3092 1633 3159 supponendus
1662 3109 1724 3143 ex
1751 3091 1960 3138 aliorum

148 3183 318 3229 regum
353 3184 565 3228 summa,
612 3183 734 3232 quae
766 3168 883 3221 259.
921 3174 994 3214 est
1019 3182 1288 3228 annorum,
1332 3163 1653 3227 significante.
1722 3159 1960 3210 Eusebius

151 3237 329 3286 deinde
347 3254 503 3285 annos
525 3237 610 3289 85.
634 3236 852 3286 addidit:
888 3253 981 3285 nec
1002 3237 1056 3284 in
1080 3252 1287 3284 numero
1315 3235 1509 3283 codices
1532 3234 1792 3299 proferunt
1815 3245 1959 3276 men-

151 3308 298 3355 dum:
345 3324 440 3355 nec
482 3307 722 3371 Georgius
756 3306 979 3355 Africani
1014 3307 1310 3355 laterculum
1349 3305 1651 3369 interpolare
1684 3300 1958 3357 tenebatur,

146 3377 234 3425 'ubi
260 3393 370 3425 eum
402 3392 586 3425 errasse
614 3377 964 3425 contendebat:
1004 3375 1066 3424 (le
1090 3376 1167 3425 his
1192 3377 1372 3424 iterum
1400 3375 1454 3422 in
1494 3371 1808 3436 sequentibus
1843 3383 1958 3416 cum

151 3446 392 3496 Authore.
438 3447 596 3494 Instat
629 3446 858 3510 Scaliger.
893 3446 1021 3494 Alia
1052 3446 1236 3494 deliria
1265 3447 1474 3509 apponit
1506 3443 1778 3504 Georgia-9,
1818 3434 1961 3502 quod

154 3518 293 3565 alius
327 3519 395 3565 sit
428 3511 612 3583 Ἀμώς,
650 3517 787 3565 alius
808 3514 1055 3583 ’Ἁμωσιςε
1107 3526 1151 3565 et
1188 3515 1403 3582 quidam
1438 3530 1520 3560 rex
1552 3507 1766 3575 Ἀσσὴθ,
1812 3524 1958 3573 quem

1982 2168 2034 2213 V.
2064 2169 2121 2215 21
