2222 3938
371 153 495 214 414
927 197 930 200 -
999 160 1575 218 EMENDATIONES

368 295 560 345 nullam
595 294 649 342 in
679 291 860 341 litteris
896 290 1048 340 sacris
1081 291 1176 339 sibi
1203 291 1555 340 authoritatem
1583 290 1838 354 conciliet,
1871 301 1920 342 et
1944 296 2182 344 transmi-

369 365 584 431 grationi
611 371 792 412 statum
813 379 975 410 secum
1000 361 1233 410 inferenti
1258 371 1553 427 perpetuum
1583 363 1897 425 adversetur,
1935 380 2036 413 non
2063 367 2184 414 adeo

366 454 460 504 per
483 453 590 484 eam
614 435 666 482 in
690 434 833 480 aliam
860 434 1113 496 regionem
1139 434 1429 481 transferret
1450 433 1698 482 Abraham
1724 435 1870 496 Deus,
1908 452 2055 498 quam
2077 437 2185 501 ipsa

366 506 617 556 Abraham
655 505 756 551 Deo
792 503 990 551 iubente
1023 504 1076 551 in
1112 503 1494 567 adversumsin
1523 505 1734 569 patriam
1761 503 1968 568 affectu,
2003 515 2185 570 mente,

367 578 576 644 pedibus
603 591 653 621 se
688 575 911 622 referret.
966 573 1015 626 5.
1055 574 1270 620 Dubium
1301 592 1444 622 omne
1475 592 1620 639 quam
1650 575 1873 622 celeriter
1900 577 2080 624 enodat
2103 578 2186 625 vir

368 648 495 695 acris
519 644 730 708 ingenii,
769 653 817 692 et
843 662 944 692 non
963 643 1109 692 tritae
1134 644 1425 692 eruditionis
1447 645 1652 694 Ioannes
1674 645 1899 692 Morinus
1917 646 1970 693 in
1992 647 2184 695 Biblio-

366 735 479 766 rum
504 717 643 764 iuxta
669 716 987 780 Septuaginta
1003 751 1016 775 ‚
1054 716 1330 762 versionem
1354 716 1719 779 Prolegomeno.
1792 716 1853 764 In
1886 716 2066 764 Codice
2091 719 2185 765 Sa-

366 790 639 848 murittum,
676 786 851 850 inquit,
888 805 947 834 ne
967 786 1150 832 umbra
1178 785 1377 850 quidem
1398 785 1730 850 difficultatis
1753 786 2052 852 offunditur.
2103 788 2185 836 Ita

365 861 497 905 enim
538 875 701 904 annos
747 861 907 904 totius
947 859 1083 906 vitae
1135 859 1294 904 Tszare
1328 856 1637 905 determinat.
1715 870 1829 906 wan
1866 871 1959 907 ΠἿτἹ
1999 871 2076 906 ³⁷2³
2109 871 2184 908 *m*

364 940 495 978 rum
534 941 658 978 mim
687 939 899 989 :vnum
921 932 1081 978 :³³:125
1115 929 1179 975 Et
1208 929 1411 976 suerunt
1444 929 1545 976 dies
1576 927 1737 976 Thare
1772 928 1989 992 quinque
2023 946 2185 977 anno-

362 1017 476 1049 rum
502 1007 551 1047 et
584 999 933 1064 quadraginta,
971 1006 1019 1045 et
1054 1002 1170 1051 100.
1195 1016 1454 1047 annorum.
1537 999 1621 1047 Itu
1661 1001 1714 1045 ἰη
1754 998 1933 1045 Codice
1955 1001 2186 1046 Samari·-

205 1068 258 1112 P.
287 1068 344 1113 32
373 1080 493 1118 tuno
534 1080 650 1117 ante
689 1073 839 1122 1300.
879 1086 1040 1115 annos
1081 1070 1203 1133 legit
1239 1070 1519 1131 Eusebius,
1559 1078 1615 1116 ut
1653 1086 1708 1116 ex
1731 1071 2050 1133 flagramus
2082 1074 2186 1120 τῶν

363 1144 613 1209 χρονικῶν
645 1136 881 1190 κανόνων
924 1140 1204 1203 colligitur.
1277 1140 1411 1188 Haec
1444 1141 1558 1202 ille,
1597 1139 1682 1202 qui
1718 1139 1925 1186 admissa
1951 1140 2185 1187 Hebraici

361 1221 412 1261 et
438 1210 758 1276 Septuaginta
784 1217 1012 1256 textuum
1037 1210 1414 1274 depravatione,
1454 1211 1604 1257 unico
1643 1226 1788 1273 quem
1823 1209 2068 1273 integrum
2103 1228 2186 1259 ae·-

361 1282 558 1341 stimat,
599 1279 892 1327 Samaritani
916 1280 1111 1328 Codicis
1136 1281 1276 1329 radio
1305 1298 1499 1328 omnem
1515 1280 1778 1328 dubietatis
1805 1281 2061 1343 caliginem
2082 1281 2186 1328 dis-

364 1354 520 1414 mitit,
561 1359 611 1399 et
637 1368 662 1398 e
689 1350 1113 1414 Chronologorum
1135 1360 1298 1399 mente
1321 1359 1532 1401 amovet.
1606 1351 1764 1399 Patris
1787 1350 2032 1415 siquidem
2055 1370 2186 1399 anno

361 1429 448 1477 70.
481 1430 629 1470 natus
651 1420 900 1469 Abraham
927 1423 1101 1469 aetatis
1125 1423 1356 1487 propriae
1379 1423 1463 1475 75.
1491 1421 1861 1486 profectionem,
1900 1429 2039 1486 patre
2070 1423 2184 1476 145.

359 1501 628 1559 provecto,
666 1501 713 1541 et
739 1494 836 1540 iam
863 1493 968 1541 vita
996 1494 1170 1540 functo
1194 1493 1425 1558 suscepit.
1480 1498 1530 1546 6.
1556 1492 1739 1540 Ultima
1764 1499 1839 1539 est
1874 1492 2112 1540 Authoris
2138 1500 2186 1540 et

358 1565 492 1613 inter
521 1563 804 1629 probabiles
835 1563 1094 1628 potissima
1125 1564 1436 1611 difficultatis
1464 1564 1674 1626 soluti0‚
1712 1562 1958 1611 Abraham
1983 1565 2067 1616 75.
2102 1564 2186 1612 vi-

358 1642 438 1682 tae
465 1653 623 1697 anno,
662 1652 724 1682 ex
754 1635 841 1682 Dei
874 1636 1040 1697 iussu,
1077 1634 1481 1683 Chanaanitidem
1518 1634 1825 1699 provinciam
1863 1633 2095 1698 petiisse,
2135 1641 2184 1682 et

358 1706 423 1753 ad
459 1706 588 1752 illud
628 1705 724 1753 iter
762 1706 1131 1770 arripiendum,
1169 1713 1308 1770 patre
1345 1706 1444 1752 iam
1484 1714 1713 1767 mortuo,
1766 1703 1856 1751 Dei
1892 1704 2185 1753 mandatum

357 1776 635 1841 accepisse3
672 1784 844 1840 patre,
877 1778 1108 1840 inquam,
1145 1775 1279 1823 letho
1309 1777 1526 1838 animae,
1566 1793 1668 1823 non
1692 1775 1942 1840 corporis,
1978 1775 2076 1822 iam
2098 1791 2184 1840 pe-

357 1846 494 1894 nitus
518 1863 543 1894 e
559 1845 690 1895 vitae
713 1845 856 1908 libro,
895 1864 997 1893 non
1018 1846 1245 1894 vivorum
1266 1847 1375 1893 albo
1405 1847 1581 1908 deleto,
1619 1864 1733 1894 cum
1755 1847 1810 1893 in
1831 1845 2184 1909 idololatriam,

358 1917 537 1966 relicto
566 1916 654 1963 Dei
679 1917 849 1978 cultu,
886 1925 1095 1982 propter
1125 1934 1271 1981 quem
1295 1935 1319 1964 e
1351 1917 1593 1965 Chaldaea
1627 1919 1787 1965 fuerat
1824 1915 2038 1976 eiectus,
2078 1917 2186 1964 mi·-

361 2005 469 2036 sere
493 1988 756 2052 prolapsus
779 1994 866 2035 est.
937 1987 1071 2035 Haec
1099 1988 1226 2034 enim
1250 1988 1349 2034 fuit
1377 1987 1537 2036 Thare
1573 1995 1622 2035 et
1647 1986 1892 2035 Abraham
1923 1986 1980 2033 in
2015 1987 2185 2035 Meso-

359 2059 629 2124 potamiam
655 2058 928 2121 emigrandi
950 2058 1166 2114 occasio,
1205 2066 1265 2105 ut
1287 2057 1474 2106 Achior
1498 2059 1801 2106 Ammonites
1826 2055 1996 2104 Iudith
2023 2057 2072 2110 5.
2097 2058 2184 2105 de·

360 2129 570 2176 nunciat
593 2128 869 2181 Holoferni.
931 2131 1038 2176 Ηὶο
1053 2131 1281 2192 primum
1295 2131 1349 2175 in
1366 2130 1732 2193 Mesopotamia
1755 2128 2024 2186 habitavit,
2062 2145 2183 2192 quo-

361 2202 504 2247 niam
528 2199 798 2246 noluerunt
826 2202 971 2263 sequi
991 2199 1125 2246 Deos
1150 2208 1366 2263 patrum
1396 2217 1634 2260 auorum,
1675 2200 1763 2263 qui
1797 2207 1940 2245 erant
1965 2199 2022 2244 in
2049 2207 2185 2246 terra

365 2268 745 2318 Chaldaeorum
781 2280 869 2318 etc.
908 2270 1133 2334 quamvis
1168 2287 1266 2334 quo
1303 2269 1512 2318 crimine
1546 2287 1597 2317 se
1621 2270 1947 2329 liberaverat,
1986 2268 2183 2317 demum

357 2341 558 2405 turpius
585 2340 936 2402 obstrinxerit,
973 2349 1028 2388 ut
1050 2341 1319 2405 exprobrat
1342 2341 1483 2387 losue
1508 2341 1596 2390 lib.
1616 2357 1722 2403 cap.
1747 2339 1830 2392 24.
1887 2341 2048 2386 Trans
2074 2340 2185 2403 flu-

357 2414 500 2461 vium
521 2412 879 2459 habitaverunt
908 2420 1083 2475 patres
1120 2413 1273 2460 vestri
1311 2411 1374 2458 ab
1412 2413 1587 2472 initio,
1636 2411 1796 2458 Thare
1819 2419 1973 2474 pater
2005 2409 2185 2457 Abra-

358 2481 507 2543 ham,
546 2491 591 2528 et
616 2483 850 2544 Nccclzor,
887 2484 1267 2546 servieruntque
1301 2483 1427 2529 Diis
1455 2482 1654 2530 alienis.
1739 2480 1849 2527 Hoc
1882 2487 2042 2528 autem
2079 2480 2185 2528 cri-

358 2568 472 2599 men
496 2552 654 2601 Thare
679 2553 734 2600 in
759 2559 967 2601 mortem
994 2553 1340 2617 imputandum
1365 2559 1634 2615 suggerunt
1663 2550 1856 2598 infinita
1890 2550 2185 2614 Scriptura-

358 2638 471 2669 rum
498 2624 738 2687 exempla.
812 2626 1032 2671 Dimitte
1065 2632 1318 2684 mortum,
1358 2622 1427 2670 ait
1450 2623 1558 2687 ipse
1585 2621 1833 2683 Christus,
1871 2619 1969 2668 hoc
2003 2628 2077 2667 est
2097 2638 2186 2669 re-

358 2691 451 2739 bus
494 2692 692 2740 caducis
729 2693 979 2756 addictos,
1017 2695 1222 2758 sepelire
1259 2703 1500 2741 mortuo-5⁵.
1573 2695 1631 2741 Si
1666 2689 1941 2738 secundum
1982 2708 2185 2738 earnem

359 2763 620 2824 vixeritis,
659 2767 969 2810 moriemini.-
1007 2765 1183 2812 scribit
1213 2765 1480 2830 Apostolus
1508 2763 1571 2810 ad
1598 2764 1737 2811 Rom.
1775 2778 1882 2826 cap.
1910 2764 1958 2814 8.
2003 2763 2051 2810 V
2051 2761 2184 2810 idua

361 2830 561 2878 deliciis
589 2833 760 2880 soluta
794 2844 996 2881 mortua
1032 2836 1246 2883 refertur
1279 2836 1342 2882 ad
1379 2833 1596 2882 Timoth.
1623 2849 1730 2897 cap.
1757 2832 1804 2884 5.
1829 2838 1888 2878 ut
1914 2839 1963 2879 et
1984 2832 2181 2881 iuvenis

357 2902 445 2951 ille
472 2910 721 2951 scortator
745 2911 793 2951 et
816 2921 969 2967 ganeo
992 2906 1154 2953 Lucae
1176 2905 1255 2958 15.
1274 2905 1335 2953 de
1365 2921 1464 2968 quo
1483 2911 1640 2968 pater.
1696 2902 1869 2950 Filius·
1889 2919 2028 2949 meu-s·
2047 2920 2183 2951 mor..

360 2982 484 3020 tuus
509 2982 641 3035 erat,
689 2982 735 3019 et
777 2977 982 3022 revixit:
1021 2992 1078 3022 ac
1112 2975 1307 3023 demum
1345 2982 1401 3021 ut
1435 2975 1497 3020 ad
1537 2973 1723 3022 crimen
1759 2972 1952 3037 ipsum,
1989 2974 2050 3021 de
2083 2990 2180 3038 quo

359 3042 604 3092 iudicium
632 3043 816 3106 agitur,
855 3062 1125 3092 sermonem
1164 3051 1535 3092 convertamus:
1574 3044 1880 3091 Colossenses
1917 3044 2183 3110 compellat

361 3113 631 3179 Apostolus
659 3130 764 3178 cap.
790 3119 839 3167 2.
865 3123 1103 3179 tanquam
1137 3122 1384 3174 mortuos,
1423 3131 1479 3162 eo
1518 3114 1654 3179 quod
1690 3114 2006 3162 idololatriae
2041 3113 2180 3162 letho

317 3243 320 3246 Ι
362 3183 594 3243 extincti,
632 3200 748 3230 cum
780 3187 971 3231 mortui
999 3194 1157 3231 essent
1185 3187 1239 3231 in
1263 3183 1462 3231 delictis
1488 3195 1536 3231 et
1555 3187 1824 3250 praeputio
1856 3187 2042 3247 carnis,
2074 3200 2181 3233 cae-

366 3255 438 3303 cis
481 3254 640 3303 avitae
685 3254 974 3318 gentilitatis
1007 3255 1222 3303 tenebris
1269 3255 1545 3321 dissipatis,
1595 3256 1649 3303 in
1684 3256 1974 3304 admirabile
2010 3255 2181 3303 lumen

364 3325 477 3373 Iesu
501 3323 687 3373 Christi
708 3325 904 3373 fuerant
925 3325 1106 3374 vocati.
1176 3325 1318 3374 Hanc
1342 3328 1625 3392 propositae
1648 3326 1956 3375 difficultatis
1976 3341 2178 3387 novam,

366 3403 424 3444 ut
442 3396 547 3461 ipse
567 3396 770 3444 rebatur
785 3431 800 3457 ,
835 3396 1177 3455 enodationem
1205 3413 1255 3444 se
1275 3397 1587 3445 adinvenisse
1610 3398 1744 3463 apud
1765 3414 1868 3446 sese
1890 3412 2061 3446 recens
2083 3410 2180 3442 au-

367 3465 486 3516 thor
506 3466 842 3532 gloriabatur,
875 3483 989 3515 cum
1014 3466 1075 3514 ab
1107 3467 1305 3517 Andrea
1331 3468 1491 3518 Mazio
1512 3469 1654 3535 prius
1684 3475 1934 3535 repertam
1967 3466 2028 3514 ab
2051 3463 2179 3512 ami-
