2222 3938
676 170 774 225 ET
810 169 1400 237 ANNoTATmNEs.
1825 165 1950 254 ‚471

265 295 511 365 Ἀντίοχος
538 296 594 350 δὲ
621 295 1003 368 Συρακούσιος]
1039 300 1422 367 Antiquissimus
1452 302 1671 369 scriptor
1700 309 1750 353 et
1787 305 1952 357 tribus

128 370 373 419 duntaxat
404 387 651 419 annorum
678 372 916 421 centuriis
951 380 999 421 et
1023 372 1254 421 nonnihil
1273 373 1482 440 amplius
1504 375 1660 422 Roma
1687 377 1951 441 posterior,

119 440 189 489 sle
215 440 373 505 ipsius
396 442 582 489 Romae
606 441 813 491 conditu
834 451 883 492 et
903 451 1148 493 vetustate
1170 445 1422 494 tractavit.
1479 443 1521 493 A
1542 445 1780 510 Diodoro,
1817 447 1951 497 Pau-

125 510 284 574 sania,
333 511 574 577 Iosepho,
624 511 798 576 quibus
832 514 960 562 addo
1001 515 1300 564 Clementem
1347 515 1769 581 Alexandrinum,
1815 519 1951 584 apud

118 579 356 635 .Vossium
383 582 566 630 citatur
601 581 687 632 lib.
717 582 768 635 4.

232 678 239 682 -
268 650 513 719 Τίμαιος]
551 652 631 700 Ex
665 652 857 702 duobus
895 654 1114 702 nominis
1140 654 1288 703 huius
1313 654 1606 719 Historicis,
1642 656 1727 706 hic
1762 673 1948 706 secun-

123 721 219 771 dus
243 729 344 786 est,
375 724 509 788 apud
534 722 763 783 Suidam‚
801 724 1172 788 Tauromenius‚
1202 742 1371 773 rerum
1396 726 1677 776 Italicarum
1699 734 1748 776 et
1771 728 1948 792 Olym-

120 792 351 856 picarum
388 794 619 858 scriptor.
699 794 925 842 Eundem
955 803 1198 843 memorat
1232 796 1409 844 Strabo
1449 797 1536 847 lib.
1572 798 1623 851 4.
1665 815 1770 864 cap.
1809 803 1861 853 6.
1898 806 1947 847 et

71 891 86 907 .
120 861 443 928 Theopompo
469 863 635 928 quoad
658 864 849 912 fabulas
877 872 925 913 et
949 865 1213 913 maledicta
1245 875 1498 930 comparat
1524 868 1692 917 statim
1714 868 1806 918 sub
1830 885 1946 918 mu-

119 932 251 981 tilati
282 933 367 983 lib.
392 938 436 987 1.
464 936 647 982 Strom.
673 934 886 986 initium.
940 935 1054 982 Alia
1077 935 1285 984 Vossius
1318 937 1405 985 lib.
1435 942 1482 990 1.

254 1000 474 1064 Λεύκιος
496 1002 550 1055 δὲ
572 1005 849 1071 Κίγκλιος.]
890 1004 991 1066 Qui
1016 1006 1158 1055 Livio
1185 1006 1371 1056 Lucius
1399 1007 1609 1072 Cindus,
1649 1025 1818 1058 rerum
1840 1010 1947 1058 Ro-

117 1089 376 1123 manarum
401 1075 620 1140 scriptor
642 1083 883 1124 vetustus.

262 1141 455 1210 Φοὲβιος
480 1144 534 1196 δὲ
566 1145 828 1209 Κοΐντος.]
880 1145 1058 1206 Quinti
1094 1145 1231 1193 Fabii
1266 1146 1501 1210 Pictoris,
1537 1147 1711 1196 Marcii
1749 1165 1946 1213 quoque

114 1214 282 1263 Porcii
318 1215 519 1264 Catonis
553 1217 888 1264 Romanarum
922 1216 1183 1281 Originum
1220 1216 1406 1282 libelli,
1453 1218 1540 1283 qui
1578 1235 1714 1268 nunc
1751 1227 1942 1279 extant,

113 1285 372 1334 mendacio
406 1287 531 1334 noti.
1779 1291 1782 1294 ’

251 1369 366 1432 Pag·
405 1369 523 1423 194.
556 1363 874 1435 Ἐκτισμένης
909 1367 964 1420 δὲ
1000 1373 1091 1435 τῆς
1122 1365 1360 1439 πόλεως]
1410 1371 1487 1420 Ex
1526 1372 1735 1422 Diodori
1768 1373 1941 1434 Siculi,

113 1439 252 1486 cuius
278 1438 399 1487 haec
430 1440 486 1487 in
508 1440 653 1489 editis
680 1457 784 1489 non
810 1447 982 1488 extant
1004 1449 1182 1492 mente.

257 1519 450 1589 Φάβιος
474 1524 506 1577 ὅ
529 1522 616 1585 τοὶς
634 1523 886 1590 Ῥωμαίων
907 1521 1109 1589 πράξεις
1123 1520 1465 1592 ἀναγράψας]
1497 1525 1608 1573 Non
1627 1533 1798 1574 extant
1812 1526 1939 1574 haee

111 1593 247 1659 apud
283 1594 402 1643 Fab.
486 1595 730 1656 Quintum
777 1595 1024 1643 Pictorem
1064 1594 1381 1658 Annianum,
1426 1603 1474 1643 et
1514 1604 1711 1661 praeter
1746 1604 1938 1646 caetera.

109 1664 396 1713 mendacem
423 1673 471 1713 et
495 1664 871 1732 supposititium
896 1671 1127 1728 arguunt.
1497 1708 1500 1712 .

248 1750 364 1813 Pag.
404 1750 521 1805 195.
566 1752 672 1801 Τοῦ
697 1746 751 1800 δὲ
775 1744 966 1814 κόσμου
991 1742 1199 1816 ,δψμβ’.]
1255 1748 1484 1798 Amulius
1530 1765 1737 1813 regnum
1769 1749 1936 1798 tenuit

110 1819 252 1867 annis
278 1823 366 1875 23.
395 1837 422 1867 a
447 1820 648 1869 condito
674 1819 911 1868 ‘videlicet
931 1821 1047 1868 orbe
1074 1820 1228 1874 4717.
1254 1820 1317 1869 ad
1342 1819 1497 1872 4740.
1532 1836 1678 1884 quem
1702 1819 1936 1867 Numitor

108 1891 312 1939 fratrem
340 1891 592 1956 excipiens
623 1890 766 1937 annis
791 1890 982 1938 duobus
1007 1889 1265 1953 regnavit:
1317 1891 1554 1958 Νομίτωρ
1573 1929 1588 1954 ,
1627 1885 1696 1949 ὥς
1723 1904 1820 1940 τισι
1851 1890 1935 1940 δο-

106 1965 212 2020 κεῖ,
249 1959 330 2026 ἔτη
356 1955 449 2012 δύο
476 1958 596 2026 μετὰ
621 1956 882 2025 Ἀμούλιον
911 1960 1052 2019 ἰδίως
1074 1977 1222 2025 supra
1255 1978 1304 2026 p.
1330 1964 1447 2013 192.
1473 1961 1532 2008 A.
1572 1960 1799 2026 adeoque·
1823 1960 1933 2008 Ro-

30 2040 32 2042 ’
106 2031 272 2079 mulus
298 2048 428 2079 anno
455 2032 609 2085 4742.
632 2030 845 2079 Romani
871 2030 1067 2096 imperii
1090 2030 1262 2096 posuit
1289 2031 1626 2079 fundamenta.

248 2112 392 2165 Κατοέ
412 2112 505 2180 τήν
528 2110 744 2181 ἑβδόμην
767 2110 1123 2179 Ὠλυμπιάδα.]
1173 2115 1347 2180 Coepit
1387 2113 1837 2179 Olympias‘prima
1863 2129 1928 2162 ex

105 2183 342 2234 Authoris
371 2186 587 2247 calculo,
626 2193 675 2233 et
697 2192 754 2232 ut
778 2184 981 2231 inferius
1017 2184 1348 2244 declaramus,
1392 2201 1522 2231 anno
1551 2184 1743 2248 'mundi
1768 2183 1921 2236 4726.

106 2273 134 2303 a
162 2272 262 2319 quo
295 2255 501 2319 septima
531 2255 774 2319 completa
798 2253 974 2301 mundi
1004 2253 1156 2306 4754.
1198 2252 1422 2316 attingit,
1460 2254 1570 2301 Hoc
1603 2253 1759 2307 4754.
1795 2269 1925 2317 per-

105 2326 293 2390 spicuis
319 2334 368 2373 et
396 2325 638 2389 expressis
664 2324 825 2372 verbis
852 2325 1035 2371 Romae
1058 2324 1312 2371 conditum
1340 2323 1538 2371 Author
1563 2325 1798 2386 assignat,
1833 2338 1923 2371 se·-

103 2395 290 2460 ptimae
327 2395 634 2460 Olympiadis
665 2411 794 2441 anno
829 2401 1004 2459 quarto
1046 2401 1284 2456 exeunte,
1319 2393 1548 2442 Romulei
1591 2393 1730 2457 regni
1771 2391 1920 2441 tertio

105 2465 298 2514 decimo
328 2466 514 2531 pariter
539 2464 822 2529 incipiente.

24 2588 26 2590 ψ
226 2545 371 2610 “Hm
405 2553 510 2609 τοῖς
546 2545 738 2614 χρόνοις
757 2544 914 2612 ’Ἁχαζ
944 2544 1230 2613 συντρέχει.]
1271 2545 1500 2594 obtinuit
1519 2546 1606 2594 ille
1625 2561 1830 2609 regnum
1857 2545 1918 2592 ab

21 2675 25 2677 ,
104 2619 222 2669 orbe
246 2628 409 2668 creato
435 2637 564 2667 anno
581 2619 732 2672 4750.
771 2617 945 2665 Annus
969 2634 1120 2681 porro
1147 2616 1319 2664 mundi
1339 2616 1494 2670 4752.
1520 2616 1607 2681 qui
1626 2615 1792 2664 Achaz
1816 2623 1920 2663 ter-

102 2691 232 2752 tius,
268 2689 611 2755 Olympiadem
647 2697 871 2736 octavam
914 2687 1136 2734 nondum
1173 2685 1399 2749 attingit,
1438 2686 1525 2734 sed
1556 2687 1790 2752 septimae
1822 2702 1918 2733 an·-

103 2777 225 2809 num
247 2762 522 2809 secundum
546 2767 830 2819 exeuntem,
869 2766 917 2805 et
937 2757 1277 2805 succedentem
1307 2756 1541 2804 tertium:
1580 2773 1732 2821 quare
1763 2755 1915 2805 verba

102 2831 224 2893 ista,
254 2826 318 2896 ἢ,
355 2827 425 2890 ὥς
445 2849 598 2894 τινες,
636 2826 759 2880 navo?
788 2825 880 2893 τὴν
913 2822 1118 2893 ὀγδόην,
1154 2826 1436 2892 parenthesi
1461 2827 1818 2888 includuntur,
1854 2833 1916 2873 ut

103 2901 355 2965 sequentia
389 2897 498 2965 ἥτις
531 2905 634 2959 τοῖςΙ
667 2895 1036 2965 χρόνοις”Αχας
1062 2896 1332 2962 συντρέχει,
1371 2897 1436 2944 ad
1455 2897 1799 2962 praecedentia
1824 2915 1913 2946 κα-

103 2968 164 3020 vo}
186 2968 278 3035 τήν
301 2967 522 3036 ἑβδόμην
541 2964 851 3035 Ὀλυμπιάδα
873 2967 1046 3016 referri
1078 2967 1294 3033 possint,
1332 2975 1380 3015 et
1415 2967 1603 3032 pariter
1633 2968 1697 3016 ad
1725 2983 1911 3014 annum

103 3039 267 3089 Achaz
294 3044 345 3093 3.
379 3049 426 3088 et
454 3059 481 3089 a
503 3040 675 3088 mundi
701 3039 909 3089 conditu
932 3038 1084 3091 4752.
1122 3037 1220 3086 nisi
1246 3038 1374 3086 sorte
1405 3033 1583 3105 ,dapmsss
1611 3055 1705 3102 quo
1729 3038 1911 3101 Olym-

102 3110 210 3176 pias
238 3114 286 3163 8.
309 3110 449 3173 iniit,
484 3110 825 3175 reponendum
850 3109 1111 3158 decernas:
1149 3107 1286 3172 quod
1318 3106 1439 3155 mihi
1466 3108 1782 3158 verisimilius
1813 3123 1907 3169 ap·
1929 3113 1981 3159 Ρ.
2009 3113 2068 3160 54

101 3188 258 3247 paret.
329 3180 405 3227 Ex
444 3197 614 3228 eorum
643 3197 794 3245 porro
832 3179 1063 3239 calculis,
1101 3179 1185 3243 qui
1221 3178 1490 3227 Numitoris
1525 3195 1678 3225 annos
1704 3178 1907 3224 noluere

103 3258 217 3315 post
248 3249 429 3297 Amulii
453 3267 653 3313 regnum
677 3249 971 3306 recensitos,
1010 3248 1208 3297 Romuli
1241 3265 1445 3312 regnum
1481 3247 1608 3296 binis
1632 3247 1770 3294 annis
1799 3262 1905 3309 po-

101 3321 201 3370 tuit
223 3320 450 3368 incautus
476 3320 666 3369 Author
685 3319 1029 3381 antevertisse,
1048 3327 1106 3367 et‘
1121 3320 1328 3367 Romam
1350 3319 1572 3379 subinde,
1596 3333 1698 3364 non
1722 3308 1903 3383 ,δψνδῖ

103 3391 189 3440 sed
216 3386 395 3460 ,61112432
420 3390 672 3438 conditum
701 3398 894 3439 errante
919 3390 1048 3453 stylo
1074 3389 1258 3438 testari.

244 3459 435 3531 Kalvcfi
459 3454 658 3530 ,δψνδᾼ
693 3461 961 3509 Numerum
990 3459 1127 3508 hunc
1162 3458 1370 3523 requirit
1401 3465 1566 3517 textus
1606 3455 1903 3518 emendatus,
