2222 3938
375 183 500 247 428
1008 192 1583 254 EMENDATIONES

373 322 601 373 sitionem
624 340 727 371 non
751 324 932 388 probat
956 322 1168 372 Allatius
1194 324 1249 372 in
1272 325 1608 397 Eustathium)
1650 328 1949 379 obtulerunt.
2002 334 2190 379 Bacu-

370 395 580 459 Zamqne
605 397 759 441 unius
783 412 839 440 ex
864 393 1081 459 Angelis
1107 396 1172 442 ab
1188 395 1458 444 ,Abraham
1478 399 1696 464 hospitio
1725 403 1912 465 excepti
1947 418 2055 448 eam
2091 421 2192 449 esse

370 465 575 526 dicant,
614 482 767 529 qaam
802 474 924 511 tanc
964 466 1094 513 inibi
1124 466 1224 512 loci
1238 467 1489 530 plantans
1513 472 1568 517 in
1589 480 1772 518 terram
1785 473 1941 535 fixit:
1977 482 2024 518 et
2053 490 2110 519 ex
2138 489 2191 520 eo

368 539 502 583 mira
523 536 619 581 illa
645 534 953 582 terebinthus
968 534 1171 600 prodiit
1195 546 1240 582 et
1269 547 1419 585 enata
1443 549 1531 590 est.
1603 543 1848 589 Sue-censo
1877 545 2052 589 etenim
2076 545 2192 608 igne

369 616 478 653 tota
491 606 730 669 flammis
753 604 923 669 ardet,
963 614 1008 653 et
1036 609 1143 654 iam
1168 609 1274 654 iam
1297 611 1354 655 in
1385 612 1569 657 cineres
1593 611 1833 659 vertenda
1873 630 1926 659 ex
1940 613 2191 677 flammae

367 673 723 740 magnitudine
760 686 986 740 apparet.
1059 679 1181 741 Igne
1205 695 1319 726 vero
1355 683 1517 744 sopito
1546 699 1683 745 pura
1710 685 1910 730 omnino
1947 692 1994 729 et
2025 685 2192 730 incor-

363 755 519 810 rupta
557 744 948 797 demonstratur.
1021 747 1259 796 Eusebius
1295 749 1382 798 lib.
1413 753 1465 805 5.
1494 752 1553 799 de
1582 753 1713 803 Dem.
1740 754 1928 817 Evang.
1967 754 2021 803 οἵ
2043 773 2096 803 τε
2121 756 2188 803 τῶ

359 812 579 883 Ἀβραοέμ
607 815 990 877 ἐπιξενωθέντες
1015 817 1097 868 ἐπὶ
1122 822 1321 885 γραφῆς
1349 815 1680 887 ἀνακείμενοι,
1722 820 1814 874 δύο
1840 822 1930 890 μὲν
1955 805 2189 889 ἑκατέρω.-

359 892 486 949 θεν,
525 885 674 950 μέσος
707 885 761 937 δὲ
799 886 829 938 ὁ
861 890 1096 954 κρείττων
1120 889 1372 956 ’ὑπερέχων
1394 895 1458 962 τῇ
1486 897 1621 962 τιμῇ.
1659 893 1739 942 Ibi
1764 897 1969 959 insuper
2001 895 2190 958 Angeli

362 956 427 1004 ab
454 956 724 1004 Abraham
753 958 972 1023 hospitio
1000 963 1219 1024 suscepti
1240 964 1468 1024 picturis
1506 963 1767 1026 delineati‚
1808 964 1910 1012 duo
1947 967 2192 1012 nimirum

360 1045 418 1074 ex
451 1031 606 1075 latere
646 1037 883 1093 atroque,
920 1028 1116 1078 medias
1152 1049 1265 1080 vero
1297 1041 1427 1098 stat,
1465 1036 1554 1098 qui
1583 1037 1886 1100 proceritate
1919 1045 1964 1082 et
2006 1035 2191 1083 honore

361 1099 495 1146 alios
525 1103 802 1148 antevertit.

501 1171 611 1233 Pag-
655 1174 772 1223 108.
808 1171 976 1221 Βαίων
1008 1171 1090 1236 ἔτη
1119 1167 1243 1237 μδ’.]
1282 1173 1501 1237 Scaliger
1540 1175 1773 1240 Excerpt.
1816 1191 1928 1240 pag.
1972 1180 2056 1228 22.
2104 1173 2189 1239 ἔτη

360 1236 457 1290 λθ·’.
492 1239 624 1287 idem
650 1241 756 1305 ipse
799 1242 985 1291 Canon.
1011 1242 1134 1305 Isag.
1164 1242 1255 1291 lib.
1287 1250 1338 1297 2.
1365 1260 1478 1309 pag.
1508 1245 1625 1298 125.
1662 1245 1839 1294 scribit
1861 1246 1945 1299 43.
1972 1244 2058 1309 qui
2086 1261 2188 1292 nu-

360 1326 528 1358 merus
557 1318 628 1358 est
658 1312 857 1359 Eusebii
890 1313 1117 1376 superius
1146 1330 1194 1376 p.
1220 1317 1301 1365 62.
1558 1355 1566 1361 .
2094 1336 2098 1337 ’

499 1382 611 1444 Pag.
654 1385 768 1435 109.
810 1385 1000 1432 Τοῦτον
1033 1381 1231 1447 λέγουσί
1259 1399 1390 1441 τινες
1424 1384 1626 1446 πρῶτον
1657 1385 1913 1449 κληθῆναι
1953 1378 2187 1448 Φαραώ]

360 1450 497 1510 Quae
543 1468 689 1498 causa
723 1452 892 1499 forsan
927 1451 1023 1499 fuit
1060 1459 1119 1499 ut
1161 1450 1436 1499 Tethmosis
1473 1453 1577 1500 sive
1618 1452 1815 1501 Amosis
1850 1453 1910 1500 ab
1949 1452 2186 1517 Aphophi

359 1523 457 1569 isto
485 1522 715 1585 quintus,
754 1522 816 1570 de
848 1539 946 1585 quo
973 1521 1140 1586 pagin.
1172 1524 1288 1574 123.
1320 1523 1373 1572 D.
1415 1522 1601 1570 Pharao
1632 1531 1801 1571 sextus
1839 1519 2028 1590 (quinti
2053 1520 2182 1589 vice)

358 1592 656 1639 scriberetur
680 1609 790 1657 pag.
819 1595 931 1646 103.
960 1594 1019 1642 l).
1046 1592 1266 1656 Aequior
1293 1599 1460 1639 tamen
1486 1593 1613 1640 ratio
1643 1594 1826 1658 absque
1849 1602 2018 1642 textus
2042 1610 2185 1641 men-

359 1662 420 1709 da
449 1663 512 1709 ad
533 1662 668 1710 illius
700 1680 808 1727 pag.
835 1670 979 1710 notas
1008 1663 1296 1727 assignatur.
1346 1663 1658 1712 Confer-enda
1686 1681 1799 1712 cum
1823 1663 1900 1712 his
1928 1681 2053 1729 quae
2085 1681 2182 1730 pa·-

353 1733 452 1796 gin.
476 1737 593 1785 101.
628 1734 678 1782 C.
700 1734 946 1796 leguntur.
1362 1764 1364 1766 -
1876 1736 1880 1740 ’

492 1798 671 1867 Ἰωσὴφ
715 1800 850 1866 λθ’.]
904 1802 1088 1867 Ioseph
1130 1820 1260 1850 anno
1304 1802 1364 1849 ab
1407 1803 1538 1851 orbis
1578 1801 1788 1851 conditu
1821 1802 1977 1856 3563.
2019 1811 2180 1868 natus,

353 1873 529 1921 mundi
559 1890 731 1921 rursus
758 1877 918 1932 3601.
939 1874 1107 1920 aetatis
1131 1890 1235 1921 non
1257 1873 1356 1920 nisi
1379 1876 1464 1926 38.
1491 1879 1721 1921 numerat
1743 1890 1915 1923 annos.

495 1945 606 2007 Pag.
646 1949 762 1997 110.
798 1939 951 1994 Ἐτῶν
978 1939 1062 2009 μ’.]
1102 1944 1251 2003 Quod
1277 1944 1444 1991 forsan
1469 1944 1636 1991 inierit
1662 1943 2082 2007 quadragesimus.

493 2012 558 2063 Ἡ
575 2012 704 2081 πρός
725 2017 789 2084 τῇ
813 2010 1051 2083 Αἰγύπτῳ
1077 2009 1326 2080 Ἀραβία]
1368 2015 1670 2078 Campestres
1698 2014 1922 2077 regiones
1949 2031 1975 2060 a
2001 2015 2181 2062 Noma-

353 2084 500 2132 dibus
526 2092 575 2131 et
599 2085 734 2148 vagis
759 2085 1042 2150 pastoribus
1071 2086 1227 2132 cultas
1253 2084 1489 2132 moderna
1518 2084 1723 2132 Graecia
1747 2092 1898 2132 vocat
1922 2084 2178 2133 Arabiam:

350 2156 434 2202 Sic
457 2155 678 2214 Africae,
720 2156 960 2220 Aegypti,
989 2155 1184 2219 Syriae,
1218 2155 1595 2219 Mesopotamiae
1618 2154 1862 2203 Nomades
1882 2157 2030 2204 vocat
2054 2155 2178 2204 Ara-

348 2225 460 2272 bas:
498 2225 559 2272 de
590 2226 766 2289 quibus
795 2226 976 2273 iterum
1000 2226 1063 2273 ad
1088 2224 1456 2289 Theophanem.

491 2297 605 2358 Pag.
646 2301 762 2349 111.
798 2295 852 2346 ‘O
884 2295 1052 2362 μέντοι
1087 2290 1385 2362 Ἀφρικανός
1429 2295 1509 2360 ἔτη
1545 2290 1641 2362 off.
1684 2290 2058 2362 διαμαρτήσας]
2098 2296 2175 2344 Ob

350 2366 537 2414 Cainan
560 2367 771 2414 Iunioris
797 2384 951 2415 annos
973 2369 1087 2420 130.
1118 2367 1319 2414 calculis
1336 2365 1732 2432 nonlappositos:
1773 2383 1983 2430 quorum
2009 2374 2177 2414 tamen

348 2454 504 2485 annos
539 2442 624 2489 20.
663 2445 852 2484 semoto
885 2438 939 2485 in
974 2453 1127 2484 annos
1160 2441 1244 2491 20.
1287 2436 1480 2487 diluvio
1523 2437 1862 2501 compensavit
1889 2435 2173 2486 Africanae.

347 2507 488 2555 Alter
526 2524 683 2555 annus
713 2507 929 2555 Authori
963 2506 1364 2556 Genearcharum
1400 2525 1555 2557 annos
1590 2507 1650 2556 ab
1688 2507 1798 2572 ipso
1834 2506 2012 2557 diluvii
2039 2523 2171 2555 anno

349 2577 623 2643 auspicanti
653 2578 868 2643 deperit:
903 2578 964 2625 de
996 2595 1090 2641 quo
1118 2577 1251 2626 alibi.

495 2651 597 2698 Τοῦ
623 2646 676 2697 δὲ
703 2644 889 2714 κόσμου
913 2643 1096 2717 Ιγχξβῖ]
1135 2648 1286 2695 Linea
1313 2645 1568 2712 superiore
1590 2645 1841 2712 inspecta,
1888 2663 1983 2710 qua
2017 2646 2172 2695 Caath

349 2735 479 2765 anno
504 2735 531 2763 a
557 2719 727 2765 mundi
756 2718 962 2766 conditu
998 2722 1154 2771 3661.
1194 2717 1364 2782 genuit
1396 2718 1619 2780 Amram‚
1656 2718 1763 2781 ipse
1799 2717 1998 2764 Amram
2037 2733 2168 2764 anno

349 2789 642 2835 succedente
666 2789 882 2853 primum
904 2789 1077 2837 aetatis
1106 2805 1368 2837 numerans
1393 2782 1554 2857 Ιγχξβᾜ
1587 2787 1699 2838 vice
1722 2781 1885 2856 ,7760ssst
1917 2803 2170 2851 reponen-

350 2859 469 2907 dum
492 2859 680 2909 suadet.

489 2924 827 2994 Διαμαρτάνει
851 2926 903 2979 δὲ
931 2926 1091 2991 οὕτως
1119 2928 1242 2980 ἔτεσι
1270 2922 1410 2994 ρκζᾝ]
1449 2926 1710 2984 Quomodo
1733 2925 1852 2973 totis
1879 2926 2021 2973 annis
2049 2929 2165 2979 130.

349 2999 528 3047 Cainan
551 3000 750 3046 Iuniore
776 2999 953 3047 omisso
980 3018 1082 3048 non
1120 3006 1251 3047 errat
1275 2996 1545 3045 Eusebius?
1599 2996 1745 3055 Quod
1772 2996 2004 3044 videlicet
2034 3013 2166 3044 anno

346 3077 463 3136 post
493 3069 739 3118 diluvium
772 3072 985 3117 secundo
1021 3069 1292 3135 Arphaxad
1332 3067 1411 3115 die
1447 3067 1601 3113 natali
1640 3066 1901 3129 adiuncto,
1943 3069 2166 3116 Genear-

348 3140 554 3189 charum
599 3140 820 3188 omnium
858 3141 1079 3188 natalitia
1114 3137 1312 3187 biennio
1351 3136 1485 3201 apud
1520 3137 1789 3186 Eusebium
1821 3137 2164 3185 retardantur:

349 3210 591 3274 Georgius
621 3218 785 3257 autem
811 3211 869 3256 ab
895 3211 1001 3275 ipso
1028 3208 1207 3258 diluvii
1230 3225 1358 3255 anno
1389 3206 1659 3270 Arphaxad
1694 3209 1907 3255 natalem
1931 3215 2166 3255 antever-

347 3283 425 3333 tit.
496 3281 667 3329 Annus
698 3280 821 3327 alter
858 3280 1048 3328 accedit
1079 3279 1314 3339 Eusebio,
1352 3277 1439 3325 ubi
1477 3277 1655 3343 Ioseph
1695 3286 1862 3326 ortum
1896 3285 1947 3325 et
1981 3294 2164 3325 annum

347 3353 564 3419 primum
606 3351 669 3399 ad
701 3350 846 3398 Iacob
885 3355 970 3403 92.
1003 3350 1198 3413 alligat,
1239 3366 1382 3412 quem
1417 3365 1445 3395 a
1483 3353 1567 3402 91.
1611 3357 1659 3397 et
1688 3348 1981 3413 quandoque
2014 3365 2043 3395 a
2079 3349 2161 3401 90.

349 3424 558 3472 obeunte
581 3420 944 3471 numerandum
973 3420 1208 3484 Georgius
1234 3425 1410 3466 censet.

499 3497 600 3545 Τοῦ
624 3491 679 3544 δὲ
700 3486 889 3558 κόσμου
916 3484 981 3557 ἦν
1005 3490 1111 3551 ἔτος
1130 3486 1306 3559 ,γχογ’.]
1332 3490 1401 3537 Ut
1428 3496 1711 3538 constanter
1736 3496 1787 3537 et
1807 3502 1966 3552 usque
1985 3485 2162 3552 septies
