2222 3938
363 203 488 265 480
910 252 912 255 v
985 209 1562 268 EMENDATIONES
1619 210 1622 212 ’

503 339 647 394 Κα1’
634 338 768 409 ὄρεσι
802 333 1044 407 Μήδων.]
1079 340 1203 388 Loci
1224 357 1406 389 nomen
1429 339 1694 407 proprium
1728 341 1955 407 superius
1982 342 2183 409 scripsit

363 410 561 462 Author
584 410 653 476 τὸ,
675 410 832 478 ”Ορη,
871 427 934 459 ex
968 416 1052 464 70
1100 412 1455 476 Interpretibus
1481 412 1530 464 4.
1576 412 1762 477 Regum
1792 429 1897 479 cap.
1922 416 2004 467 18.
2025 431 2074 462 v.
2099 418 2182 467 11.

366 483 424 535 ἐν
445 479 602 550 Ἀβωρ
635 484 843 549 ποταμῷ
865 480 951 531 καὶ
972 478 1131 542 Γοζάν
1157 481 1243 532 καὶ
1255 479 1383 548 ’Όρη
1406 477 1623 547 Μήδων.
1677 484 1774 532 Ubi
1800 483 2003 532 Latinus
2023 483 2184 531 Inter-

361 571 493 620 pres.
550 555 609 601 111
637 552 774 600 Abor
799 551 951 599 fluvio
978 560 1025 599 et
1051 553 1220 600 Gozan
1242 559 1290 600 et
1314 554 1414 600 Ore
1445 553 1714 601 Medorum.
1785 553 1881 601 Hic
1916 553 2184 619 appellati-

363 640 482 673 vum
516 630 566 670 et
588 639 676 687 per
703 639 843 670 casus
863 622 1048 670 flexum
1075 623 1394 671 demonstrat.
1468 624 1743 671 Secundam
1767 623 1900 672 hanc
1920 624 2184 689 lectionem

363 693 548 759 probat
582 693 821 740 Eusebius
854 693 1148 758 Hieronymi
1180 693 1244 740 ad
1280 709 1465 740 annum
1500 693 1723 741 Abrahae
1761 699 1913 748 1270.
1952 693 2184 743 scribens.

363 766 551 811 Decem
572 763 738 810 tribus·
763 765 1045 811 translatae
1065 773 1187 811 sant
1222 766 1276 810 in
1314 771 1504 811 montes
1527 763 1806 813 Medorum.
1876 765 2100 814 Serarius
2135 771 2186 812 et

362 834 589 881 Sanctius
619 834 876 881 adiunctas
902 835 1143 882 dictiones
1165 833 1430 882 elucidant.

505 907 677 969 Δῆλον
693 901 768 955 ὅτι
783 900 984 969 Μήδων
1005 903 1058 956 τὸ
1082 904 1259 972 γένος]
1284 905 1419 952 Haec
1443 903 1652 952 Eusebio
1677 905 1895 971 ascripta
1916 923 2010 971 pro
2038 905 2183 953 libito

361 981 565 1022 truncat
588 974 850 1038 Scaliger
834 993 888 1022 111
913 983 1092 1032 textu,
1133 983 1180 1023 et
1205 975 1419 1023 rationes
1445 974 1528 1022 hic
1556 976 1727 1023 allatas
1764 976 1878 1024 Not.
1913 993 2022 1041 pag.
2060 978 2183 1029 257.

365 1043 712 1107 frigidissimas
746 1053 917 1095 vocat:
956 1043 1144 1113 ὅψιμος
1173 1053 1247 1094 est
1267 1045 1370 1094 eius
1395 1045 1620 1109 ἐξουσία,
1655 1053 1704 1093 et
1739 1063 1889 1112 supra
1913 1063 2060 1095 suum
2083 1047 2187 1094 Eu-

361 1114 549 1162 sebium
579 1111 851 1180 ὄψιμαθία.

503 1186 611 1248 Pflg·
650 1191 768 1239 206.
803 1181 923 1237 ’Λπο
944 1182 1380 1253 Σαρδαναπαλου]
1427 1187 1696 1251 Hucusque
1729 1186 1945 1250 Scaliger
1976 1186 2032 1234 in
2066 1185 2188 1235 ficto

361 1222 597 1303 Eusebio?
631 1255 784 1304 Verus
809 1256 990 1304 31111101
1011 1256 1299 1305 inchoatum
1318 1274 1595 1305 sermonem
1618 1257 1944 1322 persequitur.

499 1323 911 1404 Σαλμανασᾶρ,
895 1347 956 1378 ον
974 1327 1064 1377 καὶ
1092 1325 1400 1394 Ναβονασαρ
1428 1326 1671 1392 καλοῦσι]
1710 1327 1969 1389 Diversos,
2006 1343 2064 1374 ac
2086 1343 2192 1374 11011

354 1394 536 1443 >aetatis
575 1396 787 1444 eiusdem
824 1397 1098 1463 principes,
1148 1399 1235 1447 sed
1268 1415 1420 1446 unum
1464 1398 1608 1445 alteri
1648 1414 1941 1462 supparem,
1987 1397 2191 1461 quidam

359 1467 544 1515 volunt
568 1468 703 1535 apud
730 1468 987 1516 Patavium
1007 1468 1137 1516 libro
1160 1473 1207 1522 9.
1234 1469 1293 1516 de
1315 1470 1456 1518 Doct.
1484 1469 1657 1533 Temp.
1691 1485 1800 1532 cap.
1829 1469 1912 1521 52.
1939 1467 2023 1515 alii
2052 1485 2191 1516 coae-

361 1544 536 1584 taneos
565 1537 762 1601 quidem
778 1575 792 1600 ,
831 1546 883 1586 at
908 1539 1158 1587 diversos:
1199 1539 1287 1586 alii
1311 1539 1520 1603 denique
1547 1556 1702 1587 unum
1728 1545 1778 1586 et
1802 1538 2011 1586 eundem
2033 1537 2193 1586 homi-

362 1623 478 1653 nem
500 1624 598 1654 uno
625 1615 673 1655 et
695 1609 849 1657 altero
878 1610 1077 1657 nomine
1100 1610 1475 1674 appellandum,
1515 1609 1692 1673 quibus
1716 1607 1912 1656 Author
1932 1609 2192 1657 consentit.

364 1677 473 1741 Ipse
501 1678 730 1727 Petavius
760 1679 981 1727 diversos
1014 1681 1294 1742 contendit,
1331 1680 1524 1728 veritus
1556 1697 1618 1728 ne
1651 1680 2044 1728 Salmanasarum
2081 1696 2194 1727 cum

363 1747 628 1795 Merodaco
653 1751 950 1810 confundat:
986 1749 1072 1797 hic
1090 1768 1302 1815 namque
1329 1750 1613 1814 Babyloniis
1628 1789 1643 1813 ,
1682 1767 1796 1798 011111
1819 1750 1943 1798 alter
1962 1750 2193 1815 Assyriis,

364 1816 697 1882 imperitabat.
771 1820 907 1879 Quid
944 1821 1087 1867 tum'?
1123 1821 1198 1868 An
1240 1839 1345 1869 non
1372 1838 1502 1868 unus
1530 1821 1674 1868 alteri
1710 1837 1883 1886 parere
1910 1821 2108 1885 potuit,
2145 1827 2196 1868 et

364 1894 423 1934 ut
447 1895 640 1953 satrapa
664 1889 907 1954 principis
939 1891 1157 1955 supremi
1180 1892 1309 1954 leges
1337 1892 1621 1950 observare,
1661 1899 1710 1938 et
1736 1892 1839 1939 eius
1860 1891 2076 1939 militare
2106 1890 2197 1938 sti-

363 1958 596 2022 pendiis'?
644 1960 778 2007 Haec
813 1960 1048 2008 Authoris
1075 1963 1236 2008 nostri
1270 1979 1432 2023 mens,
1470 1961 1567 2008 hoc
1593 1978 1752 2008 unum
1788 1961 2030 2008 sermonis
2053 1962 2113 2009 ab
2137 1977 2195 2008 eo

364 2029 622 2092 praemissi
645 2030 978 2095 propositum.
1027 2031 1276 2090 Quocirca
1301 2032 1660 2094 Nabonasarus,
1696 2031 1827 2079 idem
1853 2030 1940 2095 qui
1963 2031 2196 2094 Ilulaeus,

354 2098 419 2145 >in
446 2099 831 2163 Babyloniorum
854 2118 1025 2164 regum
1048 2102 1291 2150 laterculo
1318 2110 1525 2167 quartus
1552 2103 1738 2149 frustra
1764 2109 1993 2150 censetur
2025 2119 2053 2148 a
2099 2103 2196 2150 Pe·-

364 2169 527 2216 tavio.
585 2187 648 2217 ne
695 2171 1039 2219 Nabonasarus
1086 2172 1217 2219 idem
1267 2173 1428 2236 primo
1477 2172 1708 2220 laterculi
1751 2171 1866 2219 1000
1913 2188 1972 2219 ac
2019 2171 2199 2220 deinde

368 2247 579 2303 quarto,
629 2240 705 2289 bis
734 2241 973 2290 nimirum
1015 2259 1073 2290 ac
1119 2242 1329 2292 diversis
1375 2243 1686 2333 temporibus
1730 2243 2067 2292 numerandus
2105 2260 2200 2291 oc·-

367 2316 555 2360 currat.
2183 2348 2184 2353 ,

506 2382 618 2444 Pag·
655 2385 776 2435 207
814 2377 899 2432 ’Ev
934 2380 988 2433 δὲ
1022 2403 1090 2453 τῳ
1117 2382 1243 2435 τέλει
1268 2404 1360 2449 την
1389 2380 1603 2448 ἰσότητα.
1678 2383 1948 2448 Utriusque
1986 2382 2201 2431 Canonis

365 2450 630 2514 paritatem
653 2470 757 2500 non
783 2452 1010 2501 exhibuit
1042 2455 1282 2503 Authoris
1317 2456 1476 2520 ipsius
1506 2455 1655 2504 fides.
1705 2454 1952 2503 secundus
1981 2453 2200 2520 primum

365 2521 512 2585 longe
536 2531 763 2588 superat,
803 2524 864 2572 de
890 2542 988 2589 quo
1016 2542 1220 2573 excessu
1245 2543 1333 2573 suo
1360 2527 1488 2576 loco.

510 2590 651 2643 Κατοέ
680 2589 1042 2660 οἷστρονομικον
1068 2593 1296 2660 κανόνα.]
1339 2598 1641 2644 Praesentem
1666 2593 2063 2643 Astronomicum
2104 2594 2201 2640 Ca-

368 2678 553 2710 nonem
578 2672 626 2711 tr
630 2672 761 2711 aetat
790 2666 1019 2714 Petavius
1046 2667 1133 2716 lib.
1163 2671 1210 2720 9.
1240 2667 1300 2714 de
1322 2667 1550 2715 doctrina
1575 2668 1744 2730 Temp.
1771 2682 1878 2730 cap.
1907 2666 1988 2717 52.
2013 2671 2063 2711 et
2089 2671 2201 2712 tum

371 2748 436 2779 ex
456 2734 810 2797 Scaligeriana,
846 2744 956 2790 tum
978 2736 1070 2784 alia
1095 2737 1246 2800 magis
1273 2755 1467 2801 nupera
1497 2736 1712 2784 editione
1741 2734 2002 2782 nominum
2037 2728 2200 2798 ὄρθο-

370 2805 592 2868 γραφίαν
616 2806 964 2854 correctiorem
988 2825 1048 2871 pl
1053 2825 1215 2855 ornere
1244 2808 1480 2869 confidit,
1520 2807 1607 2854 ubi
1629 2805 1901 2853 secundum
1930 2802 2201 2852 Chaldaeo-

372 2889 485 2920 rum
510 2890 672 2937 regem
695 2876 924 2939 Nadium,
961 2880 1010 2930 3.
1033 2877 1312 2941 Chozirum,
1352 2884 1402 2931 6.
1429 2877 1715 2937 Arcianum‚
1754 2879 1802 2928 9.
1839 2874 2199 2938 Apronatlium,

375 2948 457 2995 10.
480 2944 783 3008 Rigebelum‚
822 2951 903 3001 13.
938 2948 1282 3010 Ieariedinum,
1322 2950 1401 3002 15.
1442 2946 1838 3012 Chyniladanum
1858 2944 2048 3006 reddit;
2087 2945 2201 2993 vice

360 3013 513 3062 :Nabii
529 3051 542 3075 ,
593 3015 848 3079 Chinzeri,
900 3018 1140 3081 Arcezmi,
1190 3018 1545 3083 Aporanadisi,
1595 3014 1850 3078 Irigebali,
1909 3014 2197 3078 Isarindini,

375 3084 679 3147 Ciniladani,
712 3102 815 3133 non
849 3089 1001 3136 semel
1038 3089 1214 3150 modo,
1270 3105 1366 3152 quo
1406 3088 1640 3134 mendum
1673 3084 1930 3150 irrepsisse
1960 3085 2199 3148 dicamus,

375 3154 462 3202 sed
484 3155 666 3202 iterum
692 3163 740 3203 et
764 3159 910 3205 tertio
925 3195 939 3216 ‚
978 3158 1032 3205 in
1050 3158 1277 3222 sequenti
1301 3156 1647 3205 Ecclesiastico
1671 3156 1883 3218 Canone,
1918 3164 1967 3203 et
1986 3156 2200 3204 subiun-

375 3233 459 3273 cto
486 3225 841 3273 Chaldaeorum
863 3245 1033 3291 regum
1057 3229 1296 3275 laterculo
1330 3229 1645 3292 scriptorum.
1717 3225 2010 3290 Discrepant
2035 3226 2200 3274 adhuc

377 3296 666 3361 principum
692 3296 900 3344 istorum
927 3298 1161 3346 nonnulli
1184 3299 1315 3362 apud
1346 3298 1647 3361 Scaligerum
1679 3296 1863 3344 Canon.
1894 3296 2019 3359 Isag.
2043 3296 2127 3348 lib.
2148 3303 2197 3350 2,

377 3383 561 3414 nomen
596 3366 734 3414 aliud
771 3367 1082 3415 obtinentes:
1133 3369 1376 3416 secundus
1420 3369 1548 3416 enim
1585 3367 1801 3415 Nassius.
1837 3366 1887 3419 4.
1927 3367 2196 3415 Dilulaeus.

378 3441 428 3490 9.
473 3437 868 3502 AporonadicuS.
920 3441 1003 3491 10.
1049 3437 1381 3502 HerigebaluS.
1432 3443 1517 3492 11.
1563 3435 2061 3487 Nesmoemondacus.
2113 3439 2197 3489 13.

377 3506 677 3561 Ieraedinus.
707 3509 788 3563 14.
823 3507 1176 3559 Saosducinus.
1205 3510 1285 3564 15.
1321 3509 1660 3559 Kiniladacus.
1687 3510 1768 3562 18.
1803 3505 2196 3557 Evilmerodach.
