2112 3854
694 179 1195 271 DISSERTATIO.
1773 203 1858 264 29

183 344 451 408 Sequentes
490 340 682 392 numeri
713 340 809 390 hac
845 359 959 391 cum
996 342 1364 410 computatione
1396 359 1500 392 non
1528 342 1858 392 consentiunt.

43 415 207 476 Quum
247 430 366 462 vero
402 413 549 462 homo
592 413 770 460 mentis
808 430 953 460 sanae
986 414 1080 462 sibi
1107 416 1444 464 contradicere
1461 431 1564 462 non
1597 415 1733 471 vult3
1772 421 1858 462 aut

45 483 283 550 Georgius
317 484 514 545 erravit,
550 491 636 531 aut
666 483 828 531 scriba
857 485 1080 533 mutavit.
1153 487 1411 537 Errantem
1443 485 1655 549 corn'ge2
1672 492 1859 533 muta-

42 562 151 604 tum
174 553 335 601 refice.
406 554 563 617 Igitur
587 568 778 600 mecum
805 553 992 600 scribas
1019 572 1066 619 p
1093 560 1222 609 219:
1649 549 1653 552 ’

113 623 402 688 „lechonias
426 626 592 684 4891,
631 617 822 692 δωὸοίε
856 630 957 671 tres
985 641 1187 673 menses-

112 693 336 741 Sedecias
361 695 529 755 4892,
569 661 734 762 ’,δωθρν
771 691 879 759 (aut
906 694 1037 747 4891
1072 697 1325 758 exeunte)=
1362 712 1516 743 annos
1540 691 1620 756 ια’,
1659 696 1741 746 11
1745 694 1781 719 ’³

0 765 2 821 Ι
42 763 284 828 Regnavit
308 780 421 826 eigo
449 763 674 810 Sedecias
700 780 855 825 usque
880 764 943 811 ad
965 765 1021 813 A.
1044 765 1107 813 M.
1131 765 1268 818 4903
1295 761 1401 833 (aut
1427 763 1606 832 4902).
1661 764 1725 811 Et
1746 778 1859 830 pag.

0 828 163 889 225.
203 834 261 883 D.
294 834 439 896 legis:
476 833 822 898 „Captivitatis
859 833 1118 882 universae
1157 835 1273 882 anni
1297 843 1623 883 numerantur
1646 834 1705 880 ab
1728 850 1858 881 anno

41 903 305 952 undecimo
340 903 597 966 sedeciae,
633 903 806 951 Mundi
839 898 986 972 ὅπῃ]
1022 904 1189 970 4903,
1226 904 1312 968 qui
1338 912 1409 953 est
1431 905 1570 969 regni
1590 904 1860 954 Nabucho-

43 973 300 1023 donosoris
326 991 482 1021 annus
509 971 801 1036 vigesimus.

181 1044 258 1092 Ex
279 1043 376 1091 hoc
399 1044 512 1091 loco
537 1052 584 1091 et
609 1043 835 1124 inprimis
853 1060 878 1090 e
902 1059 1145 1091 consensu
1166 1042 1312 1092 huius
1338 1044 1440 1092 loci
1465 1062 1577 1093 cum
1597 1052 1700 1092 tota
1727 1061 1858 1092 com-

40 1113 298 1180 putatione
333 1131 577 1162 annorum
598 1113 897 1179 captivitatis
921 1131 1024 1161 non
1049 1122 1232 1162 temere
1264 1115 1493 1178 colligere
1517 1114 1642 1163 mihi
1667 1114 1858 1177 videor,

40 1190 90 1232 et
126 1201 357 1232 numeros
391 1185 504 1232 illos
527 1192 661 1232 recte
695 1202 721 1231 a
756 1202 832 1232 me
850 1191 1064 1231 mutatos
1089 1201 1216 1246 esse,
1253 1193 1302 1232 et
1324 1185 1859 1233 Nabuchodonosorem

38 1270 139 1302 non
161 1255 216 1302 A.
245 1255 309 1303 M.
334 1255 488 1316 4888,
525 1255 605 1302 sed
631 1255 768 1308 4883
796 1255 859 1302 ad
887 1271 1091 1319 regnum
1113 1255 1422 1320 pervenisse:
1461 1256 1595 1322 quod
1621 1255 1715 1303 alia
1740 1272 1863 1320 quo.

41 1341 140 1388 que
168 1325 359 1373 ratione
380 1325 694 1373 verisimilius
721 1324 793 1375 fit.

181 1395 290 1458 Pag.
314 1399 432 1448 207.
471 1396 524 1444 C.
567 1395 801 1458 Georgius
820 1394 1017 1444 scribit:
1045 1395 1357 1457 „Secundum
1384 1396 1799 1444 Matlzemcaticccm
1811 1403 1862 1444 et

37 1464 454 1513 Ecclesiastieam
490 1465 756 1513 editionem
796 1484 823 1512 a
858 1466 1173 1513 Nabonasaro
1218 1483 1375 1530 usque
1426 1467 1490 1514 ad
1523 1467 1862 1518 Alexandrum

38 1534 270 1597 Magnum
300 1534 356 1582 in
389 1534 675 1584 universum
717 1536 833 1583 anni
869 1536 973 1589 424
1002 1536 1331 1599 colliguntur,
1375 1554 1671 1602 quamquam
1701 1537 1864 1584 insin-

37 1605 162 1669 gulis
200 1622 304 1652 non
342 1605 536 1653 eosdem
560 1622 789 1653 numeros
816 1603 1078 1656 habeant.”
1113 1633 1185 1643 —-
1219 1606 1308 1655 Sin
1345 1615 1508 1655 autem
1544 1625 1697 1655 annos
1724 1624 1864 1654 com-

37 1675 148 1740 puti
176 1675 492 1723 ecclesiastici
519 1676 736 1739 colligis,
774 1675 866 1723 tibi
888 1683 1005 1724 sunt
1036 1693 1139 1723 non
1164 1677 1281 1724 anni
1307 1676 1411 1731 424
1427 1715 1440 1739 ,
1477 1678 1566 1725 sed
1594 1677 1712 1725 anni
1745 1678 1864 1730 430.

36 1745 267 1794 Errorem
305 1745 360 1793 in
398 1754 633 1811 computo
670 1746 1000 1794 ecclesiastico
1035 1763 1136 1793 esse
1168 1753 1306 1811 patet
1318 1783 1355 1814 ‚l
1381 1748 1616 1812 quoniam
1651 1747 1866 1811 cogitare

36 1832 140 1864 non
173 1815 317 1876 licet,
364 1816 656 1881 scriptorem
692 1833 838 1864 sanae
877 1816 1057 1864 mentis
1098 1815 1193 1864 hac
1226 1818 1425 1883 plagula
1461 1819 1713 1866 dicturum
1744 1834 1862 1880 esse,

38 1903 276 1935 summam
316 1885 527 1935 duarum
571 1887 812 1935 serierum
846 1903 1172 1935 numerorum
1223 1904 1330 1936 esse
1369 1890 1613 1951 eamdem,
1663 1896 1712 1937 et
1750 1889 1865 1952 pla-

37 1957 149 2020 gula
192 1972 332 2005 versa
378 1965 641 2022 utramque
675 1958 850 2005 seriem
898 1958 1211 2020 additurum,
1260 1976 1471 2023 quarum
1517 1976 1617 2008 una
1659 1959 1865 2007 alteram

35 2027 360 2092 superaverit.
438 2028 600 2093 Atque
646 2028 768 2076 mihi
811 2027 987 2076 videor
1024 2045 1241 2077 errorem
1285 2029 1545 2080 detexisse.
1615 2028 1748 2077 Anni
1783 2045 1869 2077 se·-

35 2097 332 2163 ptemdecim
361 2114 533 2161 regum
573 2098 933 2146 Chaldaeorum
969 2098 1025 2146 in
1067 2107 1301 2165 computo
1333 2100 1682 2148 mathematico
1706 2107 1755 2147 et
1779 2116 1866 2147 ec-

36 2167 308 2215 clesiastico
329 2185 496 2216 omnes
514 2177 709 2234 praeter
725 2186 879 2217 unum
904 2168 1053 2216 iidem
1071 2178 1212 2217 sunt:
1235 2171 1408 2233 Nabio,
1433 2172 1538 2235 regi
1561 2170 1797 2233 secunde,
1810 2170 1864 2218 in

34 2246 266 2303 computo
297 2238 640 2287 mathematico
677 2240 967 2288 tribuuntur
1000 2239 1119 2286 anni
1162 2239 1290 2302 ἄκος
1327 2241 1382 2289 111
1412 2241 1738 2290 ecclesiastico
1769 2257 1864 2288 au-

31 2315 135 2355 tem
163 2317 286 2356 octo.
359 2309 411 2355 Si
442 2325 561 2358 vero
592 2327 783 2358 mecum
809 2310 1064 2375 scripseris
1085 2327 1194 2375 pag.
1222 2315 1343 2365 208.
1365 2313 1434 2358 Ι);
1474 2307 1709 2377 Νάβιος’
1693 2309 1772 2373 ε’τη
1784 2305 1863 2375 β’.

34 2376 98 2444 (Β
123 2395 216 2442 pro
247 2375 347 2444 H);
387 2386 434 2426 et
463 2396 651 2427 summa
691 2381 950 2444 utriusque
980 2397 1225 2428 ann01um
1254 2382 1398 2430 seriei
1424 2382 1592 2430 eadem
1625 2388 1700 2429 est
1738 2381 1861 2443 424,

34 2455 82 2495 et
115 2456 245 2512 tota,
282 2449 475 2513 saepius
500 2467 525 2496 a
564 2451 772 2513 Georgio
803 2450 1012 2530 repetita
1035 2452 1337 2515 computaiio
1359 2469 1601 2500 annorum
1633 2455 1702 2504 70
1725 2458 1858 2515 capt.

32 2517 233 2582 Baby1.,
275 2519 501 2567 omnibus
544 2537 656 2568 cum
688 2521 908 2568 numeris
950 2523 1200 2570 convenit.
1270 2522 1578 2571 Nabonassar
1603 2522 1734 2571 enim
1758 2521 1860 2567 im-

33 2589 227 2654 perium
265 2589 481 2654 suscepit
512 2590 570 2639 A.
609 2591 674 2639 M.
711 2591 847 2643 4746
886 2589 992 2657 (aut
1013 2592 1196 2641 rectius
1220 2592 1358 2646 4747
1383 2611 1431 2658 p.
1456 2592 1574 2647 204.
1599 2590 1678 2659 A.)
1703 2599 1754 2639 et
1775 2607 1861 2640 re·-

34 2659 203 2723 gnavit
228 2677 381 2707 annos
405 2665 473 2713 26
498 2659 701 2726 (rectius
731 2660 848 2729 25);
881 2677 997 2725 ergo
1067 2695 1080 2710 .
1152 2696 1167 2713 .
1287 2663 1426 2717 4747
1460 2689 1532 2700 ·-
1562 2662 1719 2719 4772.

103 2730 306 2791 Nabim,
341 2747 475 2795 regn.
499 2748 610 2781 ann.
636 2736 672 2785 2
725 2763 1177 2785 ......
1284 2735 1426 2788 4772
1458 2760 1532 2770 -
1563 2735 1650 2788 74.

21 2847 24 2850 Α
106 2799 397 2864 Chinzerus,
434 2818 548 2851 ann.
574 2803 608 2855 5
647 2834 1176 2853 .......
1283 2805 1423 2858 4774
1457 2831 1529 2841 -·
1564 2811 1649 2860 79.

101 2870 332 2933 Ilulaeus,
371 2888 484 2919 ann.
512 2873 545 2926 5
630 2905 1163 2924 .......
1279 2877 1420 2931 4779
1453 2902 1525 2912 -
1561 2875 1718 2930 4784·

101 2940 555 3007 Mzmlocemmeus,
593 2959 707 2996 ann.
745 2947 813 2999 12
903 2977 917 2993 ·
990 2977 1005 2992 .
1077 2976 1092 2994 .
1162 2979 1176 2994 .
1284 2946 1424 3000 4784
1457 2973 1528 2984 --
1565 2947 1720 3001 4796-

105 3011 374 3073 Arceunus,
413 3029 527 3064 ann.
551 3013 585 3066 5
647 3047 1177 3064 .......
1281 3016 1420 3070 4796
1461 3045 1521 3052 -
1563 3017 1719 3073 4801.

101 3080 450 3146 Interregnum
469 3100 582 3133 ann.
604 3088 641 3138 2
730 3119 746 3137 .
815 3120 830 3134 .
859 3113 862 3116 ·
903 3119 917 3134 .
988 3119 1003 3133 .
1075 3119 1090 3132 .
1161 3121 1176 3134 .
1280 3091 1420 3140 4801
1453 3112 1526 3122 —-
1560 3088 1718 3141 4803.

104 3151 330 3200 Belithus
353 3170 469 3202 ann.
495 3156 529 3206 3
646 3190 659 3202 .
732 3184 746 3203 .-
817 3190 1178 3207 .....
1283 3159 1422 3210 4803
1455 3182 1527 3193 ·-
1564 3157 1718 3211 4806.

105 3220 473 3286 Aporanadisus
498 3240 612 3273 ann.
642 3228 675 3277 6
737 3259 1182 3276 ......
1283 3228 1423 3282 4806
1457 3253 1529 3264 --
1563 3228 1718 3281 4812.

105 3290 371 3356 Irigebalus
396 3310 512 3343 ann.
542 3298 572 3347 1
655 3329 1184 3347 .......
1287 3299 1427 3353 4812
1459 3323 1532 3333 -
1565 3298 1721 3350 4813.

104 3361 533 3412 Mesisimordacus
558 3382 674 3415 ann.
697 3366 732 3419 4
825 3402 1175 3417 .....
1280 3368 1421 3421 4813
1455 3393 1526 3405 --
1561 3367 1716 3419 4817.

104 3433 330 3481 Alterum
351 3433 688 3498 interregnum
707 3452 821 3485 ann.
844 3440 879 3491 8
997 3473 1012 3486 .
1083 3472 1097 3486 .
1169 3474 1183 3488 .
1288 3440 1428 3490 4817
1457 3464 1527 3474 -
1560 3436 1719 3488 4825.

104 3502 409 3553 Isarindinus
434 3522 550 3557 ann.
578 3509 644 3560 13
736 3542 1176 3558 ......
1282 3506 1420 3561 4825
1442 3533 1526 3569 7-
1560 3505 1718 3560 4838.
