2222 3938
273 140 400 201 550
913 146 1502 205 ANNOTATIONES.

276 282 358 330 lus
384 277 654 345 Nicephori
674 275 990 330 Patriarchae
1010 285 1286 326 connotans
1311 284 1531 343 tempus,
1568 283 1617 327 et
1641 278 1732 329 sub
1755 277 1938 344 quibus
1959 277 2109 339 vixit,

276 349 632 419 Imperatores,
667 367 772 399 11011
811 366 894 397 eos
926 356 1232 413 postremos,
1283 349 1370 412 qui
1405 349 1698 414 scrupulum
1731 350 1986 413 ingerant,
2025 315 2113 398 sed

279 422 560 502 superiores
588 428 751 469 certae
775 419 997 468 veritatis
1023 427 1200 481 testes,
1238 417 1526 467 Michaelem
1562 421 1771 469 Balbum
1805 420 1945 482 dico,
1981 420 2115 468 Leo-

274 493 359 542 nis
390 491 636 551 Armenii,
676 490 762 555 qui
786 489 1130 554 Nicephorum
1154 488 1494 538 Patriaicham
1535 490 1876 552 exautoravit,
1911 507 2113 538 succes-

280 580 470 624 sorem,
506 569 555 609 et
589 560 926 640 Theophilum
963 560 1218 609 Michaelis
1253 560 1442 623 filium,
1492 560 1762 626 Nicephori
1794 559 2116 610 Patriarchae

280 633 333 683 in
361 633 458 681 hoc
487 648 612 696 opus
643 640 834 680 sartum
857 631 936 678 ius
973 638 1023 678 et
1056 638 1245 679 tectum
1288 639 1474 679 tuetur.
1544 635 1594 685 3.
1633 631 1810 698 Operis
1850 631 2030 692 huius,
2067 636 2117 679 et

281 703 481 753 alterius
509 703 749 751 Breviarii
782 701 1024 750 Historici
1058 702 1221 767 stylus
1253 701 1414 764 idem,
1451 707 1501 749 et
1527 718 1679 764 genus
1712 702 1935 765 dicendi,
1972 701 2118 766 quale

282 791 311 824 a
333 772 511 822 Photio
537 772 657 829 cod
680 778 768 827 66.
798 772 1125 822 describitur.
1162 772 1312 820 huius
1340 779 1387 819 et
1411 772 1610 820 alterius
1643 773 1809 838 operis
1837 773 1991 822 verba
2025 788 2119 819 ea-

282 845 395 894 113111
428 843 482 891 111
512 843 676 891 titulis
715 850 976 908 usurpata,
1023 842 1161 890 illius
1203 837 1512 925 Νικηφόρον
1553 839 1872 910 Πατριᾶρχου
1925 843 2120 924 ἱστορία

283 911 544 979 σύντομος,
580 913 728 962 huius
759 909 1050 981 Νικηφόρον
1079 917 1196 964 ΚΠ.
1225 908 1614 978 ἄρχιεπισκόπου
1635 915 1978 980 χρονογραφία
2002 908 2121 963 σύν-

281 1004 459 1050 τομοςι
497 984 619 1032 31130
643 992 702 1033 111
723 985 919 1049 gemelli
943 985 1105 1032 foetus
1141 1002 1243 1032 non
1272 1001 1421 1032 11113111
1451 984 1603 1047 magis
1637 985 1897 1048 requirant
1931 985 2119 1045 alvum,

282 1073 430 1120 quam
468 1055 776 1103 Historicum
811 1063 860 1103 et
901 1054 1321 1117 Chronologicum
1364 1054 1676 1102 Breviarium
1709 1070 1866 1103 unum
1900 1055 2122 1103 reserant

282 1135 494 1191 patrem.
532 1126 583 1179 4.
622 1126 848 1192 Opponit
872 1125 1075 1175 Vossius
1112 1125 1402 1173 Theodorae
1435 1131 1484 1172 et
1520 1124 1773 1174 Michaelis
1807 1126 1863 1173 F.
1898 1133 2123 1190 tempore

285 1196 745 1262 chronographiam
770 1197 916 1244 istam
940 1195 1104 1245 finiri:
1139 1195 1333 1244 Addam
1359 1212 1446 1258 ego
1477 1195 1539 1242 ad
1563 1196 1802 1243 Basiliam
1834 1213 1994 1261 usque
2017 1195 2125 1243 Ma-

284 1268 522 1315 cedonem
566 1266 795 1332 protrahi
831 1283 946 1333 pag.
988 1266 1108 1323 403.
1143 1267 1200 1315 D.
1242 1274 1292 1314 et
1329 1265 1662 1330 Theophanus
1698 1266 1880 1314 Leonis
1919 1267 2024 1314 eius
2064 1266 2121 1315 F.

284 1337 456 1386 uxoris
488 1338 754 1389 memorari
793 1354 975 1385 nomen
1013 1353 1126 1402 pag.
1167 1337 1286 1391 405.
1327 1337 1392 1384 ad
1429 1337 1613 1384 calcem
1651 1345 1973 1402 postremam:
2021 1336 2124 1386 vim

281 1408 605 1458 nihilosecius
637 1409 829 1457 nullam
855 1408 979 1456 haec
1005 1407 1148 1456 nobis
1186 1408 1400 1467 inferre,
1437 1407 1523 1455 sed
1547 1407 1822 1456 recentiore
1846 1423 1996 1456 manu
2029 1425 2125 1470 ap-

282 1479 420 1545 picta
460 1479 736 1541 iudicabit,
788 1479 872 1543 qui
915 1496 1159 1527 summam
1193 1478 1436 1543 temporis
1473 1478 1627 1526 totius
1655 1495 1682 1525 a
1706 1479 1882 1528 mundi
1918 1477 2126 1527 conditu

284 1550 349 1599 ad
386 1550 643 1615 scriptoris
678 1557 914 1612 aetatem,
959 1549 1015 1597 111
1046 1549 1377 1615 Theophilum
1420 1548 1642 1597 desinere
1680 1566 1730 1614 p.
1772 1549 1891 1603 404.
1930 1549 1988 1597 A.
2017 1548 2124 1597 ani.

279 1619 593 1669 madvertere
628 1638 731 1669 non
772 1620 1084 1671 detrectabit.
1123 1620 1171 1673 5.
1211 1621 1543 1681 Postremum,
1584 1637 1686 1666 non
1724 1619 1945 1668 infimam
1988 1620 2123 1682 licet,

283 1691 502 1754 suggerit
544 1691 807 1739 delineatio
844 1692 1126 1755 Apparatus
1161 1690 1410 1739 Historiae
1441 1690 1747 1754 Byzantinae
1772 1707 1801 1738 a
1826 1692 1887 1739 R.
1911 1692 1965 1738 P.
1996 1689 2127 1739 Phi-

280 1761 425 1826 lippo
452 1761 614 1809 Labbe
640 1762 848 1824 digesta:
891 1761 1054 1809 Verbo
1079 1761 1404 1825 NicephoruS.
1452 1762 1515 1808 In
1538 1759 1751 1808 dubium
1777 1759 1992 1826 quidam
2018 1770 2127 1808 tra-

282 1831 437 1892 hunt,
477 1849 545 1879 an
573 1833 682 1879 eiu-5
718 1831 1003 1896 (Nicephori
1032 1832 1122 1881 ΟΡ.
1147 1828 1484 1897 Patriarchae)
1522 1833 1615 1891 sit,
1655 1849 1784 1895 quae
1809 1833 1997 1879 Graece
2021 1834 2126 1879 La-

284 1905 484 1965 tiaeque
505 1900 645 1954 edita
670 1911 743 1948 est
774 1902 1142 1966 C'lzronologia:
1176 1900 1602 1964 sedfacc'llimum
1617 1904 1731 1963 fult
1754 1912 1853 1948 tres·
1881 1911 2127 1968 quatuor·-

284 1990 343 2021 νε
379 1973 709 2036 Imperatores·
749 1981 796 2019 et
834 1971 1177 2020 Patriarclzas
1228 1970 1302 2019 ad
1335 1972 1581 2019 Plzotc‘um
1620 1989 1780 2036 usque
1815 1981 1862 2019 et
1899 1982 2127 2037 tempora

284 2043 559 2092 Ana-stas&
587 2042 984 2091 Bibliotlzecarii
1023 2041 1328 2107 adiungere,
1379 2041 1806 2107 quemadmodum
1852 2044 1977 2090 alii-s
2015 2044 2127 2108 ple-

286 2116 456 2178 risque
480 2112 815 2181 scriptoribus
843 2111 1061 2160 accidit:
1101 2114 1274 2177 Neque
1308 2130 1422 2161 vero
1448 2130 1507 2159 ea
1534 2112 1594 2160 de
1628 2131 1680 2160 re
1716 2113 1968 2177 ambigere
1996 2116 2127 2163 ‚sinet

288 2181 612 2249 imposterum
662 2184 942 2232 Anas-lasci
982 2183 1378 2232 Bibliotlzecara'
1426 2181 1500 2230 ad
1544 2184 1788 2231 Ioannem
1827 2187 2129 2236 Diaconum

283 2257 569 2321 praefatio,
607 2256 663 2300 in
691 2271 797 2320 qua
820 2254 946 2302 llaec
966 2255 1340 2319 leganturpag.
1360 2256 1410 2306 3.
1440 2252 1583 2309 Edit,
1611 2255 1822 2319 Regiae.
1840 2255 1985 2305 ·Huic
2011 2273 2128 2303 sane

288 2325 430 2389 operi
476 2333 643 2373 ratum
697 2324 823 2373 duxi
878 2326 934 2377 B.
983 2324 1255 2391 Nicephori
1302 2325 1840 2391 constantinopolitani
1887 2325 2127 2391 Episcopi

290 2395 747 2462 Chronographiam
791 2412 1123 2461 praeponere:
1174 2403 1233 2444 ut
1281 2395 1498 2456 scilicet,
1550 2403 1598 2444 et
1633 2412 1696 2443 ex
1737 2413 1793 2444 ea
1831 2396 1990 2462 possis
2031 2397 2128 2444 ali-

288 2467 529 2529 quantula
566 2483 795 2530 carpere,
847 2473 896 2513 et
938 2466 1096 2514 sicubi
1139 2466 1366 2514 fortassis
1399 2465 1497 2513 hac
1529 2467 1774 2514 utendum
1808 2466 2125 2530 indicaveris,

288 2543 426 2583 tuam
463 2553 567 2584 non
603 2537 756 2584 lateat
795 2536 998 2584 omnino
1034 2536 1279 2586 notitiam.
1350 2536 1485 2584 Haec
1521 2536 1808 2585 Anastasius
1845 2537 2126 2603 Nicephoro

290 2623 509 2671 suppar,
546 2614 594 2654 et
620 2607 681 2654 de
718 2606 988 2672 Nicephori
1019 2605 1426 2671 Chronographia
1455 2607 1624 2669 testiS‚
1663 2615 1712 2655 et
1747 2607 1907 2656 omnis
1949 2609 2010 2656 de
2035 2608 2126 2656 illa

292 2677 658 2726 controversiae
681 2676 836 2729 iudex
862 2694 989 2742 pene
1020 2677 1183 2726 dicam
1217 2693 1488 2742 supremus.
1558 2677 1638 2726 Ad
1673 2694 1933 2742 quemnam
1970 2695 2126 2743 porro

288 2746 496 2794 limitem
523 2746 795 2811 Nicephori
830 2755 1061 2799 excurrat
1083 2747 1487 2812 Chronographia
1529 2748 1891 2810 sciscitantem,
1928 2749 1992 2796 ad
2032 2748 2125 2796 Mi-

291 2816 473 2867 chaelis
511 2816 652 2863 Balbi
688 2825 995 2882 postremum
1029 2826 1079 2867 et
1108 2818 1372 2883 Theophili
1398 2819 1618 2883 primum
1653 2818 1799 2866 docet
1829 2818 2008 2867 titulus
2045 2818 2126 2867 his

290 2886 484 2948 verbis,
523 2885 660 2954 μέχρι,
699 2884 894 2953 χρόνων
930 2885 1141 2954 Μιχαὴλ
1177 2888 1264 2939 καὶ
1302 2890 1553 2952 Θεοφίλου
1592 2887 1715 2938 vio&
1752 2883 1942 2948 αὐτοῦ,
1980 2896 2030 2937 et
2060 2889 2126 2938 ad

289 2956 448 3021 ipsius
487 2956 756 3021 Nicephori
795 2975 980 3006 annum
1021 2959 1157 3008 vitae
1194 2958 1428 3011 ultimum
1469 2976 1573 3006 non
1598 2958 1793 3009 addere.
1868 2959 2042 3008 Paucis
2074 2966 2126 3009 at

294 3027 442 3074 certis
467 3042 761 3091 responsum
786 3027 884 3076 hoc
908 3029 1130 3081 fulcitur.
1194 3029 1340 3078 Anno
1368 3028 1635 3093 Nicephori
1663 3028 1962 3092 Logothetae
1983 3031 2124 3080 Rom.

291 3097 417 3162 Imp.
446 3105 647 3160 quarto,
686 3097 771 3161 qui
794 3116 821 3144 3
848 3097 1033 3146 Christi
1058 3099 1214 3147 natali
1249 3101 1368 3152 798.
1403 3099 1537 3162 apud
1565 3097 1948 3164 Theophanem,
1986 3099 2125 3165 apud

290 3167 564 3217 Baronium
591 3174 638 3215 et
673 3184 903 3232 sequaces
944 3168 1130 3216 Christi
1157 3168 1375 3219 eiusdem
1402 3171 1519 3222 806.
1556 3177 1871 3232 numeratur,
1910 3178 1959 3218 et
1983 3170 2124 3218 indi-

296 3237 462 3285 ctione
486 3238 565 3291 14.
591 3237 840 3302 signatur,
879 3237 1010 3286 circa
1041 3237 1291 3289 Paschatis
1318 3238 1677 3289 solemnitatem
1716 3240 1963 3307 (Tarasius
1990 3241 2123 3289 enim

290 3306 549 3357 Februarii
583 3310 670 3364 25.
708 3308 838 3357 diem
867 3307 1103 3356 ultimum
1138 3308 1359 3369 obierat,
1395 3315 1442 3356 et
1482 3308 1543 3356 de
1570 3310 1856 3360 Patriarcha
1895 3310 2121 3375 eligendo

293 3378 548 3426 contentio
581 3395 682 3426 non
712 3377 974 3427 mediocris
1002 3376 1299 3443 intercessit)
1337 3378 1644 3444 Nicephorus
1663 3398 1814 3447 penes
1849 3381 2122 3446 Imperato-

292 3463 400 3499 rem
420 3465 447 3496 a
474 3450 699 3514 Secretis,
736 3450 912 3501 relicto
938 3447 1140 3511 Palatio,
1167 3449 1230 3500 ad
1256 3449 1656 3502 Ecclesiasticum
1679 3452 1905 3503 ordinem
1921 3451 2118 3517 migrat,
