2222 3938
344 202 415 263 51
430 206 469 264 6
960 210 1538 268 EMENDATIONES

486 344 598 408 Pag.
635 347 752 398 286.
784 337 1029 408 Ἀντίοχος
1058 337 1339 407 Ἐπιφανής
1372 341 1451 407 ἔτη
1482 337 1562 393 ια’.
1598 345 1694 394 τοῦ
1729 340 1783 394 δὲ
1807 337 1996 408 κόσμου
2031 335 2166 410 least]

345 414 500 464 Aerae
522 414 1019 479 Syromacedonicae,
1056 413 1222 476 (cuius
1246 413 1519 476 primordia
1540 421 1654 478 post
1680 413 1954 461 Alexandri
1978 412 2169 460 obitum

347 496 395 535 et
417 503 599 533 annum
629 489 710 537 12.
741 480 1049 548 statuuntur)
1077 501 1206 531 anno
1225 486 1339 536 137.
1363 485 1573 531 obeunte
1595 484 1894 532 Antiochum
1917 483 2168 531 Illustrem

346 573 552 620 regnum
580 554 756 602 adiisse
778 554 1054 602 communis
1082 562 1157 601 est·
1185 570 1299 600 cum
1325 554 1582 618 Scriptura
1606 554 1760 603 Mace.
1787 555 1873 604 lib.
1901 559 1947 606 1.
1983 570 2089 618 cap.
2121 557 2167 605 1.

348 626 775 688 Ghronologorum
797 641 1079 673 consensus.
1153 624 1359 671 Seleuco
1381 633 1545 671 tamen
1569 632 1616 672 et
1641 625 1888 673 Antiocho
1926 622 2167 670 Callinico

348 697 475 745 datis
506 704 703 761 praeter
734 695 953 743 debitum
988 695 1047 741 ab
1081 693 1303 742 Authore
1337 694 1734 757 annis,duobus‚
1775 713 1802 742 a
1826 694 1985 760 posita
2013 696 2169 758 Syro-

347 767 674 816 macedonum
711 783 822 813 aera
855 782 984 812 anno
1023 768 1138 818 139.
1176 766 1416 826 obeunte,
1466 773 1514 812 et
1553 765 1754 814 ineunte
1790 766 1906 819 140.
1956 762 2169 812 [ilustris

348 836 585 886 Antiochi
620 852 828 899 regnum
874 834 1196 896 describitur3
1251 836 1707 900 Syromacedonum
1758 853 1920 884 aeram
1965 834 2171 899 insuper

182 909 234 952 P.
263 908 318 952 71
352 908 494 955 annis
515 906 779 954 duodecim
808 905 1047 969 Georgius
1073 914 1432 970 praeoccupat,
1468 913 1515 953 et
1543 906 1801 954 confestim
1823 913 1940 972 post
1958 905 2172 953 Alexan-

349 980 429 1027 dri
452 985 663 1026 mortem
694 977 944 1040 designat:
984 993 1108 1040 quae
1126 976 1254 1023 ratio
1280 984 1381 1038 est,
1418 984 1475 1024 ut
1496 978 1623 1024 sacta
1652 978 1798 1028 etiam
1833 977 2043 1024 duorum
2077 991 2172 1022 an·-

348 1065 530 1097 norum
571 1047 971 1112 compensatione
1007 1047 1066 1094 ab
1103 1063 1242 1094 aerae
1277 1047 1512 1112 propriae
1551 1046 1741 1113 epocha
1785 1054 1893 1095 toto
1931 1045 2172 1095 decennio

347 1118 564 1167 Illustris
590 1117 824 1166 Antiochi
848 1115 1122 1183 primordia
1152 1117 1458 1181 divagentur.

497 1189 790 1255 Πτολεμαίῳ
840 1190 910 1257 τῷ
956 1180 1260 1254 Φιλοποιτορι
1311 1188 1600 1238 ἐπιτίθεται.
1613 1185 1632 1252 ]
1679 1187 1912 1236 Errorem
1962 1185 2173 1234 Librarii

351 1259 633 1308 emendavit
662 1258 878 1319 Scaliger
902 1273 1014 1322 pag·
1044 1256 1127 1310 55.
1153 1265 1201 1304 et
1228 1253 1533 1323 Φιλομήτορι
1556 1258 1794 1322 reposuit.
1846 1256 2083 1307 Author
2068 1273 2176 1322 ipse

348 1330 735 1380 Philometorem
771 1328 831 1376 ab
864 1326 1114 1376 Antiocho
1143 1328 1334 1377 Illustri
1367 1345 1519 1393 regno
1562 1328 1818 1394 privatum
1860 1335 2033 1377 narrat
2061 1343 2173 1433 pag.

487 1466 743 1558 Ἐκβαλων
761 1463 956 1535 αυτόν.]
999 1468 1216 1532 Scaliger
1236 1468 1487 1517 contrario
1514 1485 1687 1531 sensu,
1724 1465 1948 1519 ἒκκαλων
1974 1462 2140 1520 αυτῦν.

493 1536 715 1610 Ἀδελφῷ
740 1559 792 1591 τε
821 1539 905 1591 καὶ
929 1535 1177 1589 Μενελάω
1203 1539 1452 1604 δέδωκεν]
1491 1540 1638 1599 Quod
1661 1539 1812 1587 dubie
1836 1547 1955 1587 nota
1979 1555 2175 1605 praece-
2216 1584 2222 1585 ff

355 1612 503 1660 dente
530 1612 718 1659 decima
744 1628 856 1658 cum
878 1609 1085 1675 Iosepho
1113 1611 1385 1674 posuimus,
1422 1610 1634 1658 Simonis
1657 1610 1895 1658 nimirum
1919 1609 2051 1658 filios
2074 1617 2174 1657 tres

354 1683 559 1744 Oniam,
596 1682 846 1743 Iasonem,
885 1687 935 1727 et
973 1681 1184 1728 alterum
1221 1681 1398 1728 Oniam
1433 1681 1635 1729 nomine
1664 1681 1965 1729 Menelaum·
2004 1688 2054 1728 et
2089 1696 2178 1727 se·-

355 1753 577 1801 cundum
604 1752 804 1815 quidem
832 1717 1138 1799 'Pontificatu
1163 1752 1366 1799 fratrem
1394 1752 1571 1799 Oniam
1596 1751 1905 1814 deturbasse,
1944 1759 1993 1799 et
2014 1750 2178 1799 vicis-

356 1823 450 1870 sim
476 1841 504 1869 a
526 1821 746 1869 Menelao
763 1858 777 1884 ,
814 1821 915 1870 sive
942 1821 1068 1869 Onia
1092 1821 1246 1869 altero
1271 1823 1510 1885 dignitate
1530 1830 1721 1870 motum
1748 1822 1941 1870 Author
1963 1820 2047 1869 hic
2067 1838 2178 1868 ma-

350 1893 530 1941 nifeste
567 1891 766 1955 scribit3
805 1899 854 1940 et
887 1890 942 1937 in
973 1891 1131 1939 relato
1171 1892 1354 1941 ibidem
1390 1892 1601 1958 Iosepho
1634 1893 1927 1941 sententiam
1958 1892 2178 1941 firmasse

351 1963 571 2014 videtur.

493 2034 609 2095 Pag.
645 2033 765 2085 287.
810 2027 952 2092 Τινὲς
979 2030 1266 2097 ἱστοροῦσιν
1289 2032 1535 2089 Ματθίου
1565 2031 1647 2097 ἔτη
1673 2028 1730 2099 γ’.
1768 2026 2176 2099 ἄρχιερωσύνης.]

351 2102 581 2154 Rariores
608 2108 728 2148 sunt
751 2101 824 2148 illi
855 2100 1173 2165 Chronologi,
1209 2119 1301 2149 nec
1328 2120 1500 2150 eorum
1523 2102 1793 2150 sententiae
1822 2110 2099 2152 consortem
2127 2120 2178 2151 se

353 2172 524 2224 reddit
558 2169 778 2219 Author:
830 2171 1181 2219 Pontificatum
1224 2179 1392 2220 tamen
1442 2172 1707 2220 Matathiae
1742 2190 1950 2238 negans,
1999 2173 2177 2239 populi

354 2244 720 2311 praefecturam
759 2240 1057 2289 triennalem
1087 2240 1143 2288 in
1173 2243 1492 2307 sequentibus
1518 2243 1774 2295 2concedit.
1846 2243 1972 2294 Vide
2008 2251 2179 2292 notam

356 2320 661 2380 sequentem.

498 2385 611 2446 Pag.
647 2384 765 2435 288.
799 2375 1042 2448 Ἦγήσατο
1066 2399 1168 2432 των
1190 2376 1446 2434 Ἰουδαίων
1469 2381 1749 2448 Ματθίας.]
1786 2382 1857 2431 Ut
1879 2383 2056 2450 populi
2089 2383 2180 2432 du·-

359 2472 467 2504 cem
497 2454 818 2502 libeiatorem
844 2459 894 2499 et
920 2451 1200 2515 vindicem,
1237 2470 1341 2501 non
1363 2453 1651 2501 Pontificem
1675 2461 1877 2504 asserat.

497 2525 612 2586 Pag.
646 2525 765 2576 289.
802 2521 1106 2608 Τρισχιλίων
1138 2518 1404 2575 ταλαντων.
1418 2523 1437 2588 ]
1488 2524 1682 2572 Author
1715 2526 1865 2589 paulo
1892 2523 2046 2571 infra:
2080 2541 2180 2590 τρι-

360 2595 519 2661 σχίλια
543 2590 759 2644 τάλαντα
782 2587 1025 2642 οἷνείλατο.
1061 2592 1295 2658 Iosephus
1323 2594 1433 2642 Iud.
1459 2594 1574 2643 Ant.
1605 2594 1690 2644 lib.
1716 2597 1798 2647 13.
1838 2611 1947 2659 cap.
1975 2597 2055 2647 16.
2080 2612 2180 2658 τρι-

360 2666 521 2730 σχίλια
543 2661 632 2729 μὲν
653 2658 868 2713 τάλαντα
894 2657 1188 2726 ἐξεκόμισεν.
1260 2665 1461 2712 Summa
1496 2664 1650 2728 igitur
1675 2665 1975 2730 τρισμυρίων
2001 2659 2178 2713 ταλάν-

360 2753 461 2784 των
489 2753 516 2781 a
541 2732 762 2782 Librario
789 2731 978 2796 scripta
999 2732 1147 2780 fidem
1170 2750 1366 2782 omnem
1389 2742 1674 2801 exsuperat,
1712 2733 1934 2798 quamvis
1958 2733 2177 2782 talento-

360 2821 474 2852 rum
498 2804 746 2868 myriadas
769 2810 969 2851 mortuo
998 2803 1130 2867 patri
1155 2805 1499 2869 consepelierit
1525 2806 1775 2853 Salomon.

500 2868 896 2957 ’Λρχιερατεύσας
922 2871 1004 2937 ε’τη
1033 2868 1086 2922 λ’.
1097 2872 1123 2937 ]
1173 2874 1388 2938 Scaliger
1426 2875 1643 2924 Africani
1671 2880 1896 2922 mentem
1937 2880 2175 2964 sequutus

363 2944 494 2992 solos
515 2938 598 3003 κζ’.
625 2943 813 2991 scribit.
883 2943 1125 2990 Eusebius
1143 2944 1346 2992 Latinus
1370 2949 1455 2999 26.
1481 2951 1723 2993 numerat.

503 3014 615 3075 Peg
653 3016 772 3066 290.
813 3012 1174 3077 Πτολεμαῖος““
1142 3033 1168 3065 ο
1199 3009 1515 3081 Ev'spys'mqg’
1500 3015 1581 3079 ε’τη
1603 3033 1694 3078 κη.
1668 3009 1724 3077 '.]
1762 3010 1930 3061 Alium
1954 3012 2058 3061 eius
2091 3029 2176 3062 re-

365 3101 462 3148 gno
496 3099 684 3130 annum
718 3081 855 3128 addit
886 3082 1152 3145 Eusebius,
1196 3100 1340 3147 quem
1376 3085 1562 3147 pariter
1597 3083 1857 3147 requirunt
1895 3084 2178 3132 emendatae

364 3152 600 3202 Authoris
619 3150 831 3212 tabulae,
868 3159 926 3198 ut
943 3152 1146 3200 ultimus
1172 3153 1459 3216 Cleopatrae
1478 3170 1636 3201 annus
1657 3152 1830 3201 mundi
1850 3153 2002 3208 5472.
2026 3161 2177 3220 prout

365 3223 612 3274 desiderat
635 3219 829 3269 Author
853 3236 962 3306 pag.
991 3224 1113 3275 308.
1143 3223 1366 3285 attingat.

509 3295 815 3356 Πτολεμαῖος
848 3288 875 3340 ὁ
913 3293 1155 3350 Φο-ῦσκος.
1167 3290 1186 3356 ]
1222 3291 1530 3357 Physconem
1567 3292 1742 3341 scribit
1767 3290 2008 3341 Eusebius
2037 3291 2177 3340 Lati-

365 3379 488 3411 nus:
524 3361 764 3427 Iosephus
780 3358 864 3408 lib.
889 3364 938 3412 2.
966 3359 1020 3406 in
1041 3360 1297 3424 Apionem.
1337 3360 1364 3414 ὅ
1385 3382 1479 3429 γαρ
1506 3358 1721 3414 Φύσκων
1743 3360 2030 3427 ἐπικληθεὶς
2044 3365 2177 3412 Πτο-

365 3437 591 3497 λεμαῒοςτ
628 3431 948 3480 Ptolemaeus
971 3442 1290 3493 cognomento
1320 3432 1567 3496 Physcon.
1617 3436 1849 3484 Φοῦσκον
1872 3431 2041 3496 posuit
2064 3430 2177 3478 Au·-

366 3501 511 3567 thor,
545 3503 689 3552 iuxta
707 3498 996 3551 recentioris
1029 3500 1260 3552 Graeciae
1285 3503 1777 3569 pronunciationem,
1815 3517 1914 3568 qua
1931 3503 2174 3553 ventrico-
