2112 3854
172 199 209 254 6
797 202 863 256 G.
901 200 966 255 G.
1003 198 1341 256 BREDOVII

171 331 344 379 ninum
373 330 765 394 Heliogabalum,
806 330 1043 393 Georgius
1075 331 1333 395 Syneellus
1370 330 1710 380 Alexandrum
1730 334 1977 393 Severum,

171 402 476 465 Heliogabali
509 418 865 461 successorem,
920 401 1060 448 dicit.
1109 420 1181 439 ·-—-
1229 403 1365 466 Opus
1417 403 1517 450 eius
1557 403 1979 465 chronologicum,

172 472 389 535 quinque
414 473 745 521 voluminibus
774 472 1093 532 distinctum,
1128 471 1308 520 iniuria
1333 479 1613 536 temporum
1638 474 1853 536 interiit,
1889 490 1982 521 ne-

171 559 268 605 que
302 542 464 590 adhue
490 543 799 590 eruditorum
826 542 1004 605 aliquis
1037 542 1379 591 collectionem
1405 544 1791 605 fragmentorum
1813 545 1980 608 perfe-

172 613 272 673 cit,
311 630 458 676 quam
478 613 713 677 Iosephus
743 612 959 675 Scaliger
981 611 1186 677 incepit.
1257 613 1531 675 „Concisus
1555 614 1753 676 quidem
1783 621 1885 674 est,
1922 613 1983 660 de

169 683 403 731 Africano
440 682 644 730 Photius
663 683 851 730 *scribit
878 684 932 729 in
970 682 1274 730 Bibliotheca
1306 701 1413 748 pag.
1443 687 1508 737 19
1533 682 1580 749 §.
1613 687 1709 742 343
1745 683 1874 730 nihil
1900 691 1982 730 ta-

170 770 284 801 men
329 754 527 817 cognitu
559 753 885 802 necessarium
919 753 1120 800 omittit.
1200 753 1383 819 Incipit
1425 773 1452 801 a
1490 754 1703 802 Mosaica
1740 753 1986 801 creatione

170 823 368 884 mundi,
405 831 454 870 et
486 823 740 885 descendit
773 840 930 887 usque
967 823 1147 871 Christi
1185 824 1466 872 adventum.
1536 824 1797 872 Succinete
1818 832 1985 871 tamen

171 893 392 958 excerpit
432 910 628 957 quoque
664 903 795 957 gesta
815 895 912 941 iam
937 894 1053 943 inde
1079 912 1107 941 a
1131 894 1316 942 Christi
1336 902 1491 942 aetate
1514 911 1671 959 usque
1691 895 1754 942 ad
1776 895 1986 943 Macrini

170 963 487 1027 Imperatoris
512 965 721 1011 Romani
746 965 1032 1029 imperium,
1069 981 1168 1029 quo
1190 973 1439 1030 tempore,
1476 965 1550 1013 uti
1575 965 1680 1030 ipse
1701 965 1850 1027 dicit,
1885 964 1986 1012 hoc

171 1033 453 1082 Chronicon
480 1034 756 1082 absolutum
780 1043 881 1096 est,
915 1035 1174 1083 continens
1206 1035 1462 1099 quinquies
1493 1036 1628 1099 mille
1650 1036 1985 1101 septingentos

169 1112 219 1151 et
253 1103 427 1167 viginti
452 1111 552 1152 tres
576 1107 777 1155 annOS.’'
848 1105 982 1154 Haec
1012 1106 1160 1154 verba
1182 1113 1232 1153 et
1256 1106 1389 1154 inter
1421 1123 1472 1154 se
1505 1114 1554 1154 et
1585 1124 1699 1155 eum
1725 1114 1838 1154 ante
1862 1106 1984 1153 cita-

167 1175 232 1222 tis
261 1174 459 1237 Georgii
481 1175 641 1224 nostri
666 1176 884 1240 Syncelli
905 1189 1124 1241 pugnare
1147 1176 1410 1224 videntur:
1434 1177 1684 1224 Macrinus
1711 1176 1841 1224 enim
1853 1193 1983 1224 anno

166 1245 339 1292 mundi
378 1246 516 1299 5720
551 1259 577 1293 e
611 1247 981 1311 computatione
1007 1246 1231 1294 Africani
1269 1245 1317 1312 (e
1342 1246 1568 1311 Dionysii
1593 1249 1751 1307 5718)
1776 1246 1985 1295 interiit.

164 1315 391 1363 Fortasse
422 1332 541 1364 vero
572 1333 737 1380 pugna
770 1324 964 1364 tantum
995 1333 1065 1363 ex
1099 1317 1293 1364 incuria
1324 1315 1485 1364 Photii
1511 1323 1598 1368 est.
1670 1316 1984 1380 Quamquam

166 1386 295 1434 enim
323 1385 607 1434 Chronicon
634 1386 732 1433 iam
754 1386 810 1433 in
838 1388 978 1434 obitu
997 1386 1206 1434 Macrini
1226 1385 1424 1433 finitum
1446 1394 1563 1448 erat,
1597 1394 1764 1434 tamen
1787 1387 1984 1435 Africa-

163 1473 274 1518 nus,
297 1457 384 1521 qui
408 1455 660 1504 Antonino
681 1457 1001 1520 Heliogabalo
1021 1465 1256 1521 regnante
1272 1456 1557 1505 Chronicon
1578 1457 1794 1522 scripsit,
1819 1457 1985 1505 dicere

164 1528 353 1592 potuit:
390 1543 545 1591 usque
569 1528 632 1574 ad
665 1545 823 1575 meam
861 1535 1065 1576 aetatem
1102 1535 1220 1575 sunt
1258 1527 1374 1574 anni
1397 1529 1550 1580 5723.
1589 1555 1658 1564 -—
1693 1528 1796 1575 Iam
1823 1544 1885 1575 ex
1906 1527 1984 1575 his

165 1598 291 1644 locis
335 1597 534 1660 Georgii
569 1605 620 1645 et
662 1597 824 1647 Photii
861 1604 1091 1663 apparet,
1128 1597 1313 1644 Iulium
1346 1597 1635 1646 Africanum
1676 1615 1711 1644 a
1740 1600 1987 1645 creatione

166 1666 348 1714 mundi
371 1685 530 1731 usque
555 1666 630 1714 ad
647 1685 836 1715 annum
849 1671 1076 1734 primum
1094 1667 1285 1716 Christi
1309 1671 1576 1733 quinquies
1593 1669 1729 1717 mille
1755 1686 1817 1716 ac
1840 1670 1986 1733 qain-

161 1747 339 1803 gentos·
367 1756 526 1784 annos
560 1739 840 1803 collegisse,
878 1755 1025 1804 quem
1059 1756 1318 1787 numerum
1349 1747 1520 1804 postea
1549 1740 1714 1805 plures
1737 1739 1987 1804 Byzanti-

165 1825 347 1857 norum
380 1808 681 1873 scriptorum
715 1826 964 1875 accepere.
1052 1810 1292 1858 Con01sus
1334 1810 1532 1873 quidem
1573 1810 1695 1858 fuit:
1744 1827 1899 1858 annos
1937 1815 1988 1858 et

166 1881 296 1927 saeta
320 1880 383 1927 ad
406 1879 609 1927 modum
630 1887 911 1928 nostrarum
937 1879 1217 1929 tabularum
1237 1880 1748 1945 synchronistiearum
1770 1880 1990 1929 breviter

165 1957 359 1998 tantum
394 1949 682 2015 descripsit,
718 1951 793 1998 uti
824 1953 1096 2015 fragmenta
1132 1967 1324 2015 quoque
1350 1951 1552 2010 docent,
1593 1967 1716 2015 quae
1739 1951 1800 1999 de
1821 1951 1989 2016 Aegy-

164 2020 384 2085 ptiarum
419 2020 757 2084 dynastiarum
794 2029 937 2086 atque
982 2022 1293 2086 Assyriarum
1340 2023 1708 2070 enumeratione
1745 2022 1987 2086 Georgius

167 2091 431 2155 Syneellus
452 2091 594 2138 nobis
616 2093 849 2141 servavit.
919 2094 1118 2140 Summo
1141 2109 1260 2141 vero
1286 2092 1452 2140 studio
1478 2094 1643 2140 omnia
1664 2092 1987 2156 antiquorum

166 2161 467 2225 scriptorum
502 2170 820 2210 monumenta
839 2170 1175 2227 perscrutatus
1202 2170 1306 2210 erat
1322 2201 1336 2223 ,
1372 2180 1476 2209 non
1502 2163 1660 2210 solum
1685 2164 1988 2211 Graecorum

164 2239 214 2280 et
242 2232 591 2294 Romanorum,
628 2248 803 2281 verum
829 2232 975 2280 etiam
1002 2231 1233 2297 inprimis
1260 2231 1620 2296 Aegyptiorum
1638 2240 1685 2279 et
1712 2232 1986 2281 Chaldaeo·

161 2318 300 2363 rum,
351 2302 440 2367 qui
489 2302 726 2364 originem
773 2320 911 2350 suam
955 2302 1010 2349 in
1048 2310 1318 2369 extremam
1351 2303 1691 2366 antiq-uitatem
1729 2320 1986 2352 removere

162 2372 442 2420 studebant.
523 2373 725 2436 (Videas
763 2374 1094 2436 fragmentum
1138 2389 1201 2420 ex
1238 2372 1459 2420 Africani
1510 2373 1884 2437 Chronologicis
1930 2374 1986 2421 in

160 2443 357 2491 Eusebii
392 2444 767 2508 praeparatione
788 2443 1082 2506 Evangelioa
1103 2443 1217 2491 libr.
1238 2445 1302 2491 X.
1327 2461 1436 2508 cap.
1468 2445 1575 2505 10).
1631 2443 1696 2491 Et
1723 2444 1858 2508 quod
1881 2461 1987 2491 ma-

159 2513 296 2561 xime
331 2514 636 2561 laudandum
676 2529 780 2561 esse
817 2514 1043 2563 videtur:
1077 2517 1277 2578 primus
1311 2514 1406 2562 fuit
1428 2514 1719 2575 AfricanUS,
1757 2513 1844 2577 qui
1870 2530 1896 2561 e
1917 2514 1984 2562 li·-

160 2583 366 2632 brorum
409 2601 662 2631 sacrorum
692 2584 919 2633 versione
951 2600 1122 2648 graeca
1159 2602 1216 2632 ac
1245 2584 1447 2632 caeteris
1473 2584 1778 2649 antiquitatis
1799 2601 1984 2632 monu-

159 2654 341 2701 mentis
392 2649 601 2701 danones
652 2653 1028 2718 chronologicos
1071 2655 1343 2703 contexuit.
1426 2656 1549 2702 Nam
1589 2655 1677 2718 qui
1711 2662 1826 2718 post
1869 2671 1984 2702 eum

161 2724 518 2786 Chronologica
546 2724 802 2788 scripsere,
845 2742 1013 2772 omnes
1041 2725 1142 2772 eius
1168 2725 1372 2787 vestigia
1398 2724 1595 2787 sequuti
1618 2732 1731 2771 sunt
1760 2725 1899 2786 adeo,
1924 2732 1984 2773 ut

158 2795 326 2858 ipsum
371 2795 638 2843 Eusebium
687 2812 831 2842 suum
869 2794 1102 2859 Iosephus
1146 2794 1361 2857 Scaliger
1413 2802 1574 2842 totum
1611 2794 1834 2843 Africani
1879 2796 1983 2844 fere

161 2864 464 2913 Chronicum
488 2866 542 2912 in
568 2882 711 2912 suum
732 2865 1123 2929 transscripsisse
1148 2863 1399 2927 largiatur.

300 2935 547 2984 Eusebius
570 2935 700 2982 enim
715 2972 729 2997 ,
767 2935 1010 3000 Pamphili
1033 2935 1263 2999 Martyris
1291 2933 1681 2995 contubernalis,
1720 2935 1982 2984 Caesareae

159 3006 461 3055 Palaestinae
489 3006 766 3071 episcopus,
805 3014 1004 3053 eentum
1028 3005 1168 3052 annis
1193 3014 1308 3070 post
1330 3005 1620 3053 Africanum
1647 3006 1801 3053 libros
1825 3005 1982 3054 chro-

158 3077 411 3140 nologicos
441 3077 651 3141 scripsit,
690 3094 717 3123 a
739 3077 986 3124 creatione
1018 3075 1190 3123 mundi
1215 3093 1370 3139 usque
1400 3076 1461 3122 ad
1484 3092 1669 3122 annum
1692 3075 1981 3138 vigesimum

161 3147 468 3195 Constantini
497 3147 687 3210 Magni,
725 3147 810 3211 qui
835 3154 910 3194 est
936 3163 1093 3194 annus
1119 3146 1303 3193 Christi
1327 3149 1445 3199 327.
1517 3145 1717 3208 (Euseb.
1749 3142 1979 3194 Chronic.

155 3219 320 3267 versio
354 3219 440 3265 lat.
467 3235 518 3281 p.
550 3217 690 3275 181).
739 3218 970 3265 Pluribus
996 3217 1058 3265 de
1084 3215 1180 3264 hoe
1207 3216 1479 3264 Eusebiano
1505 3216 1749 3264 Chronico
1775 3217 1873 3280 egit
1893 3218 1981 3265 Io-

158 3288 339 3352 sephus
365 3289 580 3351 Scaliger
603 3289 656 3335 in
681 3288 1060 3352 Prolegomenis,
1100 3302 1126 3334 e
1154 3287 1332 3350 quibus
1360 3287 1542 3351 passim
1565 3287 1807 3333 nonnulla
1834 3287 1979 3336 nobis

163 3360 420 3407 commoda
455 3371 716 3423 excerpere
747 3358 931 3407 licebit.
1005 3357 1270 3420 Quamvis,
1310 3358 1405 3420 ait,
1442 3356 1569 3405 nihil
1594 3357 1647 3403 in
1672 3357 1868 3405 Eusebii
1898 3375 1981 3406 ca-

160 3446 291 3476 none
324 3429 634 3494 antiquitatis
667 3429 951 3477 reconditae
978 3428 1067 3487 sit,
1105 3426 1240 3492 quod
1273 3445 1377 3476 non
1403 3427 1462 3476 ab
1484 3427 1722 3475 ‘Africano
1745 3426 1980 3490 hauserit,

162 3508 211 3548 et
235 3501 459 3565 quamvis
496 3500 689 3566 saepius
723 3498 778 3548 in
811 3498 1033 3549 Africani
1070 3499 1314 3548 sententia
1337 3499 1596 3548 refutanda
1629 3498 1826 3547 Eusebii
1854 3515 1981 3564 pru-
