2222 3938
674 171 1262 236 ANNOTATIONES.
1764 163 1891 228 555

170 307 322 371 ’Ἕως
343 307 678 375 αἰχμαλωσίας
701 307 783 374 ἔτη
803 302 967 375 υμη’.]
1002 307 1221 357 Miscella
1245 314 1295 356 et
1320 305 1527 356 Gentius
1553 322 1673 359 ann.
1698 305 1822 362 445.

201 375 485 448 Καμβύσης
508 374 592 446 β’.]
633 381 855 429 Miscella
881 387 931 428 et
953 380 1159 428 Contius
1180 379 1265 428 aiz.
1297 382 1347 432 8.

202 456 417 519 Δαρεῖος
445 449 528 515 ἔτη
555 444 657 516 λς’.]
695 451 981 499 Anastasius
1001 451 1180 515 Regius
1206 467 1289 500 an.
1313 453 1398 504 37.

202 521 389 589 Ξέρξης
415 522 632 588 Δαρείου
657 521 738 587 ἔτη
762 517 887 587 anfi]
926 521 1062 569 Idem
1090 522 1172 576 24.
1199 529 1248 569 et
1271 521 1367 569 alia
1393 520 1546 570 lectio
1572 537 1688 572 ann.
1710 524 1798 576 23.

200 586 509 660 Ἀρταβάνης
536 590 643 652 ἔτος
667 593 751 655 ἓν,
790 595 954 660 μῆνας
983 587 1066 658 K]
1107 592 1352 641 Anastasii
1377 592 1534 645 Codd.
1558 593 1764 658 legunte
1798 592 1903 641 Ar-

62 663 274 713 tabanes·
294 662 548 710 mensibus
574 667 626 716 7.
940 694 942 696 -

198 730 542 800 Ἀρταξέρξης,
583 731 614 784 ὅ
651 730 738 784 καὶ
763 725 915 799 ’Ὦχος
947 731 1031 800 ἔτη
1064 726 1192 800 κβᾞ
1242 734 1459 799 Scaliger
1498 732 1582 800 ἔτη
1608 730 1695 796 κζ.
1727 731 1900 784 Anast.

60 807 179 872 Reg.
212 810 295 858 26.
321 805 408 852 alii
428 803 582 854 ,Codd.
604 810 691 858 22.
1595 846 1606 859 ,

206 876 321 940 Pag.
358 877 478 928 399.
510 868 856 940 Ἐβασίλευσεν
882 867 976 925 οὖν
1003 872 1086 940 ἔτη
1113 868 1214 940 ιη’.]
1254 874 1499 923 Anastasii
1528 874 1678 927 codd.
1704 891 1786 925 an.
1819 877 1903 928 17.

201 939 532 1011 Ἀλεξάνδρου
568 949 662 997 τοῦ
695 940 1016 996 Μακεδόνων
1051 945 1134 1009 ἔτη
1169 941 1346 1014 ,ερξζ.]
1397 945 1707 995 Conferenda
1731 945 1905 993 homas

63 1017 189 1066 haec
218 1033 333 1065 cum
360 1015 590 1080 superius
624 1034 652 1063 a
691 1017 924 1080 Syncello
958 1015 1157 1081 scriptis
1191 1033 1331 1081 pagg.
1357 1021 1474 1070 261.
1505 1025 1555 1065 et
1576 1034 1680 1082 seq.
1703 1016 1827 1070 475.
1857 1022 1907 1063 et

66 1088 186 1142 486.
210 1104 305 1135 nec
328 1104 433 1134 non
454 1103 570 1134 cum
590 1088 630 1136 Ν
638 1094 832 1136 otarum
853 1103 964 1153 pag.
980 1091 1065 1141 67.
1101 1087 1258 1137 Miror
1271 1087 1472 1135 Latinos
1487 1087 1734 1136 Anastasii
1750 1086 1906 1135 Codd.

65 1159 283 1209 scribere
305 1158 459 1211 5177.

207 1231 519 1293 Πτολεμαῖος
541 1224 571 1279 ὁ
592 1220 879 1295 Ἐπιφανής
902 1226 985 1295 ἔτη
1014 1222 1126 1294 κς’.]
1165 1226 1454 1278 Anastasius
1480 1229 1659 1295 Regius
1689 1227 1775 1283 24.
1799 1242 1907 1278 vox
1961 1286 1966 1290 ¹
2058 1233 2062 1239 ‘

62 1294 312 1366 Ἀντίοχος
333 1299 597 1348 redundat.
1822 1314 1827 1317 *

212 1374 520 1434 Πτολεμαῖος
544 1367 574 1420 ὅ
601 1363 849 1419 Φούσκων
876 1366 956 1434 ἔτή
981 1361 1076 1434 ιζ’.]
1113 1369 1324 1419 Contius
1354 1374 1437 1424 16.

192 1438 320 1506 ’Έτη
344 1437 400 1491 δ’.
427 1445 590 1507 μῆνας
618 1437 697 1504 §.J
738 1439 945 1487 Contius
970 1440 1130 1489 idemz
1168 1441 1432 1489 Mensc‘bus·
1459 1446 1510 1496 6.

215 1511 283 1562 Οἱ
306 1511 630 1578 ἐβασίλευσαν
660 1506 920 1579 Αἰγύπτου
948 1510 1030 1578 ἔτη
1057 1505 1204 1579 σ’ἳς’.]
1243 1513 1531 1562 Anastasius
1569 1509 1753 1576 Regius
1787 1509 1910 1565 295.

70 1582 291 1633 Miscella
318 1590 368 1631 et
391 1582 597 1630 Contius
631 1600 752 1630 ann.
777 1585 897 1634 297.

216 1655 330 1717 Pag.
367 1654 488 1707 400.
522 1650 728 1704 Ἑαυτὸν
758 1650 974 1719 ἔχωσεν]
998 1648 1210 1704 Ἑαυτὸν
1235 1651 1526 1718 κατέσφαξε.
1564 1651 1774 1701 Contius
1796 1648 1911 1698 sub-

71 1724 382 1773 stituendum
421 1723 707 1787 contendit,
743 1730 794 1770 et
824 1724 1046 1787 seipsum
1075 1726 1226 1771 vivus
1258 1726 1536 1786 interfecit,
1579 1721 1911 1772 reddendum.

71 1795 259 1860 Ecquis
297 1795 452 1843 alium
490 1801 689 1860 praeter
728 1793 903 1842 vivum
942 1793 1247 1843 interficiat?
1314 1793 1462 1860 ἔχωσε
1493 1794 1722 1856 legerunt
1759 1789 1915 1838 Codd.

70 1866 264 1927 Latini,
303 1873 353 1914 et
378 1867 601 1930 seipsum
624 1864 826 1926 obruit,
862 1864 1086 1914 Miscella
1118 1865 1346 1914 omnium
1379 1864 1659 1932 aptissime,
1695 1864 1917 1928 seipsum

73 1939 224 1987 vivus
246 1934 473 2000 d‘so‘lit,
509 1936 889 2001 interpretatur.

213 2003 419 2072 'Oaoe'vj
448 2007 632 2055 Galbae
657 2014 771 2054 ante
787 2006 1037 2055 Othonem
1056 2006 1196 2055 nulla
1221 2005 1406 2054 mentio
1428 2005 1486 2054 in
1508 2004 1665 2055 Codd.
1692 2003 1918 2052 Anastas.

74 2079 245 2128 locum
281 2086 330 2127 et
360 2079 594 2126 lacunam
630 2078 676 2125 ei
714 2094 908 2125 mecum
935 2077 1140 2143 reponit
1169 2077 1402 2140 Scaliger.
1439 2076 1648 2124 Contius
1683 2074 1921 2122 omissum

78 2157 292 2199 accusat.
331 2149 485 2197 Galba
510 2165 770 2214 perperam
798 2147 881 2195 hic
907 2149 1115 2196 omissus
1141 2154 1229 2207 est,
1256 2147 1342 2211 qui
1367 2146 1635 2211 imperavit
1655 2161 1846 2192 menses
1869 2148 1923 2196 7.

222 2215 372 2270 Μετοὶ
405 2220 485 2284 ἔτη
521 2214 628 2283 λε’.]
670 2218 888 2266 Solerter
916 2220 1148 2267 observat
1183 2217 1391 2265 Contius
1423 2217 1487 2264 ad
1523 2214 1816 2280 Vespasiani
1839 2230 1922 2262 se-

80 2290 306 2340 cundum
337 2306 493 2337 annos
517 2292 603 2343 39.
628 2288 899 2338 numerari.
973 2290 1232 2338 Caeterum
1273 2304 1398 2352 quos
1426 2287 1727 2352 Vespasiano
1764 2302 1923 2333 annos

83 2368 168 2417 19.
192 2360 396 2408 ascribit
417 2361 518 2412 MS.
553 2359 784 2423 Regium,
823 2366 872 2407 et
899 2359 1114 2422 Scaliger
1146 2374 1343 2408 mecum
1381 2357 1649 2421 exscribit,
1684 2356 1747 2406 ad
1786 2356 1922 2405 solos

81 2438 133 2490 9.
159 2431 412 2482 reducunt
433 2430 678 2479 Anastasii
707 2429 862 2478 Codd.
886 2429 1067 2479 Latini.

226 2499 448 2570 Μάρκος
482 2496 739 2568 Αὐρήλιος
778 2499 859 2567 ἔτη
894 2497 964 2552 θ’.
1006 2502 1172 2567 μῆνας
1208 2492 1322 2564 ια’.]
1373 2498 1564 2547 Menses
1599 2496 1766 2547 omisit
1799 2498 1924 2544 Sca-

82 2574 235 2639 liger:
274 2573 398 2623 duos
428 2573 584 2623 refert
606 2571 850 2622 Miscellaz
891 2572 1064 2621 Annos
1090 2574 1174 2626 19.
1201 2586 1307 2618 una
1345 2586 1462 2618 cum
1489 2570 1658 2619 Anast.
1693 2567 1847 2634 Regio
1872 2573 1925 2616 et

85 2643 281 2695 Contio.

226 2715 340 2779 Pag-
376 2713 497 2772 401.
530 2712 587 2766 Ὅ
615 2709 780 2781 πατὴρ
811 2707 1140 2782 Ὠριγένους.]
1188 2709 1346 2759 Addit
1379 2708 1604 2760 Anastas.
1642 2711 1760 2774 Reg.
1783 2710 1925 2758 Hae-

86 2787 260 2836 reticie
296 2785 518 2835 Miscella
551 2785 863 2852 pravanimi,
899 2784 956 2833 id
981 2789 1056 2832 est
1078 2777 1427 2851 κακόφρονοςε
1463 2782 1620 2832 solam
1653 2780 1925 2832 dictionem

88 2860 328 2908 Graecam
350 2857 586 2924 apposuit
608 2857 828 2905 Contius.

232 2925 440 2990 Μεταξύ
470 2928 678 2995 Batnon]
715 2929 941 2977 Anastas.
963 2924 1084 2989 Reg.
1106 2921 1342 2974 Intarbeo
1357 2941 1373 2973 .·
1409 2922 1632 2974 Miscella
1657 2939 1773 2972 cum
1796 2921 1928 2970 Con·
1956 2924 2010 2972 P.
2030 2925 2089 2970 87

88 2998 193 3049 tio:
227 3000 357 3047 inter
388 2998 594 3049 Carras.

228 3065 525 3132 Ἀντωνῖνος
548 3070 579 3123 ὅ
602 3062 974 3135 Καρᾶκαλλος]
1012 3064 1231 3129 Scaliger
1254 3081 1317 3114 ex
1341 3063 1566 3115 Anastas.
1590 3061 1624 3116 ὅ
1648 3057 1893 3147 Γάβαλος.

232 3141 528 3204 Μαξιμῖνος
553 3140 634 3207 ἔτη
661 3136 735 3206 ς’.]
773 3138 1017 3188 Emendat
1042 3136 1262 3201 Scaliger
1285 3153 1347 3185 ex
1377 3135 1565 3186 Latinis
1590 3133 1670 3198 ἔτη
1694 3153 1753 3201 γ.

205 3264 207 3267 ,
236 3210 421 3272 Δέκιος
457 3211 565 3274 ἔτος
594 3213 682 3276 ἓν,
718 3213 884 3278 μῆνας
921 3203 1025 3273 ια’.]
1063 3208 1142 3257 Ita
1175 3224 1374 3257 mecum
1408 3207 1538 3256 Scal.
1574 3203 1731 3253 Codd.
1765 3199 1931 3252 Latini

96 3297 246 3331 mena.
283 3285 333 3335 3.

241 3347 579 3420 Οὐαλεριανὸς
603 3350 690 3404 καὶ
715 3348 992 3413 Γαλλιανὸς
1015 3348 1099 3417 ἔτη
1123 3343 1216 3414 ιε’.]
1254 3347 1463 3398 Contius
1490 3352 1539 3394 et
1556 3343 1809 3394 Miscella:
1843 3361 1932 3394 an-

98 3440 191 3473 nos
230 3426 312 3476 12.
911 3465 913 3467 ,

237 3488 520 3561 Ἀπεγένετο
546 3491 603 3545 ἐν
627 3492 862 3564 Roaiam]
899 3490 1117 3556 Scaliger
1142 3488 1480 3539 hallucinatus
1512 3483 1569 3536 ἕν
1601 3489 1931 3555 Καινοφρου-
