2222 3938
633 187 734 240 ET
770 185 1360 242 ANNOTATIONES.
1778 175 1903 236 493

85 320 192 401 ipse
211 319 470 368 manifesta
490 318 795 368 revelatione
825 318 1085 384 praedicit.
1155 317 1341 365 'sextus
1365 320 1450 371 70.
1475 316 1803 381 interpretum
1825 315 1906 363 le-

76 392 172 454 git.
208 391 280 449 εἶς
315 386 536 456 ἄριθμον
570 389 774 457 ἦμερων
805 385 1131 454 ἐνενήκοντα,
1165 388 1251 439 καὶ
1286 385 1459 440 ἑκατὸν
1497 386 1716 454 ἡμέρας,
1751 395 1907 452 prout

75 478 202 510 cum
228 460 539 509 Theodoreto
577 462 815 524 Georgius
853 468 1024 508 noster
1056 459 1304 509 exscribit.
1376 459 1597 506 Annotat
1626 456 1909 522 Polychro-

83 526 575 591 111118.οἷλλ’ἔκδοσις
607 530 820 598 περιέχει
851 527 1176 596 ἐνενήκοντα,
1213 529 1298 580 καὶ
1333 526 1510 580 ἑκατὸν
1536 527 1740 597 ἡμέρας.
1789 527 1908 575 Ori-

84 619 228 666 genes
262 602 322 650 de
354 610 569 692 utrpque
596 619 821 651 numere.
872 621 964 652 ουκ
993 597 1278 684 α’γνοοῦμεν
1313 598 1396 663 δὲ,
1433 600 1630 662 scribit,
1666 618 1779 650 τινα
1807 602 1911 648 τῶν

84 668 405 739 ἀντιγράφων
434 672 559 738 ἔχειν
596 669 771 723 ἑκατόν
802 670 887 722 καὶ
912 667 1221 757 πεντήκοντα
1257 670 1471 754 ημέρας·
1507 669 1592 721 καὶ
1615 667 1675 719 τοὶ
1702 670 1910 720 πλείονα

84 741 139 794 δὲ
165 741 465 808 ἐνενήκοντα
487 742 571 793 καὶ
605 740 780 793 ἓκατόν
801 737 1579 828 1ἦμέροιες.ἄλλ’ἐπεισκεψαμενοι
1611 738 1700 800 τοὶς
1727 736 1909 799 λοιπας

81 780 304 873 ἐκδόσεις
330 810 541 880 εὕρομεν
565 814 849 881 τριακοσίας
872 814 956 863 καὶ
981 807 1281 878 ἐνενήκοντα
1304 810 1510 879 ἡμέρας.
1585 812 1735 859 Plura
1754 810 1909 874 igitur

83 885 471 948 exemplarium,
510 901 635 948 quae
671 884 803 932 vidit
831 884 1090 946 Origenes,
1127 900 1393 931 numerum
1423 884 1615 931 dierum
1642 883 1725 930 vel
1755 898 1910 928 anno-

81 971 194 1003 rum
223 958 343 1008 390.
380 956 565 1018 legere,
605 956 844 1019 quaedam
887 956 1006 1008 150.
1050 954 1242 1002 rariora
1280 957 1401 1007 190.
1486 953 1731 1000 Ultimum
1772 951 1912 999 1111110

81 1025 308 1074 observat
343 1024 566 1087 Author‚
604 1027 758 1074 alium
784 1026 994 1074 inferius
1032 1025 1268 1091 exponit,
1305 1024 1524 1090 primum
1550 1023 1734 1072 omittit
1760 1022 1910 1092 peni-

77 1104 185 1158 tus,
223 1096 307 1143 vel
339 1096 605 1160 ignoravit.

219 1163 344 1217 ‘Two
360 1133 722 1233 ζ,Σαλμανασαρ
759 1164 845 1217 καὶ
881 1161 1027 1231 Ὠσηε
1069 1185 1271 1230 πρωτης
1323 1163 1706 1231 αι’χμαλωσίας.]
1769 1163 1909 1212 The-

80 1237 451 1302 glathpbalasar
486 1246 535 1285 et
559 1237 747 1286 Phacee
778 1238 1054 1285 foederatos
1080 1236 1288 1300 legimus
1322 1237 1372 1290 4.
1410 1238 1528 1300 Reg.
1560 1240 1644 1288 16.
1673 1243 1722 1283 et
1744 1241 1792 1289 2.
1818 1232 1910 1283 Pa-

81 1308 172 1357 aal.
200 1312 286 1362 28.
324 1308 490 1356 hostes
515 1326 609 1355 nus
588 1326 776 1372 squam.
849 1309 1159 1355 Salmanasar
1190 1315 1353 1355 autem
1394 1307 1519 1355 Osee
1547 1307 1734 1355 bellum
1764 1307 1911 1353 intu-

81 1379 195 1427 lisse
224 1379 449 1427 referunt
478 1378 600 1427 haec
631 1396 693 1426 ex
721 1378 771 1431 4.
798 1380 916 1441 Reg.
950 1395 1059 1442 cap.
1086 1383 1170 1431 17.
1196 1395 1245 1427 v.
1271 1381 1320 1430 3.
1363 1378 1554 1425 Contra
1576 1377 1712 1424 lzzmc
1740 1373 1907 1443 (Osee)

81 1448 311 1497 ascendit
346 1451 686 1497 salmanasar
717 1467 801 1496 rex
827 1450 1186 1513 Assyriorum,
1228 1458 1272 1495 et
1282 1451 1474 1511 factas·
1497 1457 1568 1494 est
1598 1450 1642 1494 ei
1670 1449 1789 1496 Osee
1811 1465 1911 1494 ser-

78 1538 200 1582 vus,
237 1519 575 1585 reddebatque
603 1522 686 1567 illi
709 1520 919 1571 tributa.
994 1520 1294 1566 Servitutem
1319 1518 1601 1566 istiusmodi
1624 1526 1771 1567 vocat
1802 1519 1909 1566 Au-

79 1590 196 1639 tbor
228 1586 433 1656 πρώτην
468 1592 830 1656 αἰχμαλωσίαν,
868 1589 1168 1654 captivitatis
1197 1590 1472 1655 primitias,
1512 1596 1560 1636 et
1581 1606 1710 1637 anno
1745 1589 1910 1654 primo

81 1662 205 1710 Osee
233 1662 411 1718 mundi
438 1663 592 1716 4761.
626 1662 890 1710 delibatam
919 1661 1002 1709 1110
1027 1668 1216 1709 narrat.
1290 1661 1422 1708 Alias
1450 1660 1644 1707 sibimet
1672 1660 1910 1708 adversa-

79 1740 188 1794 tur,
227 1740 274 1780 et
299 1732 488 1780 Phacee
522 1732 662 1781 annis
698 1737 781 1784 20.
815 1732 933 1780 solis
961 1732 1209 1778 concessis
1234 1731 1461 1778 ultimum
1490 1731 1618 1778 Osee
1643 1731 1706 1778 ad
1735 1729 1913 1778 mundi

79 1804 235 1856 4761.
262 1811 312 1851 et
336 1803 500 1851 Achaz
527 1810 606 1858 12.
629 1802 844 1853 coniicit.
914 1803 1055 1850 Dicta
1082 1801 1310 1866 superius
1336 1802 1399 1848 ad
1432 1818 1544 1865 pag.
1570 1804 1689 1855 203.
1717 1817 1914 1848 memo-

76 1873 260 1923 randa:
297 1890 390 1922 nec
423 1874 694 1937 Georgium
727 1872 891 1923 varios
924 1881 972 1921 et
1005 1873 1344 1938 discrepantes
1384 1889 1619 1921 numeros
1651 1871 1792 1937 sequi
1830 1871 1913 1921 vel

77 1945 304 2030 proferre
326 1961 513 1993 novum
540 1952 631 1994 est.

215 2009 332 2065 'Ami
361 2034 451 2066 του
477 2011 678 2082 πρώτου
708 2013 846 2073 ε’τους
879 2008 1040 2079 Ὠσηὲ.
1054 2012 1072 2077 ]
1122 2013 1188 2062 At
1220 2012 1397 2061 mundi
1429 2012 1584 2066 4761.
1626 2012 1911 2075 adiungitur

78 2084 203 2133 Osee
238 2085 428 2150 primus
469 2103 656 2134 annus:
703 2085 955 2150 Adaptat,
1002 2092 1063 2132 ut
1099 2092 1287 2151 potest,
1335 2101 1436 2131 non
1475 2084 1627 2148 plane
1671 2083 1910 2131 conciliat

75 2171 307 2203 numeros
334 2156 591 2219 Georgius.

201 2221 338 2285 Ἕως
362 2230 454 2277 τοῦ
478 2228 646 2292 τρίτου
673 2223 811 2284 ε’τους
835 2218 1089 2289 Ἰωακείμ.]
1130 2223 1231 2283 Qui
1269 2241 1296 2270 a
1324 2222 1503 2270 mundi
1539 2222 1694 2276 4762.
1727 2238 1911 2270 nume-

7 2329 11 2332 ·
75 2294 195 2344 ratis
229 2300 346 2350 120.
387 2304 462 2344 est
490 2299 644 2350 4882.
681 2313 780 2359 quo
815 2294 958 2341 iuxta
993 2295 1341 2342 correctiorem
1379 2292 1619 2341 Authoris
1659 2294 1909 2341 calculum
1937 2302 1992 2347 V
2017 2304 2077 2348 57

74 2365 262 2414 Ioacim
296 2366 474 2414 mundi
505 2367 660 2419 4880.
690 2366 750 2412 ad
778 2381 985 2427 regnum
1011 2365 1231 2429 promoti
1254 2363 1455 2411 tertium
1485 2364 1705 2411 eiusdem
1727 2363 1911 2412 Ioacim

76 2453 264 2484 annum
299 2438 592 2485 obtinemus.
665 2436 820 2483 Notae
857 2435 919 2481 ad
950 2452 1062 2500 pag.
1090 2440 1209 2489 217.
1246 2451 1442 2482 sensum
1466 2433 1604 2482 hunc
1636 2442 1910 2499 exponunt.

77 2507 424 2556 consulendus
448 2506 645 2556 Author
669 2506 724 2554 in
743 2506 844 2554 suis
875 2505 1261 2554 correctioribus
1293 2505 1503 2568 tabulis,
1542 2505 1661 2553 alias
1686 2522 1790 2554 non
1814 2504 1912 2553 sibi

79 2585 288 2626 constat.

219 2648 315 2708 Εἰς
347 2643 405 2699 τό
439 2641 530 2699 κδ’.
564 2644 692 2715 λέγει
721 2648 814 2698 τοῦ
852 2639 1357 2714 Ναβουχοδονόσορ.]
1408 2645 1519 2694 Hoc
1552 2652 1627 2694 est
1661 2645 1717 2694 in
1761 2661 1909 2694 mun-

11 2716 25 2723 *
77 2716 130 2766 di
157 2717 311 2772 4912.

219 2789 331 2852 Pag.
370 2791 488 2843 230.
533 2790 697 2839 Ταῦτα
723 2785 778 2838 δὲ
806 2783 926 2853 μετὰ
961 2784 1078 2838 δέκα
1106 2785 1222 2852 ἔτη]
1270 2785 1448 2834 Mundi
1487 2786 1723 2835 nimirum
1754 2786 1910 2841 4912.

78 2875 107 2905 a
135 2875 232 2923 quo
266 2859 330 2907 ad
364 2860 480 2924 Cyri
509 2859 727 2923 primum
757 2858 841 2911 40.
874 2866 1121 2923 putantur
1155 2856 1302 2919 anni,
1341 2865 1391 2904 et
1427 2857 1490 2904 ad
1519 2875 1664 2922 quem
1695 2857 1782 2905 alii
1809 2874 1910 2905 no-

76 2944 193 2977 vem
226 2930 419 2995 priores
445 2937 562 2995 post
597 2930 899 2977 destructam
938 2946 1066 2976 anno
1101 2927 1255 2981 4903.
1283 2926 1536 2975 civitatem
1571 2929 1910 2993 interponun-

77 3006 182 3048 tur.
258 3001 416 3059 Quam
445 3001 733 3048 inconstans
764 3007 812 3048 et
841 2999 1011 3050 varius
1044 3001 1098 3047 in
1129 2997 1208 3045 his
1246 2998 1450 3047 calculis
1479 2999 1717 3064 Georgius
1743 3005 1912 3046 noster

77 3069 169 3119 vix
192 3077 359 3134 potest
389 3070 530 3119 obse1
535 3071 656 3122 vari.

225 3136 674 3209 Ναβουχοδονόσορ
703 3137 853 3192 λοιπα
883 3160 925 3192 ιε
925 3134 975 3206 ’.]
1024 3138 1153 3188 Solis
1192 3139 1248 3186 in
1280 3137 1550 3188 emendatis
1575 3137 1758 3186 tabulis
1783 3136 1911 3185 haec

76 3207 265 3258 habent
303 3211 496 3260 locum:
534 3212 654 3260 alias
681 3212 877 3260 facilius
907 3212 1094 3260 diceret
1126 3209 1319 3258 Author
1351 3228 1379 3257 a
1416 3208 1593 3257 mundi
1618 3208 1773 3261 4912.
1809 3223 1908 3270 quo

76 3288 194 3345 post
224 3281 341 3334 150.
371 3297 525 3328 annos
563 3299 591 3329 a
618 3282 774 3336 4762.
815 3290 1101 3331 numeratos
1126 3281 1290 3329 Israeli
1296 3280 1419 3328 ticae
1453 3278 1753 3344 captivitatis
1789 3293 1907 3324 me·-

76 3357 326 3397 moratum
365 3349 613 3399 Ezechieli
642 3369 908 3401 numerum
949 3353 1260 3410 obtinemus,
1298 3352 1362 3399 ad
1389 3351 1541 3404 4952.
1581 3346 1905 3411 quadraginta

79 3420 396 3485 complentur
419 3421 562 3478 anni,
601 3438 938 3489 numerusque
972 3427 1087 3478 190.
1126 3439 1371 3472 annorum
1409 3418 1707 3468 relaxandae
1739 3417 1905 3466 servi-

76 3490 175 3538 tuti
206 3491 479 3556 promissus
503 3491 779 3558 perficitur.
