2112 3854
237 150 319 211 48
439 142 448 152 ‘
878 154 947 209 c.
983 153 1053 209 G.
1087 154 1427 214 BREDOVH

238 285 505 340 edocuerit.
575 286 881 336 Hodiernum
904 301 1060 349 usque
1088 286 1231 351 diem,
1262 287 1499 351 Georgius
1523 287 1687 352 addit,
1722 287 1954 338 universa
1975 286 2048 335 ci-

236 361 366 410 vitas
406 360 537 408 hanc
571 357 771 406 Domini
807 355 964 422 nostri
1000 356 1234 420 effigiem,
1282 358 1497 406 hominis
1531 375 1678 406 manu
1713 376 1815 407 non
1849 359 2044 420 factam,

239 432 427 479 summa
448 431 628 496 pietate
653 428 783 475 colit.
808 424 880 490 28)
914 452 986 463 -—
1020 426 1280 477 Auctorem
1304 429 1451 476 huius
1486 429 1783 477 narrationis
1807 429 2048 492 Georgius

239 519 342 550 non
371 501 622 562 nominat,
674 498 785 562 quia
803 534 816 558 ‚
857 497 936 544 uti
959 497 1159 547 videtur
1176 537 1189 561 ,
1234 499 1365 547 inter
1386 516 1553 547 omnes
1579 499 1883 547 Christianos
1911 499 2046 547 illius

237 571 476 636 temporis
513 572 641 619 fama
677 567 911 634 epistolae
955 575 1102 633 atque
1139 569 1362 634 imaginis
1402 569 1585 618 Christi
1632 570 1903 618 Edessenae
1947 569 2047 616 iam

238 643 524 708 pervulgata
554 647 674 689 erat.
743 639 998 686 Eusebius
1017 639 1159 688 nobis
1181 639 1254 688 e'st
1275 640 1645 705 antiquissimus
1679 640 1920 705 scriptor,
1958 638 2049 704 qui

239 712 495 777 epistolam
521 729 548 757 a
575 709 771 757 Christo
796 709 858 756 ad
879 710 1120 773 Abgarum
1147 711 1340 758 missam
1370 728 1469 758 esse
1493 718 1731 773 testatur3
1752 719 1816 758 ‘et
1839 711 2046 775 primus,

240 784 293 830 ni
330 783 509 842 fallor,
547 781 632 845 qui
654 779 885 844 vepistolas
920 781 1101 845 Abgari
1127 789 1174 829 et
1201 782 1383 829 Christi
1408 799 1434 829 e
1459 783 1623 844 lingua
1652 781 1850 844 Syriaca
1880 789 2049 828 trans-

239 855 364 902 latas
400 853 530 900 inter
569 851 873 899 Christianos
909 869 1107 915 graecos
1147 852 1449 916 divulgavit,
1498 852 1623 899 Hist.
1663 851 1791 899 Eccl'.
1830 851 1870 900 I.
1894 869 1934 898 c.
1966 853 2047 905 13.

241 933 290 973 et
324 925 387 973 ΙΙ.
419 942 461 971 c.
492 927 537 976 1.
575 939 871 988 quamquam
895 940 996 970 non
1023 923 1131 988 pari
1169 940 1282 970 cum
1314 924 1514 970 caeteris
1538 960 1550 984 ,
1590 938 1715 986 quae
1741 938 1803 969 ex
1824 923 2048 984 Evange-

236 994 327 1043 liis
355 1002 404 1043 et
436 994 573 1042 Actis
599 994 950 1057 Apostolorum
985 992 1172 1054 hausit,
1209 993 1308 1040 fide
1345 992 1432 1040 has
1471 993 1700 1057 epistolas
1730 992 1944 1040 tradens.
1982 1018 2048 1028 --

187 1085 189 1087 ·
237 1065 466 1128 Imaginis
492 1081 611 1113 vero
641 1063 851 1124 Christi,
888 1064 942 1111 in
973 1060 1306 1131 χειρομάκτρῳ
1341 1079 1599 1128 expressae
1625 1070 1672 1110 et
1703 1063 1766 1110 ad
1801 1063 2050 1127 Abgarum

236 1136 438 1197 missae,
475 1152 630 1199 neque
652 1135 704 1182 in
720 1133 915 1181 Eusebii
942 1135 1141 1199 scriptis
1166 1151 1328 1198 neque
1358 1134 1410 1181 in
1436 1136 1484 1181 S.
1513 1133 1785 1198 Ephraemo
1811 1150 1967 1199 neque
1994 1133 2050 1181 in

239 1207 335 1255 alio
374 1207 538 1270 aliquo
570 1208 805 1270 Syrorum
837 1204 1134 1269 scriptorum
1166 1205 1345 1253 veteris
1377 1205 1485 1252 aevi
1514 1205 1748 1251 memoria
1782 1205 1865 1252 vel
1890 1205 2050 1252 vesti·
2096 1251 2104 1260 ,

192 1290 194 1293 ⁴
237 1279 372 1341 gium
396 1283 577 1324 exstat:
616 1292 711 1340 quo
744 1291 806 1321 ex
833 1275 1025 1322 silentio
1050 1292 1151 1322 non
1180 1282 1375 1339 praeter
1398 1277 1638 1322 rationem
1669 1275 1896 1339 colligere
1926 1273 2050 1322 mihi

237 1348 437 1409 videor,
477 1346 692 1394 fabulam
718 1345 940 1408 imaginis
961 1346 1233 1393 Edessenae
1257 1362 1358 1391 non
1381 1346 1690 1392 manufactae
1713 1353 1933 1411 tempore
1957 1363 2051 1411 po-

223 1419 443 1476 steriore
471 1417 794 1479 excogitatam
828 1408 989 1464 fuisse.
1057 1416 1278 1476 Primus,
1317 1416 1451 1479 apud
1482 1432 1625 1480 quem
1653 1414 1799 1464 huius
1827 1416 2052 1480 imaginis

241 1489 539 1537 mentionem
577 1485 796 1552 reperio,
847 1495 918 1534 est
951 1487 1188 1551 Evagrius
1225 1483 1312 1554 (iu
1349 1487 1474 1534 Hist.
1511 1487 1643 1534 Eccl.
1674 1486 1904 1553 IV.¹cap.
1933 1484 2051 1550 27.)

243 1562 330 1625 qui
354 1559 626 1607 Iustiniano
649 1564 884 1620 regnante
907 1565 1053 1605 natus
1080 1557 1210 1605 circa
1241 1573 1423 1604 annum
1454 1556 1636 1604 Christi
1661 1557 1764 1609 594
1793 1557 2054 1607 historiam

242 1649 380 1680 suam
415 1628 714 1693 composuit3
771 1635 819 1675 et
853 1629 906 1675 in
936 1628 1072 1675 Actis
1112 1627 1310 1675 concilii
1347 1628 1542 1692 septimi
1570 1627 1759 1692 primus
1798 1630 2054 1693 profertur

241 1701 467 1764 imaginis
492 1699 631 1747 testis
654 1699 786 1746 idem
811 1698 1051 1760 Evagrius
1077 1698 1277 1763 (p.313.
1309 1698 1385 1748 ed.
1409 1695 1679 1763 Harduin.)
1747 1699 1803 1746 In
1832 1700 2055 1764 scripto—

238 1774 377 1823 ribus
410 1769 688 1818 christianis
712 1770 1019 1832 sequentium
1049 1769 1357 1816 saeculorum
1389 1769 1618 1832 frequens
1643 1776 1715 1816 est
1739 1770 1843 1817 eius
1864 1788 2055 1818 memo-

238 1845 340 1905 ria3
379 1850 428 1888 et
452 1840 803 1888 Constantinus
832 1839 1299 1904 Porphyrogenneta
1323 1839 1519 1903 longam
1549 1839 1818 1888 orationem
1845 1842 1904 1889 de
1926 1842 2056 1889 ima-

238 1915 349 1980 gine
370 1913 620 1962 Edessena
641 1911 855 1976 scripsit,
893 1911 1092 1976 plenam
1115 1910 1416 1959 fabularum:
1454 1927 1558 1958 non
1582 1927 1699 1959 vero
1723 1911 2052 1973 dissimulans,

239 2003 292 2034 se
320 1987 499 2034 famam
527 1982 693 2046 sequi,
733 1998 858 2045 quae
1959 1982 1962 1988 ’

581 2053 853 2101 Mobilitate
877 2052 1011 2115 viget
1034 2050 1259 2116 viresque
1285 2053 1497 2116 acquirit
1521 2052 1713 2115 eundo;

241 2134 290 2177 et
315 2124 588 2191 prudenter
621 2124 880 2170 adiiciens:
918 2123 1064 2186 longo
1100 2123 1334 2186 temporis
1366 2124 1577 2172 decursu
1598 2123 1856 2172 historiam
1881 2141 2054 2189 saepe-

207 2214 209 2216 ’
238 2213 448 2245 numero
483 2213 511 2242 a
539 2195 745 2243 veritate
776 2194 1019 2241 aberrare.
1055 2221 1126 2231 —
1165 2194 1398 2241 Occurrit
1431 2193 1555 2242 mihi
1587 2195 1896 2258 coniectura,
1932 2213 2055 2245 num

238 2267 394 2332 ipsius
424 2265 619 2314 Eusebii
646 2265 794 2312 verba
816 2263 934 2311 huic
958 2264 1182 2327 imaginis
1215 2264 1406 2312 fabulae
1440 2283 1604 2312 ansam
1643 2265 1894 2328 dederint,
1932 2283 2054 2314 num

240 2339 504 2387 doctorum
526 2335 704 2400 aliquis
728 2334 1107 2382 christianorum
1124 2336 1292 2382 locum
1313 2334 1487 2384 histor.
1511 2336 1630 2387 eccl.
1647 2335 1758 2386 libr.
1775 2336 1836 2384 ΙΙ.
1858 2353 1965 2402 cap.
1981 2340 2056 2390 1.:

239 2409 538 2472 „civitatem
571 2407 932 2454 Edessenorum
975 2400 1038 2456 οὕ
1079 2402 1228 2470 τυχόν
1269 2404 1598 2472 ἐπιφέρεσθαι
1630 2407 1804 2472 δεῖγμα
1840 2410 1930 2472 τῆς
1964 2410 2056 2458 τοῦ

242 2483 461 2544 σωτῆρος
484 2477 630 2544 ’ἡμῶν
667 2477 737 2535 εἰς
763 2471 947 2536 αὐτοῦς
981 2472 1298 2543 εὕεργεσίας”
1336 2493 1473 2525 more
1509 2477 1780 2524 talmudico
1808 2477 2054 2525 frustatim

243 2549 528 2613 discerpens
569 2564 630 2594 ex
666 2564 768 2594 uno
803 2547 954 2594 verbo
985 2548 1184 2610 longam
1212 2547 1547 2594 narrationem
1573 2546 1868 2610 deduxerit,
1905 2555 2054 2613 atque

239 2619 500 2682 imaginem
524 2618 735 2680 aliquam
749 2655 761 2678 ,
800 2618 1008 2665 Edessae
1031 2618 1159 2665 forte
1177 2624 1446 2681 repertam,
1481 2617 1611 2664 illud
1633 2611 1694 2667 οὐ
1714 2614 1862 2683 τνχδν
1882 2619 2056 2686 δεῖγμα

206 2700 208 2702 ’
240 2693 332 2756 τῆς
355 2692 446 2739 τοῦ
470 2692 690 2753 σωτῆρος
713 2683 991 2752 εὐεργεσίας
1014 2704 1115 2735 esse
1130 2724 1143 2748 ‚
1180 2686 1528 2751 interpretatus
1552 2686 1629 2734 sit.

383 2760 464 2806 Sic
484 2775 593 2824 pag.
614 2760 734 2811 328.
764 2757 820 2808 D.
843 2756 1023 2820 tradit,
1060 2758 1299 2819 Pilatum,
1336 2756 1502 2805 relatis
1526 2757 1589 2805 ad
1611 2757 1892 2822 Tiberium,
1929 2775 2055 2825 quae

301 2896 382 2952 28)
409 2895 458 2937 In
479 2896 570 2938 loco
593 2896 773 2967 Georgii
796 2894 917 2952 plura
944 2909 970 2938 a
995 2893 1179 2937 librariis
1209 2897 1409 2951 corrupta
1437 2910 1531 2938 esse
1555 2895 1769 2940 videntur.
1798 2918 1855 2929 —
1884 2896 2057 2952 Θωμᾶς

361 2955 597 3004 Θαδδαῖος
631 2951 935 3004 εἰςἘδεσσαν
963 2953 1039 2996 καὶ
1067 2950 1243 3001 Ἰούδας
1263 2951 1380 2996 κατὰ
1411 2954 1547 2998 θεῖον
1566 2952 1769 3010 χρησμὸν
1794 2951 2056 3009 ἐξέπεμψαν

356 3007 747 3067 εὐαγγελίσασθαι.
815 3013 984 3053 Goarus
1018 3014 1174 3052 mutan
1208 3011 1377 3064 Θωμᾶς
1411 3011 1488 3054 καὶ
1525 3008 1704 3062 Ἰούδας
1741 3013 1980 3056 Θαδδαῖον
2011 3027 2053 3056 κ.

354 3085 395 3111 τ.
419 3072 456 3111 λ.
518 3069 614 3124 Ego
643 3068 877 3110 Eusebium
902 3081 1082 3124 sequens
1105 3067 1225 3120 lego:
1258 3068 1430 3121 Θωμᾶς
1460 3064 1484 3111 ὁ
1516 3066 1691 3119 Ἰούδας
1716 3069 1978 3113 Θαδδαῖον
1996 3095 2016 3103 -
2034 3094 2055 3103 -

356 3123 638 3181 ἐξέπεμψεν.
678 3125 790 3169 Dein
824 3139 975 3167 nomen
1006 3125 1121 3179 regis
1149 3124 1357 3166 Edesseni
1380 3125 1424 3167 in
1459 3126 1649 3181 Georgio
1683 3126 1842 3181 legitur
1873 3123 2054 3183 At‘yoe-

357 3199 483 3240 ρος,·
511 3185 556 3225 in
577 3182 724 3226 codice
747 3183 868 3237 regio
900 3181 1133 3225 Parisiensi
1160 3181 1336 3223 Eusebii
1365 3181 1506 3224 ubivis
1535 3183 1739 3238 scriptum
1769 3188 1837 3227 est
1859 3181 2053 3242 ’Ἀγβα-

356 3258 382 3298 ρ
396 3258 420 3284 ο
434 3256 483 3292 ς,·
512 3241 556 3282 in
577 3240 732 3296 optimo
756 3253 860 3282 vero
882 3238 1059 3282 Eusebii
1081 3237 1227 3280 codice
1251 3238 1471 3281 Mazarino
1492 3244 1559 3281 est
1584 3234 1708 3298 ’Ἁβγ
1722 3255 1791 3293 ap
1805 3258 1829 3286 ο
1843 3256 1889 3292 ς,
1919 3247 1964 3285 et
1989 3241 2053 3285 ita

355 3297 530 3341 nummis
555 3312 723 3353 quoque
748 3297 828 3338 hoc
850 3311 998 3339 nomen
1028 3295 1279 3351 insculptum
1312 3301 1404 3347 est,
1435 3299 1481 3338 et
1513 3295 1706 3351 proxime
1738 3298 1794 3341 ad
1824 3298 1931 3341 hanc
1961 3298 2049 3341 for-

355 3370 460 3398 mam
490 3354 668 3397 nominis
701 3353 804 3396 ordo
835 3354 1068 3396 litterarum
1098 3353 1143 3404 in
1175 3348 1443 3407 Αὕγαρος
1462 3354 1642 3398 accedit.
1671 3377 1728 3385 —-
1770 3351 2049 3399 ἀποστέλ-

359 3417 436 3456 λω
466 3427 563 3463 σοι,
604 3411 721 3466 lego:
765 3405 1012 3455 ἀποστελῶ.
1040 3434 1097 3441 -
1138 3410 1215 3454 ἵνα
1246 3407 1533 3454 ἰάσονταί
1567 3423 1642 3462 σε,
1677 3412 1798 3467 lego:
1825 3410 2050 3458 ἰάσωνταί

359 3483 423 3515 σε.
451 3494 508 3502 -
536 3467 791 3525 δεσπότην
819 3467 1016 3527 σέβουσα
1040 3468 1324 3527 χαρακτῆρα,
1354 3468 1473 3525 lege:
1502 3466 1778 3515 δεσπότου.
