2222 3938
312 173 438 236 424
457 149 459 151 ’
951 180 1524 240 EMENDATIONES

159 309 210 355 V.
237 311 296 356 33
461 314 670 383 Πρῶτος
691 314 792 364 τῶν
805 311 860 372 ἓξ
881 312 969 377 τῆς
995 306 1066 372 ιζ’.
1094 312 1417 377 δυναστείας.]
1443 313 1668 372 Quorum
1688 313 1892 362 nomina
1915 314 1975 363 ab
2003 311 2142 363 Afri-

317 402 441 434 cano
484 393 713 434 tacentur
751 401 802 448 p.
842 386 927 435 61.
969 389 1183 447 quatuor
1226 391 1422 431 tantum
1458 385 1517 431 ab
1558 385 1766 432 Eusebio
1817 393 2143 434 numerantur

315 473 427 522 pag.
464 460 548 510 62.
587 455 766 502 citata.
805 469 868 499 ex
899 469 998 516 quo
1030 452 1257 517 crimen,
1297 461 1345 501 et
1386 455 1583 518 Georgii
1624 455 1866 520 querelae.
1938 458 2036 504 Sex
2058 455 2144 504 isti

315 533 537 613 pastores
561 540 725 587 reges,
762 530 811 570 et
834 522 992 587 Hycsi
1012 523 1223 588 Iosepho
1251 527 1540 589 nuncupati.

453 590 717 662 Ἀοχὸνδης
756 592 837 658 ε’τη
873 588 939 643 λε’
944 593 984 658 .]
1034 594 1174 642 Solos
1207 598 1287 648 13.
1321 612 1475 642 annos
1512 596 1730 660 Scaliger
1760 596 1881 645 huic
1908 595 2142 662 imputat.

316 668 538 730 Uterque
563 682 682 712 velo
713 663 817 711 eius
839 663 982 726 regni
1002 663 1143 711 limes
1169 664 1465 728 Scaligerum
1494 666 1634 714 annis
1651 673 1734 721 22.
1758 683 1931 716 errare
1942 668 2144 717 demon-

318 744 478 785 strat.-
533 735 645 801 Ipse
682 733 944 799 proprium
975 733 1176 782 damnat
1217 752 1435 784 errorem
1469 736 1724 786 Canonum
1773 739 1928 804 Isago.
1967 738 2056 787 lib.
2092 744 2144 792 2.

314 824 429 874 pag·
458 809 576 859 130.
607 812 655 852 et
681 820 833 852 annos
858 805 941 857 35.
967 793 1202 852 restituit.

465 879 568 926 Τοῦ
587 872 642 925 δὲ
666 870 857 940 κόσμου
883 868 951 939 ἦν
977 874 1082 934 ἔτος
1109 870 1267 941 ytpog'
1273 875 1306 941 .]
1343 876 1419 924 Ita
1455 877 1796 957 reponendum
1829 871 2006 948 790’772'.
2033 877 2147 926 vice

315 963 472 1010 aequa
499 945 793 994 numerandi
814 947 940 993 ratio
967 946 1155 993 suadet.
1206 946 1424 995 Nitocris
1450 949 1579 995 enim
1602 965 1807 1011 regnum
1834 967 1963 997 anno
1991 949 2147 1003 3570.

316 1016 593 1081 auspicata,
630 1033 717 1063 sex
750 1015 889 1063 annis
924 1015 1053 1063 illud
1091 1016 1335 1065 obtinuit.
1383 1034 1435 1064 ea
1477 1026 1686 1083 propter
1715 1036 1968 1068 successor
2001 1021 2149 1082 Myr-

313 1095 453 1136 taeus
480 1087 875 1134 Ammonodotus
893 1086 1095 1133 initium
1122 1087 1201 1133 sui
1237 1088 1431 1151 vulgari
1458 1089 1634 1135 mundi
1665 1105 1794 1136 anno
1829 1093 1986 1144 3576.
2016 1089 2147 1139 fixit.

321 1158 382 1207 At
404 1159 445 1205 si
475 1158 585 1222 quis
611 1157 674 1204 ad
700 1174 882 1204 annum
907 1157 1061 1209 3598.
1112 1155 1394 1205 Nitocrim
1379 1159 1644 1223 imperium
1666 1171 1957 1223 prorogasse
1981 1160 2149 1225 suspi-

318 1236 480 1276 cetur:
521 1228 638 1275 exin
669 1234 901 1290 arguetur
935 1227 1057 1273 falsa
1085 1227 1395 1292 suspicatus,
1436 1229 1569 1292 quod
1601 1245 1760 1276 annus
1802 1234 1956 1283 3598
1983 1238 2043 1277 ut
2070 1246 2149 1278 se·-

319 1315 475 1362 quens
523 1297 858 1346 Thebaeorum
902 1313 1074 1359 regum
1115 1297 1413 1345 laterculum
1452 1297 1735 1344 manifestat
1779 1316 1888 1362 pag.
1927 1301 2044 1353 105.
2086 1300 2144 1351 A.

317 1368 657 1417 Thuosimaris
694 1366 903 1432 impeiio
942 1366 1092 1412 fuerit
1127 1373 1466 1413 consecratus·
1506 1382 1792 1430 praecessor
1815 1377 1979 1416 autem
2004 1370 2148 1434 Myr-

318 1447 473 1487 taeus
487 1438 628 1489 annis
657 1443 744 1492 22.
770 1443 966 1500 sceptra
999 1443 1252 1483 tenuerat:
1289 1436 1385 1483 iam
1412 1436 1566 1499 igitur
1591 1436 1651 1483 ab
1688 1454 1819 1485 anno
1849 1441 2003 1494 3576.
2046 1457 2146 1507 quo

315 1509 534 1559 Nitocris
560 1507 747 1556 exactis
771 1509 909 1570 regni
935 1523 1022 1554 sex
1045 1505 1185 1553 annis
1209 1506 1314 1554 vita
1345 1507 1632 1555 decesserat.

468 1583 570 1630 Τοῦ
606 1575 661 1628 δὲ
689 1573 872 1643 κόσμου
896 1569 964 1642 ἧν
997 1576 1103 1636 ε’τος
1127 1572 1299 1646 γυμβ’.
1304 1576 1328 1641 ]
1364 1577 1472 1625 Hoc
1505 1578 1640 1626 aliud
1665 1577 1877 1627 Librarii
1911 1579 2145 1628 mendum

316 1650 529 1698 tollitur.
587 1648 831 1697 Thelxion
860 1665 989 1695 anno
1014 1648 1187 1695 mundi
1215 1651 1367 1701 3390.
1393 1649 1626 1709 ineunte,
1662 1657 1721 1695 ut
1744 1666 1768 1696 e
1795 1650 2145 1713 Sicyoniorum

317 1737 490 1783 regum
512 1720 837 1784 praecedente
862 1719 1208 1782 diagrammate
1233 1734 1342 1783 pag.
1372 1723 1487 1771 102.
1512 1720 1563 1768 C.
1590 1719 1771 1782 legenti
1795 1727 1932 1784 patet
1950 1754 1962 1776 ,
2003 1721 2144 1784 regni

319 1800 652 1854 consequutus
676 1788 916 1852 insignia,
958 1804 1238 1852 supremam
1267 1795 1559 1852 potestatem
1602 1789 1744 1837 annis
1783 1794 1868 1845 52.
1897 1791 2145 1841 exercuit:

318 1878 423 1910 non
444 1860 598 1922 igitur
626 1860 721 1907 alio
750 1876 897 1923 quam
921 1859 1076 1912 3442.
1100 1875 1154 1905 ea
1183 1858 1351 1923 potuit
1375 1860 1625 1907 excedere.

458 1932 571 1994 Pag.
603 1930 718 1983 105.
764 1926 904 1989 Τινὲς
925 1925 1014 1980 τόν
1039 1923 1354 1993 αὐτόχθονα]
1382 1930 1597 1993 Reponit
1619 1929 1742 1976 haec
1763 1929 1980 1993 Scaliger
1993 1948 2043 1995 p.
2061 1935 2145 1984 21.

317 2002 381 2049 ad
415 2009 611 2066 tempus
649 2017 746 2065 quo
778 2017 841 2048 ex
878 1999 1023 2047 Iacob
1051 2007 1197 2046 natus
1238 2006 1311 2046 est
1340 2000 1488 2049 Levi:
1537 2008 1585 2047 et
1611 2000 1871 2048 Eusebium
1901 2001 2145 2050 Graecum

319 2071 495 2120 Latino
526 2071 768 2119 contraria
792 2070 1084 2119 sentientem
1109 2069 1378 2134 componit.
1451 2069 1545 2117 Hic
1568 2070 1698 2117 enim
1723 2071 1786 2118 ad
1813 2070 2036 2119 Abrahae
2060 2073 2143 2125 50.

150 2142 205 2187 P.
236 2141 295 2186 36
324 2151 374 2191 et
422 2142 766 2190 Semiramidos
804 2145 890 2195 41.
974 2140 1125 2205 Apud
1174 2141 1395 2201 Cretam,
1444 2140 1632 2202 inquit,
1682 2144 1913 2205 regnavit
1942 2143 2146 2206 primas·

320 2210 437 2262 Cres
472 2211 731 2277 indigena.
801 2213 863 2260 Et
894 2210 1078 2258 iterum
1116 2210 1178 2257 ad
1216 2210 1439 2258 Abrahae
1465 2213 1583 2262 130.
1610 2210 1748 2258 Isaac
1775 2215 1862 2264 30.
1887 2219 1937 2259 et
1977 2212 2145 2260 Arabii

315 2283 636 2348 Assyriorum
678 2281 806 2345 regis
840 2285 891 2334 9.
973 2283 1090 2330 Hoc
1131 2290 1345 2344 tempore
1388 2282 1442 2327 in
1492 2281 1640 2328 Creta
1682 2284 1914 2346 regnavit
1940 2284 2146 2346 primas

327 2355 443 2402 Cres
477 2352 748 2417 indigena,
801 2362 860 2399 ut
903 2351 1117 2416 quidam
1154 2353 1361 2400 volant:
1421 2350 1556 2397 Alii>
1579 2368 1691 2399 vero
1739 2355 2148 2416 suprascriptum

322 2434 513 2487 tempus
535 2422 828 2473 vindicant.-
866 2440 990 2485 quae
1016 2422 1183 2469 eadem
1209 2422 1395 2470 Graece
1421 2421 1657 2484 Georgius
1676 2423 1923 2487 exprimit.
1959 2423 2144 2477 Verum
2212 2445 2213 2449 ¹

318 2496 380 2542 de
409 2495 549 2542 Crete
580 2494 804 2540 nondum
826 2493 1087 2555 loquutus,
1126 2492 1316 2555 aliquid
1350 2492 1447 2539 iam
1476 2509 1527 2539 se
1561 2509 1854 2541 memorasse
1890 2492 2142 2542 affirmans

317 2564 516 2614 Eusebii
541 2563 707 2613 verbis
732 2563 898 2610 minus
921 2579 1036 2610 vere
1062 2578 1114 2610 se
1142 2563 1216 2608 uti
1238 2579 1338 2608 non
1362 2562 1728 2611 animadvertit.

453 2630 869 2698 Ἀφυπυώσαντος
894 2636 984 2683 τοῦ
1004 2627 1229 2699 Ἀβραὰμ.
1257 2635 1327 2701 τῷ
1349 2627 1418 2681 ιε’.
1445 2630 1540 2681 ἔτει
1567 2635 1660 2681 τοῦ
1681 2627 1887 2698 Ἰακώβ]
1958 2632 2048 2681 His
2077 2650 2141 2682 ex

321 2703 530 2768 Iosepho
555 2704 721 2752 relatis
747 2704 822 2751 nil
851 2703 1008 2751 simile
1032 2701 1257 2767 profert
1243 2719 1350 2766 ipse
1375 2701 1631 2766 Iosephus.
1672 2701 1956 2760 Quinimmo
1979 2703 2065 2754 lib
2092 2708 2142 2756 1.

318 2774 521 2837 Antiqu.
549 2792 653 2839 cap
675 2778 756 2827 18.
784 2781 900 2838 post
924 2782 1133 2822 mortem
1157 2771 1380 2820 Abrahae
1404 2773 1614 2818 natalem
1640 2772 1782 2819 Iacob
1803 2771 1932 2819 diem
1955 2774 2139 2822 1efert:

316 2839 484 2913 Ἰσακω
510 2842 563 2893 δὲ
585 2862 704 2909 μετα
733 2848 823 2895 τοῦ
846 2839 963 2910 Ἀβο
970 2839 1100 2908 οἵμου
1122 2839 1352 2907 τελευτην
1377 2837 1509 2892 ἐκύει
1531 2838 1583 2891 τὸ
1610 2836 1834 2908 γύναιον.
1881 2845 2137 2906 Defuncto

318 2933 432 2964 vero
451 2896 569 2962 Ahr
570 2914 781 2977 alzamo,
819 2931 943 2961 uxor
965 2915 1101 2962 13αοιὶ
1119 2913 1324 2977 gerebat
1343 2921 1553 2961 aterum.
1627 2911 1760 2958 Haec
1787 2912 1954 2960 eadem
1985 2914 2138 2963 verbo

319 2993 466 3033 tenus
501 2985 750 3033 Cedrenus
790 2984 1022 3032 editionis
1070 2983 1247 3048 Regiae
1283 2998 1392 3049 pag.
1422 2984 1510 3035 33.
1558 2980 1686 3029 nulli
1733 2987 1899 3031 tamen
1939 2983 2139 3037 authori

322 3056 447 3103 ascli
470 3062 557 3104 ita.

451 3074 641 3193 ΙΤςιὶ>”’
570 3117 654 3189 με’
682 3122 775 3173 ἔτει
796 3119 1001 3189 Ἰακώβ]
1029 3122 1204 3170 Annus
1220 3121 1366 3169 Iacob
1387 3120 1471 3174 45.
1497 3119 1640 3169 debet
1663 3138 1768 3171 esse
1788 3123 1964 3172 mundi
1980 3125 2137 3180 3517.

322 3197 402 3245 vel
425 3196 579 3249 3518
605 3194 749 3242 iuxta
776 3194 1066 3242 alterutrum
1094 3200 1383 3258 computum
1406 3190 1666 3258 hucusque
1695 3194 1756 3241 ab
1789 3193 2011 3243 Authore
2043 3196 2138 3244 ob-

318 3274 581 3317 servatum.

453 3335 509 3386 ‘0
535 3329 826 3401 Ἀφρικανός
849 3328 917 3392 οζ’
922 3370 933 3382 .
957 3330 1078 3382 ἐτῶν
1099 3329 1227 3398 λέγει
1254 3331 1421 3383 ἐλθεῖν
1439 3331 1528 3384 τὸν
1547 3327 1761 3399 Ἰακώβ]
1800 3333 2016 3382 Assentit
2036 3333 2136 3382 Eu-

321 3407 480 3456 sebius
505 3405 767 3466 Africano,
802 3419 978 3466 eosque
1011 3410 1283 3465 sequuntur
1306 3403 1610 3453 Biblicorum
1645 3405 1897 3452 annalium
1920 3405 2134 3468 scripto-.-

318 3496 396 3528 res
423 3475 702 3527 Torniellus
726 3482 774 3523 et
795 3473 1035 3523 Salienus..
1072 3472 1234 3521 Huius
1262 3482 1525 3540 computus
1548 3479 1843 3530 3111102276.
1867 3482 1940 3523 est
1965 3473 2134 3523 huius-
