2222 3938
332 173 457 235 494
971 183 1550 243 EMENDATIONES

476 309 930 383 Ναβουχοδονόσορ
958 307 1019 365 κ’.
1047 313 1157 378 ἔτει,
1188 311 1378 382 κόσμου
1409 315 1463 369 δὲ
1484 312 1663 389 ,δῇἆδᾊ
1699 320 2161 373 Nabuchodonosor

330 400 492 434 *annus
521 388 788 453 vigesimus
827 385 1007 434 mundi
1043 387 1200 441 4908.
1234 387 1488 452 illigatur,
1535 406 1596 438 ex
1634 393 1884 458 corruptis
1919 394 2159 442 Authoris

333 457 558 509 calculis.
633 458 792 505 Aliam
813 473 1135 504 numerorum
1157 458 1402 507 rationem
1426 462 1619 525 profert
1645 464 1885 528 Georgius
1909 482 2020 530 pag.
2039 466 2159 519 225.

328 529 475 577 litera
507 529 568 578 D.
607 536 657 575 et
689 528 994 575 devastatam
1026 528 1332 578 Hierusalem
1360 547 1491 579 anno
1525 534 1702 583 mundi
1741 535 1896 588 4903.
1921 543 2159 586 recenset.

330 599 410 647 Ad
444 615 557 646 eum
585 597 736 662 igitur
771 599 946 646 mundi
978 598 1132 653 4904.
1158 608 1207 648 et
1239 599 1698 653 Nabuchodonosor
1721 605 1989 668 vigesimus
2016 623 2161 654 com-

329 676 587 734 parantur.
658 669 843 717 Errant
866 687 1019 734 porro
1046 686 1172 734 quae
1196 672 1382 738 scripta
1413 682 1533 722 sunt
1562 675 1617 722 in
1640 677 1877 740 margine.
1915 678 2161 742 σημείωσε

327 737 403 792 ὅτι
426 735 507 790 κε’.
533 742 626 789 τοῦ
650 736 1122 806 Ναβουχοδονόσορ.

478 813 582 860 Τοῦ
608 808 662 860 δὲ
687 808 875 875 κόσμου
903 808 1117 880 ,ὁῨᾼλοίῂ
1148 810 1504 863 Chaldaeorum
1529 832 1700 880 regum
1723 816 2086 866 redundantem
2111 824 2162 865 et

328 896 589 929 erroneum
633 883 884 930 calculum
929 882 1157 946 sequitur
1199 882 1283 930 hic
1328 900 1580 938 numerus.
1654 887 1988 936 correctionis
2021 885 2162 935 indi-

326 968 435 999 cem
475 951 530 998 in
566 953 839 1017 marginem
879 953 1042 1005 retuli.
1124 955 1250 1018 Lege
1297 965 1587 1020 sequentem
1635 957 1872 1023 marginis
1918 959 2160 1008 observa-

325 1021 532 1071 tionem.

468 1095 582 1156 Pag.
619 1096 738 1147 231.
783 1087 943 1154 Οὗτος
963 1091 1052 1144 τόν
1077 1091 1195 1146 υἱόν
1221 1087 1456 1163 Ἰωακεὶμ,
1491 1092 1759 1163 Ἰεχονίαν]
1796 1098 1981 1148 Prioris
2008 1097 2161 1147 Chal-

328 1163 564 1212 daeorum
599 1164 728 1226 regis
763 1165 943 1212 Evilad
979 1165 1248 1213 Merodach
1285 1168 1427 1215 fastis
1463 1186 1696 1233 praesens
1730 1169 1952 1217 narratio
1992 1169 2162 1218 ascri-

325 1234 505 1284 benda.
581 1236 800 1282 haecum
827 1246 897 1282 est
923 1238 979 1283 in
1004 1254 1135 1284 anno
1163 1239 1420 1301 trigesimo
1449 1242 1655 1303 septimo
1690 1242 2162 1303 transmigrationis

327 1305 557 1354 Ioaclzc'm
592 1308 727 1370 regis
755 1306 924 1369 «Iuda,
972 1325 1133 1354 mense
1177 1306 1500 1371 duodecimo,
1548 1313 1798 1375 vigesima
1823 1313 2047 1375 'septima
2080 1309 2162 1358 die

327 1379 540 1442 mensis,
577 1377 862 1424 sublevavit
885 1377 1242 1426 Evilmerodac
1268 1397 1354 1426 rex
1378 1381 1666 1444 Babylonis
1691 1399 1824 1428 anno
1854 1399 1953 1446 quo
1979 1400 2162 1447 regna-

326 1466 380 1494 re
406 1457 647 1512 coeperat,
675 1458 832 1512 caput
856 1449 1085 1497 Joaclzim
1113 1452 1248 1514 regis
1264 1449 1397 1498 Iuda
1420 1450 1480 1498 de
1500 1469 1707 1502 carcere.
1735 1453 1785 1506 4.
1809 1453 1924 1516 Reg.
1949 1469 2058 1517 cap.
2077 1453 2160 1506 25.

326 1536 481 1583 quare
506 1519 822 1568 scribendum
843 1520 898 1568 in
921 1528 1068 1569 textu
1089 1516 1324 1588 Ἰωαχείμ.
1398 1522 1581 1572 Eadem
1612 1540 1724 1590 pag.
1763 1523 2049 1589 praeeuntis
2080 1523 2161 1572 lit.

322 1589 380 1637 D.
407 1591 552 1639 lecta.

476 1679 579 1726 Τοῦ
605 1673 659 1727 δὲ
685 1671 879 1743 κόσμου
911 1669 1130 1747 Ιδπδκαῖη]
1177 1672 1263 1728 Ἐν
1299 1674 1471 1738 ἄλλοις
1498 1698 1545 1729 τι
1572 1672 1863 1746 διήμαρτον.
1925 1677 1998 1734 ι1η
2037 1679 2161 1743 qul-

323 1744 545 1793 busdam
577 1748 756 1811 lapsus
788 1766 902 1796 sum
937 1757 984 1794 et
1011 1751 1250 1812 peccavi:
1288 1750 1464 1797 scribit
1500 1749 1698 1798 Author
1740 1749 1905 1815 pagin.
1944 1752 2062 1803 228.
2105 1750 2160 1799 C.

324 1817 490 1877 Quam
515 1819 783 1866 verissime.
858 1820 1038 1878 Quoad
1061 1819 1321 1868 Medorum
1350 1820 1480 1869 enim
1511 1836 1683 1883 regum
1705 1828 1956 1886 tempora,
1995 1827 2045 1868 et
2067 1819 2161 1868 de-

324 1888 555 1951 ductam,
597 1906 659 1936 ex
695 1907 864 1937 eorum
901 1891 1210 1954 temporibus
1245 1907 1514 1953 summam,
1552 1899 1737 1955 septem
1778 1891 1980 1955 integris
2018 1890 2161 1938 annis

320 1957 406 2006 hic
437 1967 629 2025 peccat.
703 1961 970 2025 Astyages,
1007 1960 1194 2025 inquit,
1233 1962 1374 2010 annis
1415 1969 1529 2008 octo
1566 1979 1716 2026 supra
1745 1962 1950 2025 triginta
1974 1977 2161 2025 regna-

317 2029 424 2091 vit,
463 2037 513 2078 et
551 2047 578 2077 a
615 2032 823 2079 conditu
858 2031 1033 2078 mundi
1057 2048 1188 2079 anno
1220 2032 1375 2086 4921.
1403 2033 1644 2095 regnandi
1673 2033 1795 2080 fecit
1828 2031 2056 2079 initium:
2097 2030 2161 2079 ad

319 2118 504 2148 annum
536 2100 702 2166 itaque
726 2102 879 2155 4958.
905 2119 1113 2165 regnum
1136 2103 1400 2167 protraxit.
1475 2104 1549 2149 En
1587 2110 1752 2150 tamen
1775 2109 1833 2150 ut
1859 2103 2017 2167 Cyrus
2042 2119 2161 2150 suc·-

320 2188 487 2219 cessor
514 2179 562 2218 et
586 2172 787 2220 invasor
814 2172 917 2219 eius
945 2174 1227 2237 tyrannidis
1253 2191 1280 2220 a
1309 2172 1483 2221 mundi
1508 2173 1664 2227 4952.
1691 2173 1817 2221 solio
1847 2189 1960 2221 eum
1985 2173 2160 2221 detur-

316 2241 432 2304 bat3
473 2242 748 2307 quinimmo
789 2243 1027 2306 Georgius
1064 2244 1170 2310 ipse
1195 2251 1307 2292 octo
1345 2251 1393 2292 et
1427 2243 1631 2307 triginta
1671 2243 1814 2291 annis
1852 2261 1965 2292 eum
1995 2244 2160 2309 impe-

315 2330 451 2362 rasse
488 2314 772 2377 frequenter
806 2322 1034 2379 repetens
1051 2353 1065 2372 ,
1101 2332 1344 2363 annorum
1384 2323 1574 2379 septem
1600 2315 1768 2363 locum
1795 2315 1849 2362 in
1872 2314 2048 2363 mundi
2073 2331 2160 2362 ae-

317 2391 422 2432 tate
455 2384 714 2451 praeripit.
799 2385 1023 2433 Dicemus
1052 2385 1255 2451 Astyagi
1292 2389 1376 2439 31.
1417 2386 1664 2434 duntaxat
1702 2402 1859 2434 annos
1895 2385 2161 2452 imputan-

322 2455 446 2502 dos‘?
493 2456 551 2503 In
591 2457 855 2504 adversum
894 2465 1160 2505 occurrent
1201 2474 1488 2505 communes
1526 2456 1956 2521 Chronologorum
1992 2472 2158 2518 voces,

319 2525 520 2574 Eusebii
547 2527 786 2590 maxime,
825 2527 1051 2592 Astyagis
1086 2545 1241 2576 annos
1267 2530 1352 2580 38.
1387 2527 1736 2584 contestantis,
1776 2527 1974 2576 resistet
2001 2526 2159 2577 Medis

319 2597 516 2660 regibus
541 2606 591 2646 et
617 2616 788 2647 eorum
816 2599 1026 2664 imperio
1057 2598 1116 2647 ab
1144 2599 1334 2647 Arbace
1362 2598 1541 2664 primo*
1555 2598 1619 2646 ad
1641 2599 1902 2663 Astyagem
1921 2598 2157 2646 ultimum

322 2667 648 2716 ducentorum
677 2677 726 2718 et
749 2670 1065 2736 septuaginta
1091 2670 1314 2736 quinque
1349 2686 1594 2718 annorum
1624 2685 1887 2730 numerus,
1923 2685 1951 2714 a
1979 2667 2158 2715 mundi

319 2737 558 2786 nimirum
585 2741 739 2794 4676.
771 2741 834 2788 ad
863 2740 1084 2789 eiusdem
1109 2741 1262 2795 4951.
1293 2740 1351 2788 ab
1379 2739 1488 2805 ipso
1520 2739 1730 2804 Georgio
1769 2745 1986 2786 assertus
2023 2738 2158 2787 intra

319 2825 431 2873 Pag-
457 2809 577 2862 359.
612 2811 844 2874 quocirca
867 2811 1124 2860 Medorum
1150 2811 1302 2859 alicui
1336 2811 1560 2876 Principi
1591 2826 1747 2858 annos
1787 2816 1974 2875 septem
2005 2808 2158 2857 inde-

317 2878 452 2926 bitos
476 2879 678 2929 incauta
700 2899 851 2930 manu
875 2883 1000 2930 salso
1037 2882 1278 2948 ascriptos
1303 2899 1408 2929 non
1435 2890 1507 2930 est
1534 2879 1894 2944 ambigendum.
1941 2879 2016 2927 Ac
2039 2896 2156 2928 cum

320 2948 588 3015 Aphaarti,
628 2969 772 3016 quem
798 2952 1091 3005 Phraortem
1114 2953 1290 3002 scribit
1312 2952 1566 3014 Eusebius,
1605 2969 1632 2998 a
1663 2949 1874 3014 Georgio
1905 2950 2156 3015 quinqua-

320 3019 458 3084 ginta
480 3029 529 3069 et
556 3038 710 3084 unus,
750 3024 809 3070 ab
839 3024 1050 3072 Eusebio
1075 3024 1170 3072 soli
1195 3024 1282 3078 24.
1306 3023 1424 3069 anni
1450 3022 1550 3070 sint
1574 3020 1824 3083 attributi,
1854 3028 2044 3086 septem
2064 3037 2156 3068 su·-

319 3090 539 3156 perfluos
570 3110 598 3140 a
623 3093 832 3156 Georgio
864 3112 1121 3143 concessos
1143 3094 1339 3142 nullum
1361 3092 1640 3157 periculum
1663 3099 1736 3140 est
1762 3091 2021 3157 suspicari.
2078 3090 2155 3139 Il·-

320 3162 396 3209 los
423 3162 615 3211 idcirco
639 3163 931 3213 rescindunt
971 3165 1291 3213 correctiores
1325 3162 1389 3210 ad
1416 3161 1651 3211 Authoris
1678 3163 1969 3211 sententiam
1995 3179 2023 3209 a
2046 3178 2155 3209 no-

318 3232 396 3280 bis
425 3234 584 3282 editae
604 3234 818 3296 tabulae,
858 3253 980 3299 quae
1009 3252 1118 3284 cum
1144 3234 1401 3283 Medorum
1427 3250 1597 3298 regum
1617 3251 1772 3282 annos
1791 3233 1846 3280 in
1868 3233 1988 3287 275.
2016 3249 2155 3280 sum-

321 3320 450 3351 mam
489 3304 720 3369 colligat,
755 3313 1002 3371 repertam
1039 3305 1175 3370 apud
1208 3304 1477 3352 Eusebium
1511 3321 1684 3370 regum
1717 3303 2002 3353 eorumdem
2029 3302 2151 3357 252.

321 3371 585 3423 homadem
615 3376 805 3440 aliquot
831 3375 996 3424 adhuc
1022 3376 1163 3424 annis
1201 3382 1476 3440 exsuperat.

467 3443 611 3497 Κατοέ
647 3444 738 3513 μὲν
770 3449 872 3498 τῶν
903 3449 1268 3514 μαθηματικῶν
1294 3440 1488 3498 κανόνα
1514 3441 1648 3516 ροε’.]
1699 3445 1774 3496 Ita
1810 3459 1922 3511 pag.
1951 3444 2071 3498 208.
2094 3439 2150 3488 B·

321 3517 592 3566 correctius
612 3517 835 3584 legimus,
