2222 3938
651 179 750 234 ET
786 179 1376 236 ANNOTATIONES.
1802 174 1922 232 481

108 316 190 366 19.
219 309 600 374 Neregasolarus
623 311 916 375 appellatur.
963 311 1136 359 Darios
1160 313 1394 375 Astyages
1416 308 1722 371 exsibilasse,
1743 317 1792 358 et
1816 311 1926 376 χρό.

103 375 447 448 ’νοληρολόγων
466 381 656 428 insulas
677 382 916 445 relegasse
938 399 989 430 se
1010 381 1162 429 iactat
1196 382 1413 445 Scaliger
1430 381 1655 428 Animad.
1684 396 1793 445 pag.
1811 384 1931 434 257,

103 452 294 516 Egisset
320 468 437 499 sane
462 451 607 499 etiam
633 454 788 519 λῆρον
819 455 1014 518 ληρῶν,
1055 451 1152 500 nisi
1181 469 1328 516 quem
1352 451 1467 501 sede
1492 455 1576 505 20.
1611 452 1810 516 reponit
1837 451 1932 499 Na-

102 522 318 572 bonidus
342 521 473 569 idem
498 529 641 583 esset,
680 538 824 586 quem
855 522 1092 586 Georgius
1116 522 1381 586 Astyagem
1403 529 1570 583 vocat,
1607 521 1669 569 de
1694 538 1792 586 quo
1817 521 1931 571 loco

102 592 264 659 priori
298 591 451 639 citato
478 592 695 654 Scaliger
720 593 852 657 ipset
889 593 986 640 Hic
1017 593 1174 641 Medis
1202 593 1470 654 oriundus,
1508 593 1642 640 unde
1667 591 1934 656 cognomi-

103 670 250 711 natus
281 663 457 711 Darius
492 662 686 723 Medes‚
741 671 919 710 exutus
955 671 1027 711 est
1059 663 1266 728 imperio
1305 682 1333 710 a
1368 664 1514 726 Cyro.
1588 662 1736 721 Quod
1776 662 1933 710 Medis

105 733 308 798 quidem
343 741 534 794 ortum,
571 740 622 779 at
658 733 811 781 Medis
844 751 946 780 non
983 733 1251 798 imperasse
1287 733 1559 796 intelligat,
1607 750 1671 780 ex
1703 732 1937 798 superius

104 806 167 852 de
191 803 525 868 Assyriorum,
560 803 830 865 Medorum,
869 812 917 852 et
941 803 1298 852 Chaldaeorum
1326 803 1691 869 principatibus
1713 820 1741 850 a
1769 803 1931 851 Geor-

104 875 186 937 gio
212 874 411 938 scriptis
435 873 548 920 salsi
575 874 906 922 convincitur.
961 875 1034 921 Ad
1057 875 1355 922 laterculum
1378 875 1552 936 redeo,
1591 875 1725 938 quod
1757 890 1820 921 ex
1842 874 1935 921 Pe-

102 945 238 993 tavio
261 944 553 991 mendosum
589 945 804 1008 protulit
831 943 1196 1009 typographus,
1231 945 1428 992 Belitho
1464 944 1655 992 duobus
1681 944 1932 991 duntaxat

103 1015 271 1077 annis,
306 1015 509 1079 Astyagi
553 1014 744 1062 duobus
788 1023 835 1062 et
864 1015 1067 1078 triginta
1100 1015 1368 1074 concessis,
1415 1015 1594 1078 quibus
1629 1015 1800 1079 plures
1829 1015 1933 1063 MS.

85 1085 336 1148 assignat,
373 1085 532 1149 priori
556 1085 789 1133 videlicet
814 1093 931 1147 tres,
969 1086 1111 1133 alteri
1139 1094 1356 1150 quatuor
1377 1102 1528 1149 supra
1554 1085 1774 1148 triginta,
1810 1085 1931 1132 red·-

104 1156 293 1204 dendae
316 1156 552 1203 nimirum
579 1173 825 1203 annorum
851 1157 970 1209 424.
1007 1173 1226 1204 summae
1263 1156 1581 1204 sufficientes.
1650 1155 1930 1217 Utrumque

100 1245 254 1293 porro
270 1228 519 1274 Canonem
537 1226 939 1274 Astronomicum
965 1236 1012 1274 et
1031 1227 1433 1274 Ecclesiasticum
1451 1225 1766 1273 commendat
1789 1225 1933 1272 utili-

102 1305 178 1345 tas
193 1334 207 1359 ,
245 1314 366 1361 quae
387 1314 448 1344 ex
470 1298 540 1344 eis
567 1305 641 1344 est
663 1297 874 1344 maxima
891 1333 904 1358 ,
944 1297 1030 1361 qui
1055 1298 1171 1344 licet
1192 1298 1402 1345 collecta
1419 1296 1565 1344 totali
1587 1311 1780 1342 summa
1804 1311 1930 1343 con-

101 1367 273 1417 venire
304 1375 602 1416 noscantur:
639 1385 743 1414 non
779 1368 1036 1415 observata
1068 1367 1392 1415 nihilominus
1426 1367 1480 1413 in
1519 1366 1725 1429 singulis
1755 1382 1928 1428 regum

103 1438 346 1486 aetatibus
387 1446 436 1486 et
474 1438 781 1503 temporibus
822 1438 1119 1500 concordia,
1169 1446 1393 1485 mutuam
1437 1436 1532 1484 sibi
1572 1437 1656 1483 vel
1704 1435 1937 1484 veritatis

104 1509 531 1558 confirmationem
556 1509 640 1557 vel
667 1526 891 1556 errorum
911 1508 1300 1556 emendationem
1329 1509 1555 1555 conferre
1581 1514 1806 1571 possunt.

244 1580 358 1643 Pag·
394 1583 514 1633 208.
553 1578 932 1642 Σαοσδουχίου.]
975 1579 1074 1638 Qui
1110 1579 1244 1626 deest
1267 1578 1349 1631 14.
1375 1578 1428 1625 in
1458 1576 1810 1626 Astronomico
1838 1576 1940 1624 Ca·-

102 1666 235 1699 none
264 1667 325 1697 ex
364 1651 588 1714 sequenti
616 1650 960 1697 Ecclesiastico
984 1648 1250 1697 sufficitur.

80 1775 83 1778 ‚
244 1724 292 1770 Κ
296 1717 388 1770 avo?
421 1718 516 1785 τὴν
551 1716 988 1784 Ἑκκλησιαστικήν
1021 1717 1369 1784 στοιχείωσιν]
1405 1714 1767 1765 Ecclesiasticis
1796 1714 1934 1762 Scri-

102 1790 332 1857 ptoribus
369 1799 417 1838 et
449 1808 549 1838 una
585 1790 794 1838 Eusebio
831 1797 1089 1854 acceptum
1127 1789 1421 1838 laterculum
1463 1786 1680 1849 Scaliger
1718 1785 1937 1833 omittit:

102 1869 235 1910 tacet
259 1860 489 1910 Petavius
505 1898 521 1924 ,
560 1868 609 1908 et
634 1878 697 1908 ex
720 1877 776 1908 eo
793 1860 937 1925 prius
963 1860 1250 1924 interpolat.
1285 1858 1407 1906 Eius
1435 1857 1552 1905 anni
1579 1855 1779 1904 collecti
1802 1868 1934 1902 sum-

101 1949 234 1981 mam
268 1932 506 1980 reddunt.
577 1931 830 1994 Magorum
864 1930 1049 1995 quippe
1087 1932 1298 1978 fratrum
1337 1944 1533 1976 menses
1571 1931 1623 1980 7.
1661 1941 1776 1991 pag.
1811 1926 1933 1979 241.

105 2003 168 2050 A.
204 2003 257 2050 in
289 2019 474 2050 annum
511 2001 800 2054 absolutum*
824 2009 1098 2066 putantur:
1148 1999 1386 2049 Artabani
1423 1997 1613 2064 pariter
1654 2012 1844 2044 menses
1881 1999 1931 2047 7.

101 2089 213 2139 pag.
262 2074 382 2127 251.
428 2079 478 2120 et
524 2072 708 2121 Xerxis
757 2072 960 2120 secundi
1009 2072 1108 2119 duo
1161 2087 1276 2119 cum
1321 2067 1559 2132 Sogdiani
1603 2074 1790 2130 septem
1826 2064 1937 2111 aliis

102 2161 216 2209 pag.
254 2145 372 2196 255.
412 2159 566 2190 annos
604 2143 730 2190 duos
762 2159 1055 2206 componere
1092 2148 1316 2190 recenset
1339 2138 1560 2199 Author,
1598 2137 1778 2199 quibus
1802 2150 1828 2182 e
1850 2150 1936 2182 re-

103 2231 222 2278 gum
259 2220 414 2259 aetate
453 2212 732 2277 superfluus
759 2214 885 2260 alter
909 2212 1125 2259 accedit:
1162 2211 1249 2275 qui
1272 2227 1371 2257 una
1399 2207 1651 2255 coniuncti
1679 2204 1939 2253 Ecclesia-

104 2284 285 2332 sticum
317 2283 562 2329 Canonem
601 2282 742 2329 annis
770 2289 983 2346 quatuor
1009 2280 1410 2328 Astronomicum
1437 2278 1647 2325 alterum
1684 2274 1936 2323 exceden-

102 2363 205 2403 tem
232 2353 460 2402 reddunt.
521 2353 660 2399 Circa
686 2353 821 2399 illius
843 2360 1007 2399 tamen
1032 2351 1220 2399 exitum
1251 2350 1421 2396 nullus
1450 2353 1658 2412 apparet
1685 2361 1936 2406 excessus,

103 2423 438 2474 redundantia
476 2423 635 2470 nulla:
688 2422 960 2487 quinimmo
987 2440 1011 2468 a
1042 2421 1235 2484 vulgari
1259 2419 1410 2467 creati
1454 2417 1587 2465 orbis
1623 2432 1753 2462 anno
1781 2414 1935 2467 4747.

103 2494 349 2558 incipiens
365 2510 452 2558 per
464 2509 599 2555 reges
617 2494 799 2540 medios
815 2500 861 2540 et
876 2509 1045 2540 eorum
1061 2498 1240 2538 aetates
1266 2488 1447 2538 sensim
1462 2487 1699 2534 deductus
1714 2485 1777 2532 ad
1792 2500 1936 2531 mun..

27 2617 30 2622 ,
106 2565 158 2614 di
183 2569 334 2619 5170.
354 2572 466 2628 post
488 2581 642 2610 annos
667 2563 783 2616 424.
804 2562 1058 2610 commode
1073 2561 1326 2609 videretur
1347 2557 1622 2624 pervenire,
1649 2555 1745 2603 nisi
1758 2554 1935 2618 Astya-

106 2636 182 2700 gis
209 2635 350 2682 annis
372 2639 454 2686 17.
479 2633 957 2699 postNiriglesarum
980 2631 1204 2680 locandis
1229 2646 1471 2678 annorum
1496 2627 1544 2680 4.
1567 2626 1782 2691 spatium
1813 2623 1935 2672 defi-

107 2714 240 2754 ceret
265 2713 459 2771 aperte:
498 2720 618 2768 quae
642 2704 768 2751 ratio
795 2711 882 2767 est,
899 2711 956 2751 ut
971 2701 1174 2768 proprio
1200 2702 1311 2749 Ioco
1335 2697 1581 2748 decurtati
1604 2695 1936 2762 protuberan-

104 2776 226 2824 tiam
244 2784 355 2841 post
378 2775 583 2822 limitem
611 2782 914 2839 postremum
938 2782 986 2820 et
1012 2790 1196 2820 annum
1221 2773 1373 2824 5170.
1398 2767 1737 2833 apparituram
1760 2772 1932 2813 retun-

109 2847 230 2895 dant
251 2854 300 2894 et
326 2846 600 2911 reprimant
623 2844 839 2895 omnino.
885 2846 1139 2893 Praetereo
1159 2850 1218 2890 ut
1237 2842 1412 2890 relicto
1435 2836 1786 2887 Mathematico
1816 2852 1932 2881 cor-

106 2921 313 2982 ruptum
357 2932 496 2964 aerae
539 2916 907 2964 Nabonasareae
959 2916 1204 2961 Canonem
1254 2909 1655 2960 Ecclesiasticum
1698 2911 1933 2970 sequutus

107 2986 331 3047 Author,
369 2988 632 3047 confusos,
668 3003 761 3033 nec
798 2986 891 3033 sibi
921 2985 1274 3048 respondentes
1301 2997 1471 3045 regum
1506 2979 1624 3026 Iuda
1663 2976 1932 3023 Chaldaeo-

107 3074 320 3120 rumque
347 3055 629 3121 principum
660 3057 876 3104 calculos
907 3057 1150 3121 proferat:
1199 3061 1338 3100 taceo
1369 3051 1620 3099 submotos
1657 3046 1932 3093 Chaldaeo-

109 3145 224 3177 rum
245 3143 415 3189 regum
448 3144 601 3175 annos
637 3127 773 3191 quod
801 3144 889 3174 suo
923 3128 1036 3174 loco
1065 3122 1506 3173 demonstrabimus
1529 3154 1545 3180 ,
1582 3125 1630 3165 et
1657 3113 1930 3163 Nabucho-

109 3199 358 3258 donosor,
407 3189 546 3244 cuius
585 3206 716 3245 aetas
759 3197 1012 3245 notissima
1029 3232 1042 3258 ,
1104 3195 1245 3243 annis
1287 3200 1500 3258 quatuor
1537 3196 1742 3253 paterno
1777 3198 1931 3245 regno

107 3268 300 3316 tardius
326 3275 618 3330 exceptum,
654 3267 1042 3331 ludaeorumque
1066 3281 1273 3329 regnum
1304 3271 1498 3328 praeter
1532 3267 1812 3320 temporum
1843 3269 1931 3331 ra-

109 3338 295 3385 tionem
333 3338 476 3383 annis
512 3337 656 3384 etiam
698 3345 912 3401 quatuor
936 3355 961 3383 a
993 3336 1201 3402 proprio
1222 3334 1460 3382 remotius
1489 3327 1770 3404 subiugum
1807 3329 1930 3369 mit-

108 3415 325 3467 tentem5
362 3424 461 3453 una
481 3414 554 3454 est
577 3405 737 3454 bacin
758 3425 812 3456 rc
835 3407 1044 3455 Librarii
1066 3407 1230 3472 pagin.
1253 3407 1371 3458 231.
1394 3402 1448 3448 in
1470 3410 1700 3472 margmef,
1728 3406 1933 3471 meaque

109 3478 166 3526 in
196 3478 404 3526 eundem
438 3477 604 3524 locum
644 3476 1020 3528 animadversio.
1091 3475 1296 3526 Interim
1333 3487 1458 3539 quae
1488 3466 1839 3518 Ecclesxasuco
1877 3477 1932 3509 m

225 3559 386 3616 Georg.
417 3559 646 3616 Syncellus.
676 3557 734 3601 ΙΙ.
1519 3555 1584 3606 31
