2222 3938
295 139 422 200 554
467 109 473 114 ’
905 149 1499 208 ANNOTATIONES.

294 280 446 346 Regio
469 282 624 339 3324.
661 283 874 334 Authori
898 280 1213 332 consentiens
1243 283 1433 333 scribit.
1481 281 1793 334 Privatarum
1823 301 2128 338 summarum

294 353 524 402 collectio
563 357 700 422 apud
742 354 974 404 Contium
1011 366 1233 405 errorem
1269 354 1459 419 arguit,
1495 371 1639 419 quem
1666 363 1724 405 ut
1749 373 1777 405 a
1802 374 1882 406 me
1912 357 2128 406 alienum

291 440 396 472 non
416 441 709 513 prosequor.

417 492 553 556 ’Ἕως
570 493 836 564 ἈβραᾶμΝ
820 495 943 567 ε’τη
940 491 1029 548 saw
1067 533 1081 547 .
1170 495 1238 562 .]
1277 495 1501 545 Eundem
1528 513 1790 546 numerum
1819 496 2014 546 duobus
2042 497 2128 546 ad-

289 565 481 613 iunctis
511 565 699 616 habent
735 569 1024 616 Anastasius
1047 575 1096 615 et
1119 567 1326 616 Contius
1363 567 1746 616 emendatiores·
1785 569 1903 616 anni
1941 568 2128 634 quippe

294 640 446 690 1082.
482 652 545 684 ex
579 638 737 693 3324.
769 638 981 688 detracti
1013 638 1264 688 diluvium
1299 656 1414 688 cum
1445 655 1578 687 anno
1615 640 1769 694 2242.
1805 639 2130 688 coniunctum

289 707 601 771 relinquunt.

431 779 546 842 Pag·
581 783 704 835 397.
742 778 874 832 Λευὶ
895 774 1162 848 γενόμενος
1186 778 1311 831 ἐτῶν
1335 774 1462 846 μθ’.]
1500 779 1705 829 Excidit
1739 779 1826 828 hic
1860 779 2127 844 Scaliger0.

288 848 411 897 Levi
443 866 601 898 annos
639 851 724 905 45.
758 859 1026 900 numerant
1056 850 1342 900 Anastasius
1378 852 1559 916 Regius
1583 850 1807 900 Miscella
1842 858 1892 899 et
1923 851 2130 900 Contius

290 920 641 970 accuratiores.

433 988 594 1042 Καοῖθ
621 988 890 1060 γενόμενος
917 992 1042 1045 ἐτῶν
1067 986 1119 1055 ξ’.
1120 990 1141 1057 ]
1180 990 1468 1042 Anastasius
1510 1009 1627 1042 cum
1650 992 1871 1045 Miscella
1901 1000 1951 1042 et
1990 994 2130 1044 Con-

290 1060 365 1110 tio
402 1065 623 1222 ὂξίμροέμ
645 1131 914 1215 γενόμενος
938 1132 1065 1185 ἕτων
1091 1127 1157 1184 σε’
1161 1132 1204 1198 .]
1242 1132 1397 1182 Iidem
1425 1138 1510 1188 70.

416 1201 544 1270 ’Έτη
586 1201 690 1271 (pff.
700 1205 719 1270 ]
770 1205 1001 1256 Fallitur.
1043 1199 1166 1270 φιοί.
1203 1205 1433 1269 colligere
1474 1204 1725 1253 debuerat.
1763 1203 1969 1254 Contius
2003 1203 2128 1260 505.

292 1273 553 1398 snbdffivto
541 1342 621 1398 δὲ
644 1365 733 1398 του
762 1348 1114 1410 κατακλυσμου
1134 1365 1262 1414 Ιαφπ
1261 1340 1319 1410 '.]
1348 1345 1565 1409 Scaliger
1590 1339 1721 1413 ἀφλ]
1724 1383 1736 1394 .
1761 1362 1908 1410 quam
1933 1345 2128 1397 vitiose.

296 1416 504 1465 Contius
544 1434 659 1465 cum
698 1417 956 1465 Anastasio
990 1416 1141 1480 Regio
1186 1424 1235 1464 et
1269 1417 1492 1464 Miscella
1530 1418 1680 1470 1587.
1714 1434 1860 1481 quam
1883 1423 2127 1467 accurate.

291 1487 430 1535 Anni
473 1488 662 1552 quippe
701 1489 857 1541 1587.
901 1487 1010 1535 aliis
1050 1486 1204 1541 2242.
1247 1486 1310 1534 ad
1357 1487 1604 1536 diluvium
1646 1487 1836 1545 additi,
1885 1505 2126 1554 sumniam

294 1559 450 1611 3829.
478 1559 780 1607 conficiunt:
821 1575 969 1622 quam
996 1558 1201 1606 eandem
1227 1558 1382 1612 2242.
1409 1558 1473 1605 ad
1501 1558 1778 1622 diluvium,
1814 1566 1863 1608 et
1883 1559 2127 1607 a'diluvio

294 1629 360 1675 ad
397 1628 646 1678 Abraham
682 1633 832 1683 1082.
872 1637 922 1676 et
956 1630 1015 1677 ab
1053 1628 1298 1677 Abraham
1337 1629 1400 1676 ad
1422 1628 1781 1694 profectionem
1810 1647 1872 1678 ex
1901 1630 2127 1695 Aegypto

293 1700 413 1752 505.
441 1717 538 1747 una
565 1700 729 1747 iuncti
757 1707 1098 1764 componunt:
1138 1700 1198 1747 de
1230 1718 1325 1764 qua
1348 1700 1530 1747 iterum
1555 1708 1701 1748 notae
1726 1708 2001 1766 sequentes.

419 1765 539 1821 'And
574 1768 630 1820 δὲ
656 1766 812 1834 Ἀδαμ
844 1767 968 1820 κατὰ
1006 1789 1124 1829 τους
1164 1789 1190 1821 ο
1191 1767 1241 1835 ’.]
1279 1770 1565 1819 Anastasius
1600 1771 1781 1835 Regius
1818 1779 1866 1819 et
1905 1770 2127 1821 Miscella
2216 1820 2221 1828 ,

289 1839 523 1888 lacunam
552 1848 895 1889 occurrentem
918 1841 1114 1905 replent
1147 1842 1444 1889 scribentes.
1479 1840 1759 1888 secandum
1791 1843 1924 1889 alios
1959 1851 2128 1890 autem

289 1913 447 1965 3829.
497 1927 622 1975 quae
663 1911 900 1958 Authoiis
953 1910 1194 1958 sententia
1238 1920 1322 1961 est.
1386 1912 1551 1958 Contii
1584 1920 1754 1959 textus
1790 1913 1999 1960 clarior:
2049 1912 2126 1959 Ab

289 1981 448 2029 Adam
478 1998 598 2030 vero
620 1982 891 2030 secundum
916 1986 1001 2036 70.
1027 1989 1103 2029 ter
1126 1981 1265 2030 mille
1298 1981 1573 2046 octingenti
1602 1999 1811 2046 novem,
1850 1982 2126 2032 secundum

290 2052 415 2100 alios
451 2055 625 2109 3698

427 2117 819 2210 Πρεσβύτεροι’
804 2120 887 2188 ἐτη
909 2141 970 2190 κγ
969 2115 1021 2187 '.]
1057 2121 1277 2173 Miscella
1307 2128 1356 2168 et
1391 2121 1594 2171 Contius
1621 2141 1742 2173 ann.
1771 2126 1858 2177 33.

427 2188 727 2257 Ἀλλόφυλοι
755 2192 835 2277 ἔτη
873 2229 1090 2242 .....
1108 2192 1125 2257 ]
1180 2192 1441 2240 Scribendi
1466 2209 1530 2240 ex
1553 2194 1810 2242 Anastasio
1844 2212 1963 2245 ann.
2001 2201 2087 2251 20.

428 2259 605 2315 'Asiam
630 2262 713 2328 ἔτη
740 2286 798 2332 y.
772 2258 828 2329 ’.]
868 2263 1188 2325 Anastasius,
1226 2263 1474 2326 Miscella,
1511 2272 1561 2312 et
1594 2265 1800 2314 Contius
1822 2284 1940 2319 ann.
1967 2272 2052 2321 20.

429 2329 770 2398 'Aaffimvkoa’
754 2334 834 2399 ε’τη
860 2354 890 2385 κ
890 2329 940 2399 ’.]
979 2335 1134 2381 Iidem
1157 2352 1272 2385 ann.
1297 2334 1380 2386 40.

429 2404 537 2456 Ἠλὶ
568 2426 594 2457 ο
631 2402 790 2472 ἷεοευς
820 2404 899 2470 ε’τη
924 2425 955 2454 κ
956 2401 1001 2469 ’.]
1038 2405 1188 2453 Hunc
1215 2404 1433 2469 Scaliger
1461 2403 1676 2457 omittit:
1714 2406 1872 2456 eidem
1902 2407 2124 2457 Miscella

292 2482 343 2524 et
369 2477 575 2524 Contius
602 2494 757 2524 annos
786 2475 871 2529 49.
900 2476 1200 2527 attribuunt.

433 2544 604 2598 Σαούλ
632 2546 713 2612 ἔτη
737 2542 817 2612 μ’.]
846 2546 1087 2594 Samuelis
1109 2564 1266 2595 annos
1289 2547 1457 2595 nullos
1480 2546 1665 2596 habent
1695 2547 2003 2599 Anastasiani
2031 2567 2122 2600 co-

292 2615 455 2666 dices:
492 2618 723 2668 scribunt
744 2634 863 2666 vero
877 2654 890 2680 ,
929 2618 1139 2665 Samuel
1156 2627 1201 2664 et
1223 2618 1358 2666 Saul
1379 2621 1531 2670 annis
1553 2619 1638 2673 40,

418 2684 543 2753 ”Em
569 2684 674 2754 χλ’.]
708 2689 788 2736 Ex
813 2688 1014 2737 summis
1036 2689 1246 2754 privatis
1279 2696 1445 2737 textus
1478 2688 1655 2737 Graeci
1692 2707 1938 2756 nusquam
1966 2691 2122 2740 colli-

291 2764 494 2822 gantur:
531 2759 619 2838 qui
642 2767 810 2808 tamen
839 2767 1013 2808 extant
1036 2759 1092 2808 in
1123 2759 1370 2809 Anastasii
1390 2759 1558 2825 Regii,
1593 2761 1864 2826 Miscellae‚
1910 2769 1959 2811 et
1983 2763 2121 2811 Con-

290 2829 352 2880 tii
374 2829 593 2879 summis.

428 2893 592 2950 'Aoni'
576 2897 659 2964 ἐτη
684 2894 743 2965 β’.
744 2898 765 2964 ]
802 2899 1025 2951 Solerter
1057 2900 1315 2967 praemisit
1350 2900 1569 2965 Scaliger
1593 2895 1735 2967 Ἀβῖα
1773 2896 1932 2970 ἔτηῃῖ
1994 2901 2121 2952 Asae

289 2986 445 3037 porro
478 2970 697 3033 Scaliger
721 2971 947 3034 reposuit
970 2989 1127 3020 annos
1151 2972 1236 3026 40.
1269 2971 1489 3020 Miscella
1513 2979 1564 3018 et
1586 2970 1790 3021 Contius
1813 2921 1918 3031 417
1934 2940 2118 3023 ‘Abiam

291 3057 391 3092 una
422 3055 534 3089 cum
553 3040 707 3130 Regio
733 3041 833 3089 MS.
859 3041 1145 3092 Anastasius
1168 3043 1348 3106 Regius
1374 3041 1574 3089 omittit.

430 3105 648 3198 Ἰωροὲμ’
633 3110 770 3176 ε’τη.
913 3112 959 3177 .]
995 3113 1164 3178 Interp
1169 3113 1246 3160 ola
1271 3128 1333 3159 ex
1359 3112 1467 3159 aliis
1494 3107 1740 3176 Codd.¹12'.

427 3176 606 3243 Ἰωᾶς’
590 3181 672 3247 ε’τη
695 3199 747 3239 ις
742 3175 792 3245 ’.]
829 3179 903 3229 Ita
932 3183 1166 3247 Scaliger.
1206 3183 1409 3246 Repone
1439 3198 1501 3230 ex
1522 3181 1709 3230 Latinis
1732 3181 1979 3233 Anastasii
1997 3183 2082 3239 40.

431 3253 547 3317 Pag.
582 3255 705 3307 398.
741 3246 1000 3335 Ἰωαθαμ’
984 3252 1065 3318 ε’τη
1091 3248 1149 3313 ιζ’
1151 3251 1183 3315 .]
1224 3252 1402 3302 Latina
1425 3251 1676 3302 Anastasii
1698 3271 1784 3304 an.
1813 3257 1895 3309 16.

420 3320 612 3389 ”Αχας’
596 3323 678 3388 ἐτη
702 3341 753 3380 ις
749 3316 805 3386 '.]
844 3322 1064 3385 Scaliger
1094 3339 1248 3387 prave
1282 3317 1358 3373 ιε’.

436 3390 579 3444 Kato?
603 3390 658 3444 δὲ
682 3412 736 3444 το
761 3390 1067 3461 Ἑβραὶκόν’
1050 3391 1133 3458 ἐτη
1154 3388 1197 3442 ν’
1199 3392 1237 3457 .]
1272 3393 1409 3442 Idem
1436 3393 1722 3458 corruptius
1750 3391 1831 3459 ἔτη
1850 3390 1911 3459 η’.

435 3459 551 3530 Ἀφ’
576 3458 640 3517 ου
661 3462 868 3531 ἐκτίσθη
903 3463 985 3531 ἔτη
1010 3459 1133 3531 1)).βῖ
1146 3463 1165 3529 ]
1201 3463 1420 3514 Miscella
1446 3471 1494 3512 et
1522 3464 1726 3514 Contius
1753 3481 1836 3516 an.
1869 3463 1987 3521 424.
