2222 3938
607 195 708 249 ET
751 195 1345 251 ANNOTATIONES.
1779 193 1905 250 367

80 337 251 379 textus
275 332 326 382 6.
349 326 483 391 legit.
532 324 586 377 οἵ
613 320 709 392 γὰρ
740 320 870 411 παρ’
901 321 1070 387 αὐτοῖς
1093 324 1418 378 παλαιότατοι
1457 327 1795 393 σεληναίους’
1778 327 1907 393 ἔφα·-

81 416 202 452 σκον
225 395 354 450 εἶναι
376 417 495 457 τους
520 392 780 455 ἐνιαυτους
802 396 854 458 ἐξ
886 416 1092 466 ημερων
1117 394 1173 448 λ’.
1245 397 1391 446 Fides
1417 405 1467 446 et
1491 401 1766 448 reverentia
1793 416 1907 464 erga

78 473 181 523 MS.
208 476 372 518 servat
399 488 485 528 το,
522 467 802 533 μηνιαίους.

204 552 397 622 ’Ὠρους
424 547 637 603 ἐκαλουν
674 548 791 611 τούς
818 547 1114 617 ἐνιαυτούς]
1151 553 1345 602 Horum
1371 553 1666 621 Aegyptium
1693 553 1904 603 eundem
1934 554 1984 598 P·
2017 554 2073 600 14

80 642 193 674 cum
219 624 452 690 Apolline
469 661 483 685 ,
517 631 567 670 et
592 622 874 686 Apollinem
902 640 996 688 pro
1034 625 1146 671 Sole
1178 626 1553 690 usurpandum,
1592 626 1756 674 Solem
1784 633 1909 672 tan-

78 697 191 745 dem
222 696 470 744 Horarum
495 694 736 741 Mensium
767 696 1021 741 Annorum
1056 704 1310 758 parentem
1337 695 1619 745 habendum
1646 696 1909 744 contendit

76 766 266 816 Pierius
307 764 610 813 Valerianus.
688 766 794 828 Qui
825 765 1119 830 Apollinem
1156 765 1309 827 dicit,
1350 766 1522 833 (verba
1555 767 1660 815 eius
1697 775 1816 815 sunt
1851 767 1908 814 in

76 837 247 886 limine
288 836 770 884 Commentariorum
814 837 877 883 ad
915 835 1106 882 Horum
1144 835 1454 904 Apollinem)
1499 838 1627 886 dicit
1667 840 1908 888 Horum.-

77 917 124 955 et
162 910 255 973 qui
282 909 501 968 Horum,
538 906 848 970 Apollinem.
924 906 1062 953 Nam
1088 908 1269 953 Horus
1304 908 1449 971 apud
1476 911 1750 973 Aegyptios
1780 910 1905 972 glo-

76 981 271 1027 rios-um
294 995 496 1038 nomen,
531 977 663 1024 idem
690 986 799 1023 erut
828 975 966 1041 quod
985 976 1173 1040 Apollo
1202 978 1348 1041 apud
1376 979 1618 1027 Graecos:
1658 989 1703 1026 et
1724 981 1909 1027 Horus

74 1059 123 1097 et
147 1049 336 1114 Apollo
371 1046 502 1095 idem
532 1046 674 1112 quod
707 1048 808 1097 Sol.
881 1047 965 1094 Ab
997 1049 1172 1110 Horo,
1211 1049 1304 1095 lzoc
1343 1058 1414 1095 est
1441 1051 1580 1108 Sole,
1616 1052 1792 1098 Horae
1828 1052 1908 1096 vi·-

67 1123 209 1185 ginti
234 1129 470 1185 quatuor.
499 1129 589 1165 etc.
639 1120 835 1165 -Horas
865 1121 1019 1165 etiam
1045 1119 1130 1165 llic
1155 1118 1538 1184 intelligendum
1568 1120 1762 1180 (scribit
1793 1120 1907 1168 Pie-

72 1192 176 1239 rius
198 1193 260 1238 ad
286 1189 612 1254 Hieroglyph.
638 1189 722 1237 lib.
747 1192 829 1242 33.
855 1189 1038 1237 calcem
1061 1187 1307 1257 ultimam)
1348 1201 1446 1238 tres
1471 1210 1555 1238 eas
1585 1194 1714 1239 anni
1727 1194 1906 1258 parti-

73 1265 248 1324 tiones,
289 1279 418 1326 quae
440 1279 530 1307 suo
560 1278 788 1325 quaeque
812 1269 1026 1324 tempore
1052 1262 1260 1325 singula
1284 1271 1573 1310 maturant:
1614 1281 1697 1311 ver
1724 1266 1906 1328 quippe

74 1342 318 1380 aestatem
337 1340 755 1395 autumnumque,
795 1349 926 1394 quae
945 1340 1169 1395 tempora
1189 1333 1449 1398 Aegyptii,
1482 1343 1705 1398 quatuor
1723 1351 1904 1381 unum-

75 1403 308 1468 quodque
349 1402 601 1449 mensibus
633 1405 823 1449 nostris
857 1403 1100 1466 complexi
1131 1413 1279 1463 sunt,
1326 1422 1382 1450 ex
1410 1407 1541 1452 Hori
1573 1408 1709 1470 regis
1724 1406 1906 1468 parti-

73 1477 234 1536 tione,
272 1493 306 1521 a
340 1491 438 1538 quo
475 1473 560 1519 leis
600 1475 876 1520 etiamnum
897 1475 1063 1520 Horis
1098 1491 1274 1521 nomen
1306 1474 1561 1536 inditum,
1602 1485 1660 1522 ut
1689 1474 1906 1540 quadri-

72 1547 272 1591 mestris
308 1553 430 1590 esset
465 1561 631 1591 eorum
667 1561 835 1591 annus
868 1546 1239 1609 unusquisque,
1276 1554 1363 1593 etc.
1435 1546 1753 1594 Trimestrem
1782 1563 1906 1612 pro-

70 1615 217 1681 ponit
242 1614 330 1662 hic
344 1614 596 1662 Eusebius.
656 1615 746 1661 An
773 1632 874 1661 non
898 1625 1119 1679 quatuor
1143 1618 1268 1662 anni
1292 1625 1607 1681 tempestates
1631 1635 1724 1664 suo
1751 1635 1907 1683 quae-

73 1705 169 1752 que
202 1695 417 1750 tempore
452 1686 665 1748 singula
689 1685 1043 1732 maturantes?
1091 1685 1441 1735 Trimestribus
1469 1705 1622 1752 porro
1651 1688 1754 1736 sive
1775 1705 1905 1753 qua-

72 1756 414 1805 drimestribus
440 1756 583 1803 annis
607 1755 807 1820 positis,
843 1772 1077 1804 numerus
1112 1766 1283 1804 eorum
1311 1762 1431 1811 700.
1462 1758 1522 1804 ab
1550 1759 1760 1806 Eusebio
1792 1758 1906 1807 sub-

70 1829 272 1875 iunctus
306 1827 531 1875 ducentis
568 1834 616 1874 et
652 1827 1056 1891 quatuordecim,
1103 1834 1159 1874 ut
1192 1828 1305 1875 vult
1342 1829 1630 1876 Panodorus
1666 1829 1767 1878 iam
1805 1830 1904 1877 iam

69 1897 385 1959 referendae,
437 1897 727 1960 colligendis
763 1898 1005 1946 solaribus
1041 1897 1183 1945 annis
1215 1915 1462 1963 nusquam
1491 1900 1701 1948 idoneus
1728 1918 1904 1948 nume-

67 1969 203 2018 ranti
236 1968 514 2017 iudicatur:
553 1969 817 2032 quocirca,
854 1976 1008 2034 prout
1029 1969 1172 2034 prius
1200 1970 1477 2035 Scaligero,
1512 1970 1585 2018 sic
1613 1970 1739 2019 mihi
1760 1972 1903 2038 pari—

67 2047 147 2088 ter
171 2039 375 2089 videtur
401 2040 773 2104 expungendus.

213 2122 316 2173 Καὶ
337 2126 492 2173 ταῦτα
512 2122 602 2189 μὲν
625 2123 657 2174 ὅ
682 2119 930 2190 Εὐσέβιος
955 2120 1272 2191 μεμφόμενος
1293 2118 1477 2183 αὐτούς
1502 2128 1592 2190 τῆς
1615 2126 1899 2193 φλυαρίας]

70 2195 121 2242 Si
149 2193 422 2258 Aegyptios
449 2198 541 2259 τῆς
575 2196 824 2261 φλυαρίας
860 2204 1056 2243 accusat
1085 2193 1353 2255 Eusebius,
1390 2211 1485 2257 qua
1512 2195 1704 2243 ratione
1736 2197 1900 2244 Scali-

67 2282 155 2330 ger
193 2273 372 2312 cuncta
401 2263 523 2311 haec
546 2265 599 2311 in
633 2265 748 2315 Not.
783 2282 895 2330 pag.
928 2270 1046 2318 247.
1074 2273 1419 2328 transportans
1443 2272 1627 2313 temere
1660 2267 1720 2313 de
1748 2268 1901 2315 Geor-

68 2337 149 2400 gio
174 2334 512 2400 pronunciat?
551 2335 803 2382 Immerito
834 2337 1087 2399 Georgius
1112 2337 1354 2384 convertit
1382 2337 1618 2382 caninam
1645 2335 1902 2395 declama-

68 2409 252 2453 tionem
286 2408 340 2452 in
359 2406 530 2469 ipsum
553 2406 848 2468 Eusebium,
887 2424 1030 2470 quem
1058 2404 1168 2452 ideo
1197 2403 1532 2468 reprehendit,
1575 2406 1715 2470 quod
1729 2417 1899 2471 putu—

67 2479 195 2525 verit
220 2494 360 2541 reges
386 2477 518 2523 ullos
556 2485 672 2523 ante
700 2475 954 2523 diluvium
976 2478 1168 2539 fuisse.
1228 2477 1352 2523 Nam
1385 2476 1426 2522 si
1454 2475 1700 2526 immerito
1729 2495 1898 2543 repre-

66 2546 277 2596 hensum
311 2554 458 2612 putat
490 2547 785 2608 Eusebium,
826 2547 1003 2595 merito
1039 2565 1154 2594 sane
1184 2547 1290 2611 ipse
1331 2546 1547 2610 Scaliger
1580 2564 1695 2595 cum
1729 2550 1899 2598 Mane-

66 2617 223 2667 thone
260 2618 443 2666 Beroso
478 2618 762 2665 Alexandro
805 2625 854 2664 et
887 2617 998 2665 aliis
1047 2617 1407 2666 Chaldaeorum
1454 2625 1502 2665 et
1534 2617 1896 2684 Aegyptiorum

67 2706 219 2752 regna
253 2695 369 2736 ante
394 2687 643 2736 diluvium
679 2686 894 2735 stabilita
922 2689 1216 2737 docentibus
1247 2687 1447 2751 Georgii
1471 2689 1693 2737 oratione
1728 2708 1899 2755 repre-

67 2758 378 2807 hendenduS.
444 2759 692 2822 Georgius
720 2765 881 2806 autem
913 2776 1156 2824 nusquam
1193 2766 1359 2825 aperte
1391 2766 1492 2806 tam
1518 2759 1761 2809 absurdae
1791 2762 1896 2827 opi·

68 2829 236 2878 nionis
263 2829 530 2878 Eusebium
555 2829 888 2892 insimulavit,
924 2830 1010 2877 sed
1038 2830 1219 2878 dubius
1249 2837 1298 2878 et
1319 2828 1566 2878 haesitans
1592 2830 1795 2918 scripsit
1818 2849 1898 2880 su-

67 2900 237 2966 perius
261 2917 373 2965 pag.
412 2903 497 2954 36.
530 2900 590 2950 D.
639 2898 773 2966 πλην
806 2900 892 2951 καὶ
930 2895 1179 2968 Εὐσέβιος
1214 2899 1299 2951 καὶ
1331 2894 1600 2966 Ἰώσηππος
1634 2901 1720 2952 καὶ
1758 2899 1899 2953 αλλοι

68 2970 186 3055 περὶ
215 2973 307 3036 τῆς
342 2973 442 3022 τῶν
476 2972 746 3022 Χαλδαίων
784 2973 1036 3038 βασιλείας
1075 2970 1314 3039 ιστορικοι
1356 2973 1625 3052 φαίνονται
1656 2971 1899 3040 λέγοντες,

71 3059 150 3092 οτι
173 3060 283 3159 greci
316 3043 409 3091 τοῦ
441 3046 791 3109 κατακλυσμου
823 3042 1143 3109 ἐβασίλευονε
1179 3042 1385 3092 dubium
1420 3059 1524 3091 vox
1549 3042 1659 3109 ipsa
1685 3044 1899 3109 φαίνον-

68 3129 151 3161 ται
210 3127 264 3158 ec
286 3118 406 3160 arat.

213 3197 451 3262 Συνῆξαν
485 3190 690 3262 σελήνια
709 3199 909 3264 πρῶτον
933 3204 966 3247 ἄ
993 3191 1172 3265 αῆπέ
1176 3197 1214 3263 .]
1253 3197 1472 3262 Scaliger
1494 3196 1581 3245 ubi
1602 3196 1726 3245 haec
1749 3195 1897 3243 habet

68 3282 179 3331 Pag-
207 3266 326 3318 247.
390 3267 548 3328 Sane,
584 3267 782 3332 inquit,
824 3270 949 3316 ‘inni
975 3269 1172 3317 Iuliani
1199 3273 1322 3324 969
1347 3278 1472 3316 sunt
1500 3286 1685 3315 menses
1711 3269 1896 3313 Luna-

70 3354 149 3383 res
184 3334 373 3389 11985.
410 3336 628 3400 proinde
665 3337 947 3422 legendum.
1002 3335 1240 3422 σελήναια
1265 3346 1298 3391 ἆ
1327 3334 1522 3410 αῆῥπέ.
1545 3339 1641 3386 hoc
1666 3346 1767 3398 est,
1805 3355 1895 3401 μυ..

70 3403 240 3474 ριοὶδες
265 3405 398 3458 δέκα
439 3407 570 3472 χίλια
591 3403 882 3460 ἑννεακόσια
906 3404 1215 3475 ὀγδοήκοντα
1239 3391 1398 3462 πέντε.

209 3504 323 3570 Pag
338 3503 422 3558 41.
438 3500 570 3572 Ωνῆ
585 3501 747 3574 ω’ρων.
733 3505 775 3572 .]
792 3506 1198 3556 Emendationem
1211 3512 1301 3560 τοῦ
1314 3503 1550 3573 αἰνιῶρων
1563 3503 1704 3554 iuvat
1713 3503 1892 3569 penul-
