2222 3938
629 180 730 235 ET
764 179 1359 240 ANNOTATIONES.
1785 175 1910 234 369

0 358 3 362 ,
84 320 364 362 trecentum
391 311 522 360 solos
560 326 625 359 ex
655 310 856 374 Georgii
889 319 1125 377 computo
1153 311 1220 360 ad
1251 310 1428 360 mundi
1453 314 1609 364 2677.
1635 310 1909 375 alligandos

86 383 287 432 statuit:
323 382 546 447 adeoque
567 381 672 431 sive
704 386 861 435 2677.
883 382 986 431 sive
1008 385 1163 438 2732.
1185 382 1287 432 vita
1309 380 1594 443 decesserit,
1630 381 1776 445 longe
1793 383 1908 444 fuit,

85 453 174 518 qui
196 453 374 501 mundi
395 453 549 507 2775.
575 452 630 500 in
654 452 823 500 orbem
844 452 1134 501 universum
1155 461 1448 519 potestatem
1475 461 1742 501 exerceret.
1815 453 1911 499 De-

82 539 194 571 mus
240 531 407 571 tamen
451 522 717 586 Georgium
768 523 1125 587 repugnantiae
1166 525 1222 571 in
1268 531 1422 572 semet
1470 529 1580 570 tum
1630 522 1747 586 hic,
1798 530 1910 570 tum

80 609 191 659 pag.
223 594 338 647 115.
365 610 535 656 reum3
570 593 775 641 Latinae
802 610 1002 658 quoque
1026 610 1150 644 Lxx.
1180 594 1422 644 versionis
1443 591 1716 641 Authorem
1743 600 1791 641 et
1817 611 1911 658 po-

82 671 322 712 stremum
347 664 586 712 editorem
610 663 896 712 oscitantiae
919 681 1228 727 moneamus,
1266 666 1415 713 modo
1436 662 1735 728 Arphaxad,
1774 663 1912 728 quod

84 733 259 797 asserit
287 733 529 798 Georgius
548 772 562 795 ,
597 734 774 782 mundi
802 734 960 788 2775.
991 734 1236 798 attigisse,
1275 743 1324 782 et
1348 736 1410 784 ad
1447 750 1558 781 eum
1590 734 1725 782 orbis
1757 734 1912 798 impe-

81 804 216 854 rium
253 804 537 870 deposuisse
569 805 851 869 probemus.
920 805 1071 852 Nullo
1108 804 1308 868 negotio
1350 806 1404 853 id
1437 804 1635 864 firmat,
1685 804 1904 871 (obstre-
1930 801 1983 844 V·
2016 797 2074 846 14

82 882 232 941 pente
269 874 391 922 licet
424 875 650 924 versione
689 875 864 923 Latina
905 874 1196 940 trecentum)
1243 875 1421 925 Graeci
1458 881 1626 922 textus
1674 875 1910 924 editionis

82 944 237 994 Paris·
266 949 416 999 1627.
441 946 626 994 veritas
650 963 806 994 annos
830 944 1102 1010 Arphaxad
1124 953 1328 992 cunctos
1349 944 1466 999 535.
1494 944 1748 1008 colligens,
1787 962 1913 1010 quae

82 1014 180 1063 hac
203 1032 347 1063 causa
370 1015 501 1064 vitae
521 1016 660 1065 illius
679 1016 948 1066 terminum
976 1015 1230 1082 (computo
1257 1014 1496 1063 Authoris
1519 1011 1659 1082 utor)
1686 1016 1741 1063 in
1762 1033 1913 1064 munm

84 1085 138 1134 di
178 1089 334 1139 2777.
371 1094 579 1151 seponat
615 1103 814 1135 necesse
851 1093 952 1134 est:
999 1086 1132 1134 idem
1178 1086 1377 1148 asserit,
1424 1084 1624 1132 Eusebii
1664 1085 1823 1134 codex
1865 1093 1915 1133 et

82 1172 260 1205 manus
291 1173 401 1220 pag.
432 1161 513 1211 86.
545 1158 602 1208 D.
641 1158 727 1222 qui
751 1156 1024 1222 Arphaxad
1049 1156 1180 1205 vitae
1218 1157 1342 1205 alios
1377 1163 1479 1205 tres
1507 1172 1662 1203 annos
1689 1156 1914 1222 superin-

84 1227 236 1290 gerit‚
275 1227 475 1292 eiusque
510 1229 726 1276 natalem
758 1229 887 1276 diem
919 1227 1076 1281 2244.
1116 1234 1175 1275 ut
1214 1244 1302 1275 suo
1342 1226 1542 1275 dicetur
1577 1226 1694 1275 loco
1729 1243 1914 1275 recen-

83 1313 222 1356 sens,
260 1314 389 1345 anno
412 1299 590 1347 mundi
612 1302 765 1353 2782.
797 1298 902 1346 vita
927 1299 1154 1346 functum
1180 1305 1403 1345 testatur.

231 1370 336 1418 Τοῦ
358 1386 411 1417 τε
436 1372 638 1420 Καϊνᾶν
663 1365 809 1434 τνη’.]
863 1367 1026 1418 Variis
1060 1367 1125 1415 ad
1156 1385 1358 1416 manum
1394 1364 1607 1431 sumptis
1639 1366 1915 1427 codicibus,

0 1483 4 1486 ,
85 1445 136 1486 et
175 1437 469 1486 abeuntibus
508 1439 564 1487 in
598 1439 792 1488 diversa
823 1438 1249 1502 Chronologorum
1280 1437 1629 1503 opinionibus,
1663 1437 1830 1486 varios
1858 1454 1916 1485 ea

86 1509 150 1557 de
179 1525 323 1556 causa
360 1508 494 1557 circa
532 1510 632 1558 viri
669 1509 886 1558 eiusdem
925 1516 1133 1557 aetatem
1169 1526 1401 1557 numeros
1431 1506 1629 1555 Author
1671 1508 1915 1571 Georgius

85 1578 397 1627 observavit:
450 1581 685 1644 quodque
716 1597 948 1644 praesens
981 1579 1273 1627 institutum
1306 1585 1523 1645 spectat,
1559 1577 1663 1625 fixo
1694 1578 1917 1643 quando-

85 1665 182 1714 que
211 1649 273 1696 ad
306 1665 494 1696 annum
522 1651 676 1703 2242.
711 1649 980 1714 Arphaxad
1011 1649 1168 1697 natali
1204 1649 1316 1712 die,
1352 1657 1401 1697 et
1435 1665 1799 1712 nonnunquam
1837 1665 1918 1695 eo-

84 1721 198 1768 dem
226 1719 290 1767 ad
317 1736 502 1766 annum
535 1719 691 1773 2243.
721 1720 935 1784 seposito
954 1757 967 1783 ,
1004 1719 1111 1767 eius
1138 1727 1364 1784 posteros
1394 1736 1524 1766 anno
1552 1735 1656 1766 uno
1690 1718 1835 1767 citius
1862 1719 1918 1766 in
1981 1766 1987 1770 .

85 1790 263 1838 seriem
302 1790 538 1851 advocat,
576 1797 626 1837 et
657 1789 812 1838 altero
846 1808 978 1838 anno
1011 1789 1204 1837 tardius
1236 1806 1379 1853 saepe
1404 1797 1642 1838 removet.
1715 1790 1827 1848 Quo
1857 1787 1920 1836 fit

83 1867 146 1908 ut
176 1859 450 1925 Arphaxad
489 1868 631 1921 ortu,
669 1860 733 1908 ad
764 1877 949 1908 annum
981 1859 1119 1907 hunc
1155 1860 1215 1907 ab
1250 1861 1370 1908 orbe
1407 1859 1610 1908 condito
1641 1859 1797 1912 2243.
1833 1858 1919 1906 hic

88 1931 323 1979 devincto
339 1968 353 1994 ,
393 1931 563 1979 aetatis
593 1930 707 1983 135.
744 1947 842 1995 quo
873 1931 1059 1978 Cainan
1082 1930 1250 1994 genuit
1271 1947 1430 1978 annus
1452 1929 1630 1977 mundi
1652 1932 1807 1984 2378.
1830 1946 1920 1977 oc·-

89 2009 285 2051 currat:
332 2001 519 2049 Cainan
557 2005 676 2054 130.
714 2018 811 2065 quo
838 2002 948 2049 Sala
978 2000 1138 2048 filium
1163 2001 1410 2066 suscepit,
1447 2000 1625 2048 mundi
1654 2001 1808 2053 2408.
1839 2006 1921 2047 te·-

86 2080 290 2135 neatur,
329 2089 387 2120 ac
424 2071 597 2119 mundi
622 2072 823 2120 tandem
854 2075 1007 2125 2736.
1037 2071 1224 2119 Cainan
1252 2071 1474 2120 eiusdem
1501 2074 1621 2125 358.
1657 2070 1767 2116 Sala
1798 2074 1918 2124 228.

87 2142 251 2191 Heber
296 2145 380 2196 98.
426 2150 744 2190 numeretur:
803 2149 945 2206 parte
993 2157 1112 2190 vero
1152 2159 1216 2189 ex
1254 2142 1350 2188 alia
1384 2139 1657 2206 Arphaxad
1695 2139 1920 2187 eiusdem

90 2211 251 2278 (quod
276 2212 469 2260 tabulae
493 2220 692 2260 nostrae
716 2211 998 2275 observant)
1029 2211 1092 2258 ad
1115 2211 1270 2264 2242.
1297 2211 1439 2259 iuxta
1467 2217 1755 2274 computum
1780 2210 1920 2256 Afri-

89 2283 203 2331 cani
235 2290 353 2330 ortu
389 2283 578 2346 posito,
631 2281 817 2328 Cainan
844 2282 975 2331 vitae
1003 2297 1160 2328 annus
1189 2282 1309 2334 358.
1344 2281 1457 2329 Sala
1494 2284 1618 2335 228.
1643 2279 1810 2328 Heber
1835 2283 1919 2333 98.

88 2353 146 2400 in
172 2352 349 2401 mundi
375 2353 529 2406 2735.
557 2352 813 2399 incurrere
843 2349 1233 2415 conspiciantur.

230 2422 334 2473 Καὶ
367 2426 459 2473 τοῦ
493 2420 656 2472 Φαλὲκ
686 2421 792 2481 ἔτος
828 2417 909 2485 δ’.]
959 2421 1108 2468 Haud
1142 2428 1254 2468 ante
1284 2418 1467 2468 turrim
1501 2418 1755 2485 inceptam
1787 2437 1919 2468 anno

89 2493 266 2542 mundi
293 2496 447 2548 2737.
473 2493 559 2540 sed
584 2500 697 2540 ante
721 2500 885 2539 natam
906 2491 1189 2555 linguarum
1214 2491 1502 2539 varietatem
1529 2507 1714 2538 annum
1739 2490 1923 2538 Phalec

3 2623 9 2629 ..
90 2565 140 2617 4.
178 2564 261 2613 vel
295 2563 443 2612 etiam
471 2563 521 2616 5.
550 2563 745 2611 Author
776 2562 970 2611 sibimet
1007 2561 1259 2609 contraria
1295 2561 1598 2625 loquuturus
1633 2561 1917 2609 numerabit
1946 2558 1995 2601 P·
2029 2559 2084 2602 15

88 2651 199 2700 pag.
227 2639 313 2689 89.
346 2635 403 2686 D.
433 2634 680 2700 praesenti
709 2633 864 2684 errori
889 2632 1209 2681 consentiunt
1238 2648 1360 2697 quae
1387 2631 1450 2678 ad
1484 2647 1595 2697 pag.
1623 2636 1708 2686 46.
1736 2633 1923 2696 margi-

90 2721 206 2754 nem
233 2704 542 2754 scribuntur.

231 2769 344 2839 PagL
381 2777 464 2829 43.
514 2777 783 2826 Μανεθῶν
815 2771 843 2826 ὅ
872 2777 974 2825 τῶν
1005 2771 1339 2842 Αἰγυπτίων]
1376 2771 1631 2822 Videndus
1671 2772 1924 2821 Cedrenus

90 2846 203 2895 loco
239 2854 351 2895 ante
383 2863 531 2894 unam
556 2847 639 2895 vel
665 2846 869 2894 alteram
893 2853 1065 2894 notam
1098 2845 1344 2909 exposito-

233 2917 343 2978 Pag-
381 2917 466 2970 44.
516 2911 842 2982 Ἀλεξάνδρου
885 2919 979 2966 τοῦ
1020 2912 1404 2982 Πολυΐστορος.]
1457 2913 1596 2974 Quae
1635 2912 1920 2961 Alexandro

92 2986 235 3034 velut
259 2986 475 3036 Authori
507 2987 746 3050 Georgius
775 2987 1005 3049 ascribit,
1052 2986 1290 3035 Eusebius
1326 2985 1387 3032 de
1416 2985 1698 3049 Praeparat.
1734 2984 1920 3045 Evang.

91 3057 179 3104 lib.
205 3061 253 3108 9.
285 3074 392 3122 cap.
415 3058 496 3111 15.
523 3059 678 3107 refert
708 3057 762 3104 in
786 3055 1074 3121 Iosephum:
1112 3055 1197 3104 hic
1220 3056 1303 3103 lib.
1332 3059 1378 3108 1.
1407 3054 1652 3119 Antiquit.
1682 3071 1790 3117 cap.
1817 3054 1864 3105 5.
1895 3070 1923 3098 a

94 3126 285 3190 Sibylla
309 3127 470 3191 primo
491 3128 735 3193 prodiisse
760 3134 996 3175 testatur:
1034 3125 1278 3191 Iosephus
1298 3124 1463 3188 itaque
1486 3133 1535 3173 et
1555 3123 1837 3173 Alexander
1859 3137 1923 3169 ex

12 3257 14 3259 ‚
94 3197 266 3244 eodem
279 3197 497 3261 Sibyllae
518 3199 655 3246 fonte
674 3197 966 3260 hauserunt,
981 3214 1100 3261 quae
1122 3197 1354 3260 deinceps
1364 3195 1600 3244 Eusebius
1622 3212 1683 3242 ex
1696 3191 1921 3256 losepho‚

95 3274 143 3314 et
173 3267 414 3330 Georgius
452 3285 515 3315 ex
545 3269 831 3317 Alexandro
856 3269 1168 3316 refuderunt.
1243 3265 1437 3317 Videsis
1463 3265 1667 3314 Eusebii
1700 3280 1810 3326 cap.
1841 3266 1921 3313 17.

97 3345 371 3386 memorato
402 3337 547 3386 libre.

236 3403 385 3457 Μετὰ
417 3405 471 3457 δὲ
494 3406 578 3458 *cdv
611 3402 1000 3473 κατακλυσμόν.]
1043 3407 1281 3455 Memorat
1305 3405 1429 3454 haec
1462 3421 1525 3452 ex
1553 3400 1790 3465 Abydeno
1817 3398 1925 3446 Eu-

94 3477 260 3527 sebius
300 3478 361 3526 de
387 3478 618 3542 Praepar.
643 3479 829 3544 Evang.
864 3479 951 3526 lib.
985 3483 1034 3534 9.
1070 3495 1180 3543 cap.
1215 3477 1296 3532 14.
1331 3491 1456 3540 quae
1490 3471 1689 3522 Author
1719 3469 1779 3519 ab
1809 3469 1924 3518 Ale·

217 3561 380 3617 Georg.
410 3560 639 3616 Syncellus.
672 3561 730 3603 ΙΙ.
1511 3541 1580 3596 24
