<?xml version="1.0" encoding="UTF-8"?>
<!DOCTYPE html PUBLIC "-//W3C//DTD XHTML 1.0 Transitional//EN"
    "http://www.w3.org/TR/xhtml1/DTD/xhtml1-transitional.dtd">
<html xmlns="http://www.w3.org/1999/xhtml" xml:lang="en" lang="en">
 <head>
  <title>
</title>
<meta http-equiv="Content-Type" content="text/html;charset=utf-8" />
  <meta name='ocr-system' content='tesseract 3.04.00' />
  <meta name='ocr-capabilities' content='ocr_page ocr_carea ocr_par ocr_line ocrx_word'/>
</head>
<body>
  <div class='ocr_page' id='page_1' title='image "./corpusscriptorum21niebuoft_0145.png"; bbox 0 0 2112 3854; ppageno 0'>
   <div class='ocr_carea' id='block_1_1' title="bbox 561 166 1930 237">
    <p class='ocr_par' dir='ltr' id='par_1_1' title="bbox 561 166 1930 237">
     <span class='ocr_line' id='line_1_1' title="bbox 561 166 1930 237; baseline 0.008 -13"><span class='ocrx_word' id='word_1_1' title='bbox 561 166 1122 232; x_wconf 87' lang='lat' dir='ltr'><strong>CHRONOGRAPH.</strong></span> <span class='ocrx_word' id='word_1_2' title='bbox 1159 177 1423 235; x_wconf 86' lang='lat' dir='ltr'><strong>CANON.</strong></span> <span class='ocrx_word' id='word_1_3' title='bbox 1810 176 1930 237; x_wconf 82' lang='lat'><strong>135</strong></span> 
     </span>
    </p>
   </div>
   <div class='ocr_carea' id='block_1_2' title="bbox 297 301 1642 356">
    <p class='ocr_par' dir='ltr' id='par_1_2' title="bbox 297 301 1642 356">
     <span class='ocr_line' id='line_1_2' title="bbox 297 301 1642 356; baseline 0.013 -19"><span class='ocrx_word' id='word_1_4' title='bbox 297 301 568 348; x_wconf 69' lang='lat' dir='ltr'><strong><em>Sicyoniorum</em></strong></span> <span class='ocrx_word' id='word_1_5' title='bbox 637 307 639 309; x_wconf 82' lang='lat'>&#39;</span> <span class='ocrx_word' id='word_1_6' title='bbox 693 305 932 354; x_wconf 79' lang='lat' dir='ltr'><strong>Argivorum</strong></span> <span class='ocrx_word' id='word_1_7' title='bbox 1101 305 1446 354; x_wconf 69' lang='lat' dir='ltr'><strong>¹Patr-iarehaewum</strong></span> <span class='ocrx_word' id='word_1_8' title='bbox 1472 321 1642 356; x_wconf 67' lang='lat' dir='ltr'><strong>aetates,</strong></span> 
     </span>
    </p>
   </div>
   <div class='ocr_carea' id='block_1_3' title="bbox 79 359 1917 2053">
    <p class='ocr_par' dir='ltr' id='par_1_3' title="bbox 79 359 1917 2053">
     <span class='ocr_line' id='line_1_3' title="bbox 362 359 1708 426; baseline 0.008 -12"><span class='ocrx_word' id='word_1_9' title='bbox 362 359 505 408; x_wconf 51' lang='lat' dir='ltr'><strong><em>Rege*</em></strong></span> <span class='ocrx_word' id='word_1_10' title='bbox 749 364 894 412; x_wconf 58' lang='lat' dir='ltr'><strong><em>Rege&amp;</em></strong></span> <span class='ocrx_word' id='word_1_11' title='bbox 1017 383 1243 422; x_wconf 63' lang='lat' dir='ltr'><strong>Producitur</strong></span> <span class='ocrx_word' id='word_1_12' title='bbox 1267 398 1368 424; x_wconf 83' lang='lat' dir='ltr'><strong>oom—</strong></span> <span class='ocrx_word' id='word_1_13' title='bbox 1423 377 1590 426; x_wconf 68' lang='lat' dir='ltr'><strong>Brevin:</strong></span> <span class='ocrx_word' id='word_1_14' title='bbox 1610 398 1708 425; x_wconf 85' lang='lat' dir='ltr'><strong>com-</strong></span> 
     </span>
     <span class='ocr_line' id='line_1_4' title="bbox 1129 447 1637 494; baseline 0.008 -15"><span class='ocrx_word' id='word_1_15' title='bbox 1129 447 1255 489; x_wconf 76' lang='lat' dir='ltr'><strong>putus.</strong></span> <span class='ocrx_word' id='word_1_16' title='bbox 1398 460 1401 474; x_wconf 70' lang='lat'>1</span> <span class='ocrx_word' id='word_1_17' title='bbox 1510 451 1637 494; x_wconf 71' lang='lat' dir='ltr'><strong>potue.</strong></span> 
     </span>
     <span class='ocr_line' id='line_1_5' title="bbox 395 502 1602 568; baseline 0.014 -17"><span class='ocrx_word' id='word_1_18' title='bbox 395 502 464 552; x_wconf 85' lang='lat'><strong>19</strong></span> <span class='ocrx_word' id='word_1_19' title='bbox 773 508 840 557; x_wconf 81' lang='lat'><strong>21</strong></span> <span class='ocrx_word' id='word_1_20' title='bbox 1016 552 1017 555; x_wconf 63' lang='grc'>,</span> <span class='ocrx_word' id='word_1_21' title='bbox 1155 510 1226 564; x_wconf 87' lang='grc'><strong>24</strong></span> <span class='ocrx_word' id='word_1_22' title='bbox 1398 531 1400 534; x_wconf 68' lang='grc'>’</span> <span class='ocrx_word' id='word_1_23' title='bbox 1533 519 1602 568; x_wconf 91' lang='grc'><strong>23</strong></span> 
     </span>
     <span class='ocr_line' id='line_1_6' title="bbox 391 573 1602 638; baseline 0.016 -18"><span class='ocrx_word' id='word_1_24' title='bbox 391 573 462 621; x_wconf 88' lang='grc'><strong>20</strong></span> <span class='ocrx_word' id='word_1_25' title='bbox 743 579 845 627; x_wconf 89' lang='grc'><strong>.22</strong></span> <span class='ocrx_word' id='word_1_26' title='bbox 1154 583 1224 635; x_wconf 92' lang='grc'><strong>25</strong></span> <span class='ocrx_word' id='word_1_27' title='bbox 1395 580 1397 583; x_wconf 39' lang='lat'><strong>⁴</strong></span> <span class='ocrx_word' id='word_1_28' title='bbox 1531 589 1602 638; x_wconf 83' lang='lat'><strong>24</strong></span> 
     </span>
     <span class='ocr_line' id='line_1_7' title="bbox 390 644 1602 713; baseline 0.014 -21"><span class='ocrx_word' id='word_1_29' title='bbox 390 644 457 693; x_wconf 83' lang='lat'><strong>21</strong></span> <span class='ocrx_word' id='word_1_30' title='bbox 771 649 840 699; x_wconf 82' lang='lat'><strong>23</strong></span> <span class='ocrx_word' id='word_1_31' title='bbox 1155 657 1224 704; x_wconf 90' lang='grc'><strong>26</strong></span> <span class='ocrx_word' id='word_1_32' title='bbox 1531 657 1602 713; x_wconf 97' lang='grc'><strong>25</strong></span> 
     </span>
     <span class='ocr_line' id='line_1_8' title="bbox 389 715 1602 780; baseline 0.016 -19"><span class='ocrx_word' id='word_1_33' title='bbox 389 715 461 762; x_wconf 90' lang='grc'><strong>22</strong></span> <span class='ocrx_word' id='word_1_34' title='bbox 772 720 844 768; x_wconf 87' lang='grc'><strong>24</strong></span> <span class='ocrx_word' id='word_1_35' title='bbox 1154 726 1225 775; x_wconf 91' lang='grc'><strong>27</strong></span> <span class='ocrx_word' id='word_1_36' title='bbox 1531 731 1602 780; x_wconf 87' lang='grc'><strong>26</strong></span> 
     </span>
     <span class='ocr_line' id='line_1_9' title="bbox 391 785 1603 850; baseline 0.014 -17"><span class='ocrx_word' id='word_1_37' title='bbox 391 785 459 833; x_wconf 90' lang='grc'><strong>23</strong></span> <span class='ocrx_word' id='word_1_38' title='bbox 771 786 841 839; x_wconf 88' lang='grc'>25</span> <span class='ocrx_word' id='word_1_39' title='bbox 1151 797 1223 846; x_wconf 89' lang='grc'>28</span> <span class='ocrx_word' id='word_1_40' title='bbox 1532 801 1603 850; x_wconf 88' lang='grc'>27</span> 
     </span>
     <span class='ocr_line' id='line_1_10' title="bbox 387 855 1600 921; baseline 0.015 -18"><span class='ocrx_word' id='word_1_41' title='bbox 387 855 460 904; x_wconf 86' lang='grc'><strong>24</strong></span> <span class='ocrx_word' id='word_1_42' title='bbox 771 860 841 909; x_wconf 94' lang='grc'><strong>26</strong></span> <span class='ocrx_word' id='word_1_43' title='bbox 1152 866 1222 915; x_wconf 88' lang='grc'>29</span> <span class='ocrx_word' id='word_1_44' title='bbox 1531 873 1600 921; x_wconf 91' lang='grc'>28</span> 
     </span>
     <span class='ocr_line' id='line_1_11' title="bbox 388 922 1597 991; baseline 0.012 -17"><span class='ocrx_word' id='word_1_45' title='bbox 388 922 458 975; x_wconf 89' lang='grc'>25</span> <span class='ocrx_word' id='word_1_46' title='bbox 769 931 839 979; x_wconf 89' lang='grc'>27</span> <span class='ocrx_word' id='word_1_47' title='bbox 1154 936 1223 986; x_wconf 89' lang='grc'>30</span> <span class='ocrx_word' id='word_1_48' title='bbox 1528 941 1597 991; x_wconf 88' lang='grc'>29</span> 
     </span>
     <span class='ocr_line' id='line_1_12' title="bbox 387 997 1599 1060; baseline 0.012 -15"><span class='ocrx_word' id='word_1_49' title='bbox 387 997 456 1046; x_wconf 91' lang='grc'>26</span> <span class='ocrx_word' id='word_1_50' title='bbox 770 1002 840 1052; x_wconf 90' lang='grc'><strong>28</strong></span> <span class='ocrx_word' id='word_1_51' title='bbox 1150 1009 1216 1058; x_wconf 83' lang='grc'>31</span> <span class='ocrx_word' id='word_1_52' title='bbox 1530 1012 1599 1060; x_wconf 87' lang='grc'>30</span> 
     </span>
     <span class='ocr_line' id='line_1_13' title="bbox 386 1070 1593 1132; baseline 0.011 -17"><span class='ocrx_word' id='word_1_53' title='bbox 386 1070 458 1131; x_wconf 81' lang='grc'><strong>27</strong></span> <span class='ocrx_word' id='word_1_54' title='bbox 768 1073 839 1121; x_wconf 84' lang='grc'><strong>29</strong></span> <span class='ocrx_word' id='word_1_55' title='bbox 1151 1078 1222 1128; x_wconf 78' lang='grc'><strong>32</strong></span> <span class='ocrx_word' id='word_1_56' title='bbox 1528 1082 1593 1132; x_wconf 85' lang='lat'><strong>31</strong></span> 
     </span>
     <span class='ocr_line' id='line_1_14' title="bbox 385 1138 1598 1204; baseline 0.011 -17"><span class='ocrx_word' id='word_1_57' title='bbox 385 1138 456 1188; x_wconf 90' lang='grc'><strong>29</strong></span> <span class='ocrx_word' id='word_1_58' title='bbox 769 1143 839 1192; x_wconf 88' lang='grc'>30</span> <span class='ocrx_word' id='word_1_59' title='bbox 1151 1149 1220 1200; x_wconf 88' lang='grc'><strong>33</strong></span> <span class='ocrx_word' id='word_1_60' title='bbox 1528 1153 1598 1204; x_wconf 89' lang='grc'><strong>32</strong></span> 
     </span>
     <span class='ocr_line' id='line_1_15' title="bbox 384 1211 1596 1273; baseline 0.008 -13"><span class='ocrx_word' id='word_1_61' title='bbox 384 1211 455 1261; x_wconf 91' lang='grc'><strong>28</strong></span> <span class='ocrx_word' id='word_1_62' title='bbox 769 1213 835 1262; x_wconf 89' lang='grc'>31</span> <span class='ocrx_word' id='word_1_63' title='bbox 1151 1218 1220 1268; x_wconf 89' lang='grc'>34</span> <span class='ocrx_word' id='word_1_64' title='bbox 1528 1223 1596 1273; x_wconf 84' lang='grc'><strong>33</strong></span> 
     </span>
     <span class='ocr_line' id='line_1_16' title="bbox 388 1282 1598 1355; baseline 0.012 -25"><span class='ocrx_word' id='word_1_65' title='bbox 388 1282 457 1330; x_wconf 83' lang='lat'><strong>30</strong></span> <span class='ocrx_word' id='word_1_66' title='bbox 770 1285 839 1335; x_wconf 83' lang='lat'><strong>32</strong></span> <span class='ocrx_word' id='word_1_67' title='bbox 1150 1286 1218 1340; x_wconf 80' lang='lat'><strong>35</strong></span> <span class='ocrx_word' id='word_1_68' title='bbox 1528 1293 1598 1355; x_wconf 82' lang='lat'><strong>34</strong></span> 
     </span>
     <span class='ocr_line' id='line_1_17' title="bbox 79 1421 1917 1449; baseline 0.008 -19"><span class='ocrx_word' id='word_1_69' title='bbox 79 1421 1917 1449; x_wconf 64' lang='lat'><strong>-—--——--———--..-...—--..—-—„-—,--„‚‚—„-⁴</strong></span> 
     </span>
     <span class='ocr_line' id='line_1_18' title="bbox 119 1520 1830 1570; baseline 0.009 -16"><span class='ocrx_word' id='word_1_70' title='bbox 119 1520 388 1566; x_wconf 78' lang='lat' dir='ltr'><strong>Sicyoniorum</strong></span> <span class='ocrx_word' id='word_1_71' title='bbox 512 1521 756 1566; x_wconf 73' lang='lat' dir='ltr'><strong>Argivorum</strong></span> <span class='ocrx_word' id='word_1_72' title='bbox 865 1523 1167 1561; x_wconf 72' lang='lat' dir='ltr'><em>Atheniensium</em></span> <span class='ocrx_word' id='word_1_73' title='bbox 1305 1529 1640 1566; x_wconf 78' lang='lat' dir='ltr'><strong>Patriarcharum</strong></span> <span class='ocrx_word' id='word_1_74' title='bbox 1663 1537 1830 1570; x_wconf 72' lang='lat' dir='ltr'><strong>aetates.</strong></span> 
     </span>
     <span class='ocr_line' id='line_1_19' title="bbox 182 1577 1806 1640; baseline 0.008 -28"><span class='ocrx_word' id='word_1_75' title='bbox 182 1577 325 1624; x_wconf 76' lang='lat' dir='ltr'><strong>Reges.</strong></span> <span class='ocrx_word' id='word_1_76' title='bbox 568 1579 713 1624; x_wconf 81' lang='lat' dir='ltr'><strong>Reges·</strong></span> <span class='ocrx_word' id='word_1_77' title='bbox 845 1593 1012 1640; x_wconf 65' lang='lat' dir='ltr'><strong>regnum</strong></span> <span class='ocrx_word' id='word_1_78' title='bbox 1023 1584 1187 1618; x_wconf 67' lang='lat' dir='ltr'><strong>ewardi·</strong></span> <span class='ocrx_word' id='word_1_79' title='bbox 1264 1583 1494 1624; x_wconf 83' lang='lat' dir='ltr'><strong>Productior</strong></span> <span class='ocrx_word' id='word_1_80' title='bbox 1642 1589 1806 1625; x_wconf 81' lang='lat' dir='ltr'><strong>Brevior</strong></span> 
     </span>
     <span class='ocr_line' id='line_1_20' title="bbox 975 1646 1817 1695; baseline 0.011 -20"><span class='ocrx_word' id='word_1_81' title='bbox 975 1646 1057 1676; x_wconf 77' lang='lat' dir='ltr'><strong>tur.</strong></span> <span class='ocrx_word' id='word_1_82' title='bbox 1236 1654 1242 1660; x_wconf 93' lang='lat'>·</span> <span class='ocrx_word' id='word_1_83' title='bbox 1265 1648 1477 1689; x_wconf 82' lang='lat' dir='ltr'><strong>computus.</strong></span> <span class='ocrx_word' id='word_1_84' title='bbox 1609 1652 1817 1695; x_wconf 80' lang='lat' dir='ltr'><strong>computus.</strong></span> 
     </span>
     <span class='ocr_line' id='line_1_21' title="bbox 860 1703 1698 1760; baseline 0.004 -2"><span class='ocrx_word' id='word_1_85' title='bbox 860 1723 1153 1760; x_wconf 67' lang='lat' dir='ltr'><strong>Atheniensium</strong></span> <span class='ocrx_word' id='word_1_86' title='bbox 1694 1703 1698 1707; x_wconf 30' lang='grc' dir='ltr'><em>ι</em></span> 
     </span>
     <span class='ocr_line' id='line_1_22' title="bbox 832 1782 1185 1818; baseline 0 0"><span class='ocrx_word' id='word_1_87' title='bbox 832 1782 917 1818; x_wconf 83' lang='lat' dir='ltr'><strong>Rex</strong></span> <span class='ocrx_word' id='word_1_88' title='bbox 938 1782 971 1816; x_wconf 92' lang='grc'><strong>1.</strong></span> <span class='ocrx_word' id='word_1_89' title='bbox 1001 1783 1185 1818; x_wconf 69' lang='lat' dir='ltr'><strong>cncnors</strong></span> 
     </span>
     <span class='ocr_line' id='line_1_23' title="bbox 847 1839 1091 1875; baseline 0.004 -1"><span class='ocrx_word' id='word_1_90' title='bbox 847 1860 850 1870; x_wconf 53' lang='grc' dir='ltr'><strong><em>ι</em></strong></span> <span class='ocrx_word' id='word_1_91' title='bbox 904 1839 1014 1875; x_wconf 78' lang='lat' dir='ltr'><strong>annis</strong></span> <span class='ocrx_word' id='word_1_92' title='bbox 1035 1840 1091 1875; x_wconf 76' lang='lat'><strong>50.</strong></span> 
     </span>
     <span class='ocr_line' id='line_1_24' title="bbox 211 1925 1771 1979; baseline -0.001 0"><span class='ocrx_word' id='word_1_93' title='bbox 211 1929 278 1979; x_wconf 83' lang='lat'><strong>31</strong></span> <span class='ocrx_word' id='word_1_94' title='bbox 590 1927 659 1976; x_wconf 87' lang='grc'><strong>33</strong></span> <span class='ocrx_word' id='word_1_95' title='bbox 1011 1927 1038 1974; x_wconf 92' lang='grc'>1</span> <span class='ocrx_word' id='word_1_96' title='bbox 1355 1925 1425 1974; x_wconf 89' lang='grc'>36</span> <span class='ocrx_word' id='word_1_97' title='bbox 1701 1926 1771 1978; x_wconf 88' lang='grc'><strong>35</strong></span> 
     </span>
     <span class='ocr_line' id='line_1_25' title="bbox 212 1996 1770 2053; baseline -0.001 -3"><span class='ocrx_word' id='word_1_98' title='bbox 212 2000 282 2050; x_wconf 86' lang='grc'><strong>32</strong></span> <span class='ocrx_word' id='word_1_99' title='bbox 591 1997 660 2053; x_wconf 81' lang='lat'><strong>34</strong></span> <span class='ocrx_word' id='word_1_100' title='bbox 1009 1997 1045 2046; x_wconf 92' lang='grc'><strong>2</strong></span> <span class='ocrx_word' id='word_1_101' title='bbox 1356 1996 1424 2044; x_wconf 86' lang='grc'>37</span> <span class='ocrx_word' id='word_1_102' title='bbox 1700 2000 1770 2051; x_wconf 88' lang='grc'>36</span> 
     </span>
    </p>
   </div>
   <div class='ocr_carea' id='block_1_4' title="bbox 70 2173 1904 2310">
    <p class='ocr_par' dir='ltr' id='par_1_4' title="bbox 70 2173 1904 2310">
     <span class='ocr_line' id='line_1_26' title="bbox 71 2173 1904 2242; baseline 0.001 -17"><span class='ocrx_word' id='word_1_103' title='bbox 71 2194 173 2242; x_wconf 86' lang='lat' dir='ltr'><strong>quo</strong></span> <span class='ocrx_word' id='word_1_104' title='bbox 199 2177 331 2225; x_wconf 85' lang='lat' dir='ltr'><strong>circa</strong></span> <span class='ocrx_word' id='word_1_105' title='bbox 357 2176 462 2224; x_wconf 89' lang='lat' dir='ltr'><strong>solo</strong></span> <span class='ocrx_word' id='word_1_106' title='bbox 492 2173 722 2239; x_wconf 87' lang='lat' dir='ltr'><strong>quinario</strong></span> <span class='ocrx_word' id='word_1_107' title='bbox 753 2174 992 2238; x_wconf 83' lang='lat' dir='ltr'><strong>Georgius</strong></span> <span class='ocrx_word' id='word_1_108' title='bbox 1014 2174 1273 2223; x_wconf 74' lang='lat' dir='ltr'><strong>restitutus</strong></span> <span class='ocrx_word' id='word_1_109' title='bbox 1297 2174 1568 2224; x_wconf 83' lang='lat' dir='ltr'><strong>Eusebium</strong></span> <span class='ocrx_word' id='word_1_110' title='bbox 1594 2177 1817 2228; x_wconf 85' lang='lat' dir='ltr'>excedit:</span> <span class='ocrx_word' id='word_1_111' title='bbox 1855 2187 1904 2227; x_wconf 87' lang='lat' dir='ltr'><strong>et</strong></span> 
     </span>
     <span class='ocr_line' id='line_1_27' title="bbox 70 2245 1901 2310; baseline 0.001 -16"><span class='ocrx_word' id='word_1_112' title='bbox 70 2247 162 2295; x_wconf 85' lang='lat' dir='ltr'><strong>ubi</strong></span> <span class='ocrx_word' id='word_1_113' title='bbox 199 2249 263 2295; x_wconf 88' lang='lat' dir='ltr'><strong>ad</strong></span> <span class='ocrx_word' id='word_1_114' title='bbox 295 2246 521 2295; x_wconf 89' lang='lat' dir='ltr'><strong>Abrahae</strong></span> <span class='ocrx_word' id='word_1_115' title='bbox 561 2262 749 2293; x_wconf 89' lang='lat' dir='ltr'><strong>annum</strong></span> <span class='ocrx_word' id='word_1_116' title='bbox 783 2248 906 2299; x_wconf 86' lang='lat'><strong>890.</strong></span> <span class='ocrx_word' id='word_1_117' title='bbox 929 2245 1280 2310; x_wconf 79' lang='lat' dir='ltr'>Sicyoniorum</span> <span class='ocrx_word' id='word_1_118' title='bbox 1316 2263 1472 2295; x_wconf 84' lang='lat' dir='ltr'><strong>annos</strong></span> <span class='ocrx_word' id='word_1_119' title='bbox 1506 2251 1625 2301; x_wconf 78' lang='grc'>962.</span> <span class='ocrx_word' id='word_1_120' title='bbox 1660 2249 1901 2297; x_wconf 84' lang='lat' dir='ltr'><strong>Eusebius</strong></span> 
     </span>
    </p>
   </div>
   <div class='ocr_carea' id='block_1_5' title="bbox 70 2311 1898 2454">
    <p class='ocr_par' dir='ltr' id='par_1_5' title="bbox 70 2311 1898 2454">
     <span class='ocr_line' id='line_1_28' title="bbox 70 2311 1898 2380; baseline 0.001 -14"><span class='ocrx_word' id='word_1_121' title='bbox 70 2317 313 2380; x_wconf 84' lang='lat' dir='ltr'><strong>affirmat,</strong></span> <span class='ocrx_word' id='word_1_122' title='bbox 371 2316 611 2379; x_wconf 86' lang='lat' dir='ltr'><strong>Georgius</strong></span> <span class='ocrx_word' id='word_1_123' title='bbox 651 2311 767 2380; x_wconf 38' lang='lat' dir='ltr'><strong>pagi</strong></span> <span class='ocrx_word' id='word_1_124' title='bbox 799 2315 919 2369; x_wconf 88' lang='grc'>152.</span> <span class='ocrx_word' id='word_1_125' title='bbox 960 2315 1019 2365; x_wconf 91' lang='lat' dir='ltr'><strong>A.</strong></span> <span class='ocrx_word' id='word_1_126' title='bbox 1055 2333 1298 2364; x_wconf 84' lang='lat' dir='ltr'><strong>summam</strong></span> <span class='ocrx_word' id='word_1_127' title='bbox 1329 2321 1448 2370; x_wconf 85' lang='lat'><strong>967.</strong></span> <span class='ocrx_word' id='word_1_128' title='bbox 1492 2333 1595 2364; x_wconf 90' lang='lat' dir='ltr'><strong>esse</strong></span> <span class='ocrx_word' id='word_1_129' title='bbox 1625 2324 1898 2368; x_wconf 70' lang='lat' dir='ltr'><strong>attestatur.</strong></span> 
     </span>
     <span class='ocr_line' id='line_1_29' title="bbox 70 2387 1897 2454; baseline 0.001 -18"><span class='ocrx_word' id='word_1_130' title='bbox 70 2388 417 2454; x_wconf 86' lang='lat' dir='ltr'><strong>Sicyoniorum</strong></span> <span class='ocrx_word' id='word_1_131' title='bbox 442 2403 653 2450; x_wconf 89' lang='lat' dir='ltr'><strong>regnum</strong></span> <span class='ocrx_word' id='word_1_132' title='bbox 680 2402 873 2433; x_wconf 88' lang='lat' dir='ltr'><strong>summa</strong></span> <span class='ocrx_word' id='word_1_133' title='bbox 908 2393 985 2433; x_wconf 87' lang='lat' dir='ltr'><strong>est</strong></span> <span class='ocrx_word' id='word_1_134' title='bbox 1020 2402 1266 2434; x_wconf 86' lang='lat' dir='ltr'><strong>annorum</strong></span> <span class='ocrx_word' id='word_1_135' title='bbox 1304 2391 1423 2441; x_wconf 88' lang='lat'><strong>967.</strong></span> <span class='ocrx_word' id='word_1_136' title='bbox 1457 2387 1626 2435; x_wconf 84' lang='lat' dir='ltr'><strong>Carnii</strong></span> <span class='ocrx_word' id='word_1_137' title='bbox 1655 2389 1897 2437; x_wconf 88' lang='lat' dir='ltr'><strong>Sacerdo-</strong></span> 
     </span>
    </p>
   </div>
   <div class='ocr_carea' id='block_1_6' title="bbox 30 2456 1898 3297">
    <p class='ocr_par' dir='ltr' id='par_1_6' title="bbox 30 2456 1898 3297">
     <span class='ocr_line' id='line_1_30' title="bbox 69 2456 1898 2522; baseline 0.001 -15"><span class='ocrx_word' id='word_1_138' title='bbox 69 2466 177 2507; x_wconf 86' lang='lat' dir='ltr'><strong>tum</strong></span> <span class='ocrx_word' id='word_1_139' title='bbox 205 2461 290 2512; x_wconf 85' lang='lat'><strong>33.</strong></span> <span class='ocrx_word' id='word_1_140' title='bbox 323 2465 619 2506; x_wconf 85' lang='lat' dir='ltr'><strong>cunctorum</strong></span> <span class='ocrx_word' id='word_1_141' title='bbox 658 2456 835 2518; x_wconf 87' lang='lat' dir='ltr'><strong>simul,</strong></span> <span class='ocrx_word' id='word_1_142' title='bbox 882 2456 1035 2503; x_wconf 87' lang='lat' dir='ltr'><strong>mille.</strong></span> <span class='ocrx_word' id='word_1_143' title='bbox 1105 2456 1382 2504; x_wconf 83' lang='lat' dir='ltr'><strong>Exordium</strong></span> <span class='ocrx_word' id='word_1_144' title='bbox 1427 2474 1600 2520; x_wconf 87' lang='lat' dir='ltr'><strong>regum</strong></span> <span class='ocrx_word' id='word_1_145' title='bbox 1643 2459 1898 2522; x_wconf 82' lang='lat' dir='ltr'><strong>vulgarem</strong></span> 
     </span>
     <span class='ocr_line' id='line_1_31' title="bbox 67 2526 1897 2588; baseline -0.002 -10"><span class='ocrx_word' id='word_1_146' title='bbox 67 2528 246 2578; x_wconf 87' lang='lat' dir='ltr'><strong>mundi</strong></span> <span class='ocrx_word' id='word_1_147' title='bbox 269 2532 422 2583; x_wconf 79' lang='lat'><strong>3239.</strong></span> <span class='ocrx_word' id='word_1_148' title='bbox 463 2526 828 2575; x_wconf 85' lang='lat' dir='ltr'><strong>coincidentem</strong></span> <span class='ocrx_word' id='word_1_149' title='bbox 866 2526 1078 2588; x_wconf 73' lang='lat' dir='ltr'><strong>obtinet,</strong></span> <span class='ocrx_word' id='word_1_150' title='bbox 1116 2526 1275 2574; x_wconf 69' lang='lat' dir='ltr'><strong>exitus</strong></span> <span class='ocrx_word' id='word_1_151' title='bbox 1311 2527 1465 2580; x_wconf 80' lang='lat'><strong>4205.</strong></span> <span class='ocrx_word' id='word_1_152' title='bbox 1504 2528 1698 2577; x_wconf 83' lang='lat' dir='ltr'><strong>Priores</strong></span> <span class='ocrx_word' id='word_1_153' title='bbox 1731 2537 1897 2578; x_wconf 87' lang='lat' dir='ltr'><strong>tamen</strong></span> 
     </span>
     <span class='ocr_line' id='line_1_32' title="bbox 70 2596 1894 2662; baseline -0.003 -14"><span class='ocrx_word' id='word_1_154' title='bbox 70 2599 270 2662; x_wconf 86' lang='lat' dir='ltr'><strong>Georgii</strong></span> <span class='ocrx_word' id='word_1_155' title='bbox 291 2599 486 2647; x_wconf 84' lang='lat' dir='ltr'><strong>tabulae</strong></span> <span class='ocrx_word' id='word_1_156' title='bbox 511 2614 682 2661; x_wconf 86' lang='lat' dir='ltr'><strong>regum</strong></span> <span class='ocrx_word' id='word_1_157' title='bbox 706 2596 858 2644; x_wconf 91' lang='lat' dir='ltr'><strong>finem</strong></span> <span class='ocrx_word' id='word_1_158' title='bbox 881 2596 935 2643; x_wconf 92' lang='lat' dir='ltr'><strong>in</strong></span> <span class='ocrx_word' id='word_1_159' title='bbox 958 2596 1133 2644; x_wconf 87' lang='lat' dir='ltr'><strong>mundi</strong></span> <span class='ocrx_word' id='word_1_160' title='bbox 1156 2597 1312 2649; x_wconf 80' lang='lat'><strong>4217.</strong></span> <span class='ocrx_word' id='word_1_161' title='bbox 1346 2596 1581 2646; x_wconf 83' lang='lat' dir='ltr'><strong>reiiciuut</strong></span> <span class='ocrx_word' id='word_1_162' title='bbox 1594 2636 1609 2662; x_wconf 83' lang='lat'><em>‚</em></span> <span class='ocrx_word' id='word_1_163' title='bbox 1648 2607 1695 2647; x_wconf 87' lang='lat' dir='ltr'><strong>et</strong></span> <span class='ocrx_word' id='word_1_164' title='bbox 1716 2607 1777 2647; x_wconf 91' lang='lat' dir='ltr'><strong>ut</strong></span> <span class='ocrx_word' id='word_1_165' title='bbox 1807 2619 1894 2648; x_wconf 84' lang='lat' dir='ltr'><strong>an-</strong></span> 
     </span>
     <span class='ocr_line' id='line_1_33' title="bbox 68 2666 1894 2733; baseline -0.001 -14"><span class='ocrx_word' id='word_1_166' title='bbox 68 2670 261 2720; x_wconf 76' lang='lat' dir='ltr'><strong>notatio</strong></span> <span class='ocrx_word' id='word_1_167' title='bbox 296 2668 580 2733; x_wconf 86' lang='lat' dir='ltr'><strong>marginalis</strong></span> <span class='ocrx_word' id='word_1_168' title='bbox 609 2684 718 2732; x_wconf 87' lang='lat' dir='ltr'><strong>pag.</strong></span> <span class='ocrx_word' id='word_1_169' title='bbox 747 2669 864 2721; x_wconf 83' lang='lat'><strong>152.</strong></span> <span class='ocrx_word' id='word_1_170' title='bbox 890 2666 948 2715; x_wconf 89' lang='lat' dir='ltr'><strong>A.</strong></span> <span class='ocrx_word' id='word_1_171' title='bbox 973 2667 1234 2730; x_wconf 87' lang='lat' dir='ltr'><strong>admonet,</strong></span> <span class='ocrx_word' id='word_1_172' title='bbox 1274 2683 1416 2715; x_wconf 88' lang='lat' dir='ltr'><strong>error</strong></span> <span class='ocrx_word' id='word_1_173' title='bbox 1447 2675 1497 2716; x_wconf 84' lang='lat' dir='ltr'><strong>et</strong></span> <span class='ocrx_word' id='word_1_174' title='bbox 1532 2685 1762 2718; x_wconf 86' lang='lat' dir='ltr'><strong>excessus</strong></span> <span class='ocrx_word' id='word_1_175' title='bbox 1800 2688 1894 2718; x_wconf 89' lang='lat' dir='ltr'><strong>an-</strong></span> 
     </span>
     <span class='ocr_line' id='line_1_34' title="bbox 67 2737 1894 2804; baseline -0.001 -14"><span class='ocrx_word' id='word_1_176' title='bbox 67 2758 247 2790; x_wconf 85' lang='lat' dir='ltr'><strong>norum</strong></span> <span class='ocrx_word' id='word_1_177' title='bbox 282 2739 543 2788; x_wconf 84' lang='lat' dir='ltr'><strong>duodecim</strong></span> <span class='ocrx_word' id='word_1_178' title='bbox 566 2738 807 2803; x_wconf 78' lang='lat' dir='ltr'><strong>arguitur.</strong></span> <span class='ocrx_word' id='word_1_179' title='bbox 861 2737 946 2804; x_wconf 50' lang='lat' dir='ltr'><strong>xAt</strong></span> <span class='ocrx_word' id='word_1_180' title='bbox 970 2754 1085 2784; x_wconf 89' lang='lat' dir='ltr'><strong>cum</strong></span> <span class='ocrx_word' id='word_1_181' title='bbox 1111 2738 1167 2785; x_wconf 90' lang='lat' dir='ltr'><strong>in</strong></span> <span class='ocrx_word' id='word_1_182' title='bbox 1198 2737 1458 2786; x_wconf 89' lang='lat' dir='ltr'><strong>nonnullis</strong></span> <span class='ocrx_word' id='word_1_183' title='bbox 1487 2755 1694 2803; x_wconf 89' lang='lat' dir='ltr'><strong>regnum</strong></span> <span class='ocrx_word' id='word_1_184' title='bbox 1725 2741 1894 2788; x_wconf 78' lang='lat' dir='ltr'><strong>aetati-</strong></span> 
     </span>
     <span class='ocr_line' id='line_1_35' title="bbox 67 2807 1892 2875; baseline -0.001 -15"><span class='ocrx_word' id='word_1_185' title='bbox 67 2812 159 2860; x_wconf 88' lang='lat' dir='ltr'><strong>bus</strong></span> <span class='ocrx_word' id='word_1_186' title='bbox 199 2810 398 2874; x_wconf 85' lang='lat' dir='ltr'><strong>Georgii</strong></span> <span class='ocrx_word' id='word_1_187' title='bbox 435 2809 616 2857; x_wconf 85' lang='lat' dir='ltr'><strong>calculi</strong></span> <span class='ocrx_word' id='word_1_188' title='bbox 649 2815 886 2873; x_wconf 87' lang='lat' dir='ltr'><strong>superent</strong></span> <span class='ocrx_word' id='word_1_189' title='bbox 919 2807 1250 2871; x_wconf 83' lang='lat' dir='ltr'><strong>Eusebianos,</strong></span> <span class='ocrx_word' id='word_1_190' title='bbox 1289 2815 1338 2856; x_wconf 89' lang='lat' dir='ltr'><strong>et</strong></span> <span class='ocrx_word' id='word_1_191' title='bbox 1373 2807 1428 2855; x_wconf 91' lang='lat' dir='ltr'><strong>hi</strong></span> <span class='ocrx_word' id='word_1_192' title='bbox 1465 2810 1652 2874; x_wconf 87' lang='lat' dir='ltr'><strong>pariter</strong></span> <span class='ocrx_word' id='word_1_193' title='bbox 1695 2811 1892 2875; x_wconf 83' lang='lat' dir='ltr'><strong>Georgii</strong></span> 
     </span>
     <span class='ocr_line' id='line_1_36' title="bbox 67 2878 1890 2946; baseline -0.001 -16"><span class='ocrx_word' id='word_1_194' title='bbox 67 2882 377 2946; x_wconf 87' lang='lat' dir='ltr'><strong>frequentius</strong></span> <span class='ocrx_word' id='word_1_195' title='bbox 395 2880 663 2940; x_wconf 82' lang='lat' dir='ltr'><strong>excedant,</strong></span> <span class='ocrx_word' id='word_1_196' title='bbox 697 2895 768 2927; x_wconf 86' lang='lat' dir='ltr'><strong>ex</strong></span> <span class='ocrx_word' id='word_1_197' title='bbox 785 2878 964 2942; x_wconf 88' lang='lat' dir='ltr'><strong>quibus</strong></span> <span class='ocrx_word' id='word_1_198' title='bbox 989 2885 1121 2926; x_wconf 88' lang='lat' dir='ltr'><strong>certa</strong></span> <span class='ocrx_word' id='word_1_199' title='bbox 1147 2878 1288 2926; x_wconf 87' lang='lat' dir='ltr'><strong>fieret</strong></span> <span class='ocrx_word' id='word_1_200' title='bbox 1311 2878 1554 2943; x_wconf 86' lang='lat' dir='ltr'><strong>rescissio,</strong></span> <span class='ocrx_word' id='word_1_201' title='bbox 1590 2898 1694 2929; x_wconf 91' lang='lat' dir='ltr'><strong>non</strong></span> <span class='ocrx_word' id='word_1_202' title='bbox 1713 2881 1890 2944; x_wconf 88' lang='lat' dir='ltr'><strong>abnu0,</strong></span> 
     </span>
     <span class='ocr_line' id='line_1_37' title="bbox 30 2916 1892 3018; baseline 0 -19"><span class='ocrx_word' id='word_1_203' title='bbox 30 2958 40 2970; x_wconf 74' lang='lat'>⁸</span> <span class='ocrx_word' id='word_1_204' title='bbox 65 2952 216 3018; x_wconf 86' lang='lat' dir='ltr'><strong>plane</strong></span> <span class='ocrx_word' id='word_1_205' title='bbox 250 2969 354 3000; x_wconf 89' lang='lat' dir='ltr'><strong>non</strong></span> <span class='ocrx_word' id='word_1_206' title='bbox 399 2916 671 3000; x_wconf 60' lang='lat' dir='ltr'><strong>constabat&#39;,</strong></span> <span class='ocrx_word' id='word_1_207' title='bbox 763 2948 1170 2996; x_wconf 86' lang='lat' dir='ltr'><strong>Emendationem</strong></span> <span class='ocrx_word' id='word_1_208' title='bbox 1213 2948 1524 2997; x_wconf 82' lang='lat' dir='ltr'><strong>abhibiturus</strong></span> <span class='ocrx_word' id='word_1_209' title='bbox 1540 2918 1892 3000; x_wconf 66' lang='lat' dir='ltr'><strong>Laomedonti</strong></span> 
     </span>
     <span class='ocr_line' id='line_1_38' title="bbox 66 3019 1890 3087; baseline -0.001 -15"><span class='ocrx_word' id='word_1_210' title='bbox 66 3021 272 3087; x_wconf 86' lang='lat' dir='ltr'><strong>Polybio</strong></span> <span class='ocrx_word' id='word_1_211' title='bbox 297 3020 482 3069; x_wconf 88' lang='lat' dir='ltr'><strong>Inacho</strong></span> <span class='ocrx_word' id='word_1_212' title='bbox 513 3027 563 3068; x_wconf 87' lang='lat' dir='ltr'><strong>et</strong></span> <span class='ocrx_word' id='word_1_213' title='bbox 593 3019 827 3081; x_wconf 85' lang='lat' dir='ltr'><strong>Adrasto,</strong></span> <span class='ocrx_word' id='word_1_214' title='bbox 864 3019 919 3067; x_wconf 88' lang='lat' dir='ltr'><strong>id</strong></span> <span class='ocrx_word' id='word_1_215' title='bbox 943 3026 1016 3067; x_wconf 86' lang='lat' dir='ltr'><strong>est</strong></span> <span class='ocrx_word' id='word_1_216' title='bbox 1036 3035 1207 3067; x_wconf 88' lang='lat' dir='ltr'><strong>eorum</strong></span> <span class='ocrx_word' id='word_1_217' title='bbox 1234 3019 1439 3083; x_wconf 88' lang='lat' dir='ltr'><strong>singulis</strong></span> <span class='ocrx_word' id='word_1_218' title='bbox 1459 3028 1561 3068; x_wconf 81' lang='lat' dir='ltr'><strong>tres</strong></span> <span class='ocrx_word' id='word_1_219' title='bbox 1587 3038 1766 3084; x_wconf 79' lang='lat' dir='ltr'><strong>annos,</strong></span> <span class='ocrx_word' id='word_1_220' title='bbox 1806 3023 1890 3085; x_wconf 89' lang='lat' dir='ltr'><strong>qui</strong></span> 
     </span>
     <span class='ocr_line' id='line_1_39' title="bbox 67 3089 1888 3156; baseline -0.001 -16"><span class='ocrx_word' id='word_1_221' title='bbox 67 3092 374 3155; x_wconf 86' lang='lat' dir='ltr'><strong>singulorum</strong></span> <span class='ocrx_word' id='word_1_222' title='bbox 405 3099 477 3140; x_wconf 86' lang='lat' dir='ltr'><strong>est</strong></span> <span class='ocrx_word' id='word_1_223' title='bbox 505 3089 638 3154; x_wconf 86' lang='lat' dir='ltr'><strong>apud</strong></span> <span class='ocrx_word' id='word_1_224' title='bbox 664 3089 932 3151; x_wconf 83' lang='lat' dir='ltr'><strong>Georgium</strong></span> <span class='ocrx_word' id='word_1_225' title='bbox 970 3106 1201 3136; x_wconf 83' lang='lat' dir='ltr'><strong>excessus</strong></span> <span class='ocrx_word' id='word_1_226' title='bbox 1232 3107 1383 3156; x_wconf 88' lang='lat' dir='ltr'><strong>supra</strong></span> <span class='ocrx_word' id='word_1_227' title='bbox 1411 3091 1679 3139; x_wconf 86' lang='lat' dir='ltr'><strong>Eusebium</strong></span> <span class='ocrx_word' id='word_1_228' title='bbox 1718 3092 1888 3140; x_wconf 82' lang='lat' dir='ltr'><strong>detra-</strong></span> 
     </span>
     <span class='ocr_line' id='line_1_40' title="bbox 66 3160 1882 3228; baseline 0.001 -18"><span class='ocrx_word' id='word_1_229' title='bbox 66 3162 255 3210; x_wconf 90' lang='lat' dir='ltr'><strong>hendos</strong></span> <span class='ocrx_word' id='word_1_230' title='bbox 295 3162 496 3221; x_wconf 84' lang='lat' dir='ltr'><strong>censui,</strong></span> <span class='ocrx_word' id='word_1_231' title='bbox 533 3168 589 3209; x_wconf 77' lang='lat' dir='ltr'><strong>ut</strong></span> <span class='ocrx_word' id='word_1_232' title='bbox 628 3160 846 3223; x_wconf 79' lang='lat' dir='ltr'><strong>quaesita</strong></span> <span class='ocrx_word' id='word_1_233' title='bbox 878 3163 997 3212; x_wconf 87' lang='grc'>967.</span> <span class='ocrx_word' id='word_1_234' title='bbox 1040 3177 1284 3208; x_wconf 84' lang='lat' dir='ltr'><strong>annorum</strong></span> <span class='ocrx_word' id='word_1_235' title='bbox 1326 3177 1518 3210; x_wconf 82' lang='lat' dir='ltr'><strong>summa</strong></span> <span class='ocrx_word' id='word_1_236' title='bbox 1554 3163 1744 3228; x_wconf 86' lang='lat' dir='ltr'><strong>reliqua</strong></span> <span class='ocrx_word' id='word_1_237' title='bbox 1779 3163 1882 3212; x_wconf 87' lang='lat' dir='ltr'><strong>fiat.</strong></span> 
     </span>
     <span class='ocr_line' id='line_1_41' title="bbox 68 3229 1395 3297; baseline -0.001 -16"><span class='ocrx_word' id='word_1_238' title='bbox 68 3233 111 3281; x_wconf 81' lang='lat' dir='ltr'>A</span> <span class='ocrx_word' id='word_1_239' title='bbox 131 3233 352 3297; x_wconf 79' lang='lat' dir='ltr'><strong>sequenti</strong></span> <span class='ocrx_word' id='word_1_240' title='bbox 373 3230 705 3280; x_wconf 85' lang='lat' dir='ltr'><strong>Laomedonte</strong></span> <span class='ocrx_word' id='word_1_241' title='bbox 727 3229 966 3280; x_wconf 79' lang='lat' dir='ltr'><strong>detractio</strong></span> <span class='ocrx_word' id='word_1_242' title='bbox 989 3229 1098 3279; x_wconf 85' lang='lat' dir='ltr'><strong>fieri</strong></span> <span class='ocrx_word' id='word_1_243' title='bbox 1122 3231 1395 3282; x_wconf 75' lang='lat' dir='ltr'><strong>exorditur.</strong></span> 
     </span>
    </p>
   </div>
  </div>
 </body>
</html>
