<?xml version="1.0" encoding="UTF-8"?>
<!DOCTYPE html PUBLIC "-//W3C//DTD XHTML 1.0 Transitional//EN"
    "http://www.w3.org/TR/xhtml1/DTD/xhtml1-transitional.dtd">
<html xmlns="http://www.w3.org/1999/xhtml" xml:lang="en" lang="en">
 <head>
  <title>
</title>
<meta http-equiv="Content-Type" content="text/html;charset=utf-8" />
  <meta name='ocr-system' content='tesseract 3.04.00' />
  <meta name='ocr-capabilities' content='ocr_page ocr_carea ocr_par ocr_line ocrx_word'/>
</head>
<body>
  <div class='ocr_page' id='page_1' title='image "./corpusscriptorum21niebuoft_0514.png"; bbox 0 0 2222 3938; ppageno 0'>
   <div class='ocr_carea' id='block_1_1' title="bbox 311 174 1534 277">
    <p class='ocr_par' dir='ltr' id='par_1_1' title="bbox 311 174 1534 277">
     <span class='ocr_line' id='line_1_1' title="bbox 311 174 1534 277; baseline -0.002 -34"><span class='ocrx_word' id='word_1_1' title='bbox 311 180 448 244; x_wconf 28' lang='lat'><strong>⁷504</strong></span> <span class='ocrx_word' id='word_1_2' title='bbox 644 174 656 189; x_wconf 83' lang='grc'><em>“</em></span> <span class='ocrx_word' id='word_1_3' title='bbox 958 187 1534 277; x_wconf 67' lang='lat' dir='ltr'><strong>EMENDATIONES</strong></span> 
     </span>
    </p>
   </div>
   <div class='ocr_carea' id='block_1_2' title="bbox 320 317 2196 1005">
    <p class='ocr_par' dir='ltr' id='par_1_2' title="bbox 321 317 2196 807">
     <span class='ocr_line' id='line_1_2' title="bbox 322 317 2153 385; baseline -0.002 -12"><span class='ocrx_word' id='word_1_4' title='bbox 322 339 440 373; x_wconf 85' lang='lat' dir='ltr'><strong>nem</strong></span> <span class='ocrx_word' id='word_1_5' title='bbox 475 329 748 372; x_wconf 82' lang='lat' dir='ltr'>extremam</span> <span class='ocrx_word' id='word_1_6' title='bbox 781 317 972 368; x_wconf 82' lang='lat' dir='ltr'><strong>cladem</strong></span> <span class='ocrx_word' id='word_1_7' title='bbox 1005 317 1198 367; x_wconf 88' lang='lat' dir='ltr'><strong>Iudaeis</strong></span> <span class='ocrx_word' id='word_1_8' title='bbox 1234 317 1420 368; x_wconf 86' lang='lat' dir='ltr'><strong>inferre</strong></span> <span class='ocrx_word' id='word_1_9' title='bbox 1458 325 1716 385; x_wconf 86' lang='lat' dir='ltr'><strong>paratum,</strong></span> <span class='ocrx_word' id='word_1_10' title='bbox 1753 319 1951 371; x_wconf 84' lang='lat' dir='ltr'><strong>obviam</strong></span> <span class='ocrx_word' id='word_1_11' title='bbox 1988 320 2153 370; x_wconf 80' lang='lat' dir='ltr'><strong>factus</strong></span> 
     </span>
     <span class='ocr_line' id='line_1_3' title="bbox 323 394 2152 528; baseline -0.003 -14"><span class='ocrx_word' id='word_1_12' title='bbox 323 394 575 527; x_wconf 44' lang='lat' dir='ltr'><strong>placaxgssn</strong></span> <span class='ocrx_word' id='word_1_13' title='bbox 611 456 702 528; x_wconf 85' lang='grc' dir='ltr'><strong>λβ’.</strong></span> <span class='ocrx_word' id='word_1_14' title='bbox 707 457 732 527; x_wconf 93' lang='grc'>]</span> <span class='ocrx_word' id='word_1_15' title='bbox 771 460 1016 509; x_wconf 83' lang='lat' dir='ltr'><strong>Numerus</strong></span> <span class='ocrx_word' id='word_1_16' title='bbox 1048 458 1104 507; x_wconf 90' lang='lat' dir='ltr'><strong>in</strong></span> <span class='ocrx_word' id='word_1_17' title='bbox 1134 458 1310 508; x_wconf 91' lang='lat' dir='ltr'><strong>lacuna</strong></span> <span class='ocrx_word' id='word_1_18' title='bbox 1346 457 1656 509; x_wconf 88' lang='lat' dir='ltr'><strong>desideratus</strong></span> <span class='ocrx_word' id='word_1_19' title='bbox 1687 477 1749 509; x_wconf 82' lang='lat' dir='ltr'><strong>ex</strong></span> <span class='ocrx_word' id='word_1_20' title='bbox 1767 478 1865 526; x_wconf 87' lang='lat' dir='ltr'><strong>seq.</strong></span> <span class='ocrx_word' id='word_1_21' title='bbox 1892 478 2005 527; x_wconf 89' lang='lat' dir='ltr'><strong>pag.</strong></span> <span class='ocrx_word' id='word_1_22' title='bbox 2032 462 2152 517; x_wconf 77' lang='lat'><strong>254.</strong></span> 
     </span>
     <span class='ocr_line' id='line_1_4' title="bbox 323 534 2153 668; baseline -0.001 -14"><span class='ocrx_word' id='word_1_23' title='bbox 323 536 385 584; x_wconf 51' lang='lat' dir='ltr'><strong>D·</strong></span> <span class='ocrx_word' id='word_1_24' title='bbox 421 534 718 668; x_wconf 52' lang='grc' dir='ltr'><strong>Υεὲἳῗέἔιος</strong></span> <span class='ocrx_word' id='word_1_25' title='bbox 742 596 848 653; x_wconf 78' lang='grc' dir='ltr'><strong>δὲ</strong></span> <span class='ocrx_word' id='word_1_26' title='bbox 823 621 850 653; x_wconf 95' lang='grc' dir='ltr'><strong><em>ο</em></strong></span> <span class='ocrx_word' id='word_1_27' title='bbox 870 593 1194 665; x_wconf 69' lang='grc' dir='ltr'><strong><em>Καισαρευς]</em></strong></span> <span class='ocrx_word' id='word_1_28' title='bbox 1237 599 1315 647; x_wconf 88' lang='lat' dir='ltr'><strong>Ita</strong></span> <span class='ocrx_word' id='word_1_29' title='bbox 1350 599 1641 666; x_wconf 84' lang='lat' dir='ltr'><strong>Hieronymi</strong></span> <span class='ocrx_word' id='word_1_30' title='bbox 1671 602 1832 651; x_wconf 88' lang='lat' dir='ltr'><strong>versio</strong></span> <span class='ocrx_word' id='word_1_31' title='bbox 1867 601 1932 650; x_wconf 92' lang='lat' dir='ltr'><strong>ad</strong></span> <span class='ocrx_word' id='word_1_32' title='bbox 1966 619 2153 652; x_wconf 88' lang='lat' dir='ltr'><strong>annum</strong></span> 
     </span>
     <span class='ocr_line' id='line_1_5' title="bbox 321 669 2154 740; baseline -0.001 -16"><span class='ocrx_word' id='word_1_33' title='bbox 321 673 549 724; x_wconf 85' lang='lat' dir='ltr'><strong>Abrahae</strong></span> <span class='ocrx_word' id='word_1_34' title='bbox 585 676 739 726; x_wconf 84' lang='lat'><strong>1606.</strong></span> <span class='ocrx_word' id='word_1_35' title='bbox 775 678 823 720; x_wconf 82' lang='lat' dir='ltr'><strong>et</strong></span> <span class='ocrx_word' id='word_1_36' title='bbox 850 673 1001 725; x_wconf 84' lang='lat'><strong>1983.</strong></span> <span class='ocrx_word' id='word_1_37' title='bbox 1050 670 1215 730; x_wconf 86' lang='lat' dir='ltr'><strong>Quare</strong></span> <span class='ocrx_word' id='word_1_38' title='bbox 1242 669 1415 720; x_wconf 86' lang='lat' dir='ltr'><strong>citatio</strong></span> <span class='ocrx_word' id='word_1_39' title='bbox 1441 672 1725 736; x_wconf 84' lang='lat' dir='ltr'><strong>marginalis</strong></span> <span class='ocrx_word' id='word_1_40' title='bbox 1747 673 1892 721; x_wconf 86' lang='lat' dir='ltr'><strong>lineis</strong></span> <span class='ocrx_word' id='word_1_41' title='bbox 1924 674 2154 740; x_wconf 88' lang='lat' dir='ltr'><strong>superio-</strong></span> 
     </span>
     <span class='ocr_line' id='line_1_6' title="bbox 322 740 2196 807; baseline -0.003 -13"><span class='ocrx_word' id='word_1_42' title='bbox 322 746 463 795; x_wconf 84' lang='lat' dir='ltr'><strong>ribus</strong></span> <span class='ocrx_word' id='word_1_43' title='bbox 489 742 816 807; x_wconf 88' lang='lat' dir='ltr'><strong>adiungenda.</strong></span> <span class='ocrx_word' id='word_1_44' title='bbox 2194 740 2196 742; x_wconf 59' lang='grc'>’</span> 
     </span>
    </p>

    <p class='ocr_par' dir='ltr' id='par_1_3' title="bbox 320 807 2154 1005">
     <span class='ocr_line' id='line_1_7' title="bbox 463 807 2154 879; baseline 0.001 -18"><span class='ocrx_word' id='word_1_45' title='bbox 463 816 576 878; x_wconf 88' lang='lat' dir='ltr'><strong>Pag.</strong></span> <span class='ocrx_word' id='word_1_46' title='bbox 614 814 734 867; x_wconf 86' lang='grc'><strong>250.</strong></span> <span class='ocrx_word' id='word_1_47' title='bbox 771 814 991 863; x_wconf 74' lang='grc' dir='ltr'><strong><em>Μᾶλλον</em></strong></span> <span class='ocrx_word' id='word_1_48' title='bbox 1029 807 1084 863; x_wconf 78' lang='grc' dir='ltr'><strong>δὲ</strong></span> <span class='ocrx_word' id='word_1_49' title='bbox 1112 808 1176 862; x_wconf 78' lang='grc' dir='ltr'><strong>τοὶ</strong></span> <span class='ocrx_word' id='word_1_50' title='bbox 1198 807 1322 862; x_wconf 64' lang='lat' dir='ltr'><strong>navo}</strong></span> <span class='ocrx_word' id='word_1_51' title='bbox 1352 807 1446 877; x_wconf 74' lang='grc' dir='ltr'><strong>τήν</strong></span> <span class='ocrx_word' id='word_1_52' title='bbox 1481 807 1722 879; x_wconf 81' lang='grc' dir='ltr'><strong>Ἰουδήθ.]</strong></span> <span class='ocrx_word' id='word_1_53' title='bbox 1760 815 1832 862; x_wconf 90' lang='lat' dir='ltr'><strong>De</strong></span> <span class='ocrx_word' id='word_1_54' title='bbox 1865 813 2033 862; x_wconf 83' lang='lat' dir='ltr'><strong>Iudith</strong></span> <span class='ocrx_word' id='word_1_55' title='bbox 2065 831 2154 877; x_wconf 85' lang='lat' dir='ltr'><strong>ge-</strong></span> 
     </span>
     <span class='ocr_line' id='line_1_8' title="bbox 320 881 2152 950; baseline 0.002 -17"><span class='ocrx_word' id='word_1_56' title='bbox 320 884 410 933; x_wconf 89' lang='lat' dir='ltr'><strong>stis</strong></span> <span class='ocrx_word' id='word_1_57' title='bbox 429 893 480 933; x_wconf 90' lang='lat' dir='ltr'><strong>et</strong></span> <span class='ocrx_word' id='word_1_58' title='bbox 503 885 606 933; x_wconf 89' lang='lat' dir='ltr'><strong>eius</strong></span> <span class='ocrx_word' id='word_1_59' title='bbox 625 891 850 950; x_wconf 88' lang='lat' dir='ltr'><strong>tempore</strong></span> <span class='ocrx_word' id='word_1_60' title='bbox 882 881 1080 932; x_wconf 87' lang='lat' dir='ltr'><strong>Author</strong></span> <span class='ocrx_word' id='word_1_61' title='bbox 1110 882 1207 948; x_wconf 89' lang='lat' dir='ltr'><strong>egit</strong></span> <span class='ocrx_word' id='word_1_62' title='bbox 1231 882 1287 931; x_wconf 87' lang='lat' dir='ltr'><strong>in</strong></span> <span class='ocrx_word' id='word_1_63' title='bbox 1316 883 1651 949; x_wconf 87' lang='lat' dir='ltr'><strong>superioribus</strong></span> <span class='ocrx_word' id='word_1_64' title='bbox 1674 901 1785 950; x_wconf 87' lang='lat' dir='ltr'><strong>pag.</strong></span> <span class='ocrx_word' id='word_1_65' title='bbox 1809 888 1929 940; x_wconf 84' lang='lat'><strong>236.</strong></span> <span class='ocrx_word' id='word_1_66' title='bbox 1955 894 2004 934; x_wconf 85' lang='lat' dir='ltr'><strong>et</strong></span> <span class='ocrx_word' id='word_1_67' title='bbox 2032 888 2152 940; x_wconf 78' lang='lat'><strong>237.</strong></span> 
     </span>
     <span class='ocr_line' id='line_1_9' title="bbox 322 953 1029 1005; baseline 0.001 -1"><span class='ocrx_word' id='word_1_68' title='bbox 322 963 372 1004; x_wconf 89' lang='lat' dir='ltr'><strong>et</strong></span> <span class='ocrx_word' id='word_1_69' title='bbox 399 973 492 1004; x_wconf 86' lang='lat' dir='ltr'><strong>nos</strong></span> <span class='ocrx_word' id='word_1_70' title='bbox 523 956 587 1004; x_wconf 89' lang='lat' dir='ltr'><strong>ad</strong></span> <span class='ocrx_word' id='word_1_71' title='bbox 608 955 779 1003; x_wconf 89' lang='lat' dir='ltr'><strong>locum</strong></span> <span class='ocrx_word' id='word_1_72' title='bbox 801 953 1029 1005; x_wconf 73' lang='lat' dir='ltr'><strong>eundem.</strong></span> 
     </span>
    </p>
   </div>
   <div class='ocr_carea' id='block_1_3' title="bbox 316 1031 2162 2584">
    <p class='ocr_par' dir='ltr' id='par_1_4' title="bbox 317 1031 2162 1599">
     <span class='ocr_line' id='line_1_10' title="bbox 463 1031 2152 1105; baseline -0.001 -16"><span class='ocrx_word' id='word_1_73' title='bbox 463 1042 578 1104; x_wconf 88' lang='lat' dir='ltr'><strong>Pag.</strong></span> <span class='ocrx_word' id='word_1_74' title='bbox 619 1041 741 1094; x_wconf 85' lang='grc'><strong>252.</strong></span> <span class='ocrx_word' id='word_1_75' title='bbox 781 1034 896 1089; x_wconf 71' lang='grc' dir='ltr'><strong><em>’Ὅτι</em></strong></span> <span class='ocrx_word' id='word_1_76' title='bbox 930 1033 1082 1098; x_wconf 75' lang='grc' dir='ltr'><strong><em>αὐτός</em></strong></span> <span class='ocrx_word' id='word_1_77' title='bbox 1115 1031 1442 1104; x_wconf 79' lang='grc' dir='ltr'><strong>ἴερατεύσας.]</strong></span> <span class='ocrx_word' id='word_1_78' title='bbox 1506 1038 1657 1098; x_wconf 89' lang='lat' dir='ltr'><strong>Quod</strong></span> <span class='ocrx_word' id='word_1_79' title='bbox 1693 1039 1779 1087; x_wconf 90' lang='lat' dir='ltr'><strong>alii</strong></span> <span class='ocrx_word' id='word_1_80' title='bbox 1821 1039 2152 1105; x_wconf 82' lang='lat' dir='ltr'><strong>Sacerdotem,</strong></span> 
     </span>
     <span class='ocr_line' id='line_1_11' title="bbox 322 1108 2156 1176; baseline -0.001 -16"><span class='ocrx_word' id='word_1_81' title='bbox 322 1127 410 1175; x_wconf 88' lang='lat' dir='ltr'><strong>ego</strong></span> <span class='ocrx_word' id='word_1_82' title='bbox 431 1111 728 1174; x_wconf 53' lang='lat' dir='ltr'><strong>Pontificem</strong></span> <span class='ocrx_word' id='word_1_83' title='bbox 751 1109 976 1173; x_wconf 89' lang='lat' dir='ltr'><strong>gessisse,</strong></span> <span class='ocrx_word' id='word_1_84' title='bbox 1010 1108 1147 1173; x_wconf 86' lang='lat' dir='ltr'><strong>quod</strong></span> <span class='ocrx_word' id='word_1_85' title='bbox 1173 1109 1226 1155; x_wconf 90' lang='lat' dir='ltr'><strong>in</strong></span> <span class='ocrx_word' id='word_1_86' title='bbox 1249 1124 1354 1155; x_wconf 90' lang='lat' dir='ltr'><strong>eam</strong></span> <span class='ocrx_word' id='word_1_87' title='bbox 1376 1116 1588 1156; x_wconf 85' lang='lat' dir='ltr'><strong>mentem</strong></span> <span class='ocrx_word' id='word_1_88' title='bbox 1615 1109 1811 1159; x_wconf 88' lang='lat' dir='ltr'><strong>Author</strong></span> <span class='ocrx_word' id='word_1_89' title='bbox 1833 1112 2156 1176; x_wconf 84' lang='lat' dir='ltr'><strong>propendeat,</strong></span> 
     </span>
     <span class='ocr_line' id='line_1_12' title="bbox 320 1177 2157 1244; baseline -0.001 -14"><span class='ocrx_word' id='word_1_90' title='bbox 320 1199 415 1230; x_wconf 81' lang='lat' dir='ltr'><strong>nec</strong></span> <span class='ocrx_word' id='word_1_91' title='bbox 453 1182 550 1231; x_wconf 90' lang='lat' dir='ltr'><strong>nisi</strong></span> <span class='ocrx_word' id='word_1_92' title='bbox 585 1181 833 1229; x_wconf 87' lang='lat' dir='ltr'><strong>maiorum</strong></span> <span class='ocrx_word' id='word_1_93' title='bbox 862 1180 1104 1227; x_wconf 84' lang='lat' dir='ltr'><strong>abductus</strong></span> <span class='ocrx_word' id='word_1_94' title='bbox 1143 1177 1444 1228; x_wconf 80' lang='lat' dir='ltr'><strong>authoritate</strong></span> <span class='ocrx_word' id='word_1_95' title='bbox 1481 1179 1760 1244; x_wconf 87' lang='lat' dir='ltr'><strong>relinquat,</strong></span> <span class='ocrx_word' id='word_1_96' title='bbox 1810 1181 2017 1230; x_wconf 87' lang='lat' dir='ltr'><strong>reddere</strong></span> <span class='ocrx_word' id='word_1_97' title='bbox 2050 1199 2157 1229; x_wconf 89' lang='lat' dir='ltr'><strong>non</strong></span> 
     </span>
     <span class='ocr_line' id='line_1_13' title="bbox 320 1249 2157 1316; baseline 0 -16"><span class='ocrx_word' id='word_1_98' title='bbox 320 1270 430 1300; x_wconf 86' lang='lat' dir='ltr'><strong>sum</strong></span> <span class='ocrx_word' id='word_1_99' title='bbox 460 1251 668 1300; x_wconf 76' lang='lat' dir='ltr'><strong>veritu8.</strong></span> <span class='ocrx_word' id='word_1_100' title='bbox 738 1249 1084 1315; x_wconf 90' lang='lat' dir='ltr'><strong>Perspicacius</strong></span> <span class='ocrx_word' id='word_1_101' title='bbox 1116 1266 1270 1314; x_wconf 91' lang='lat' dir='ltr'><strong>porro</strong></span> <span class='ocrx_word' id='word_1_102' title='bbox 1306 1250 1560 1314; x_wconf 85' lang='lat' dir='ltr'><strong>sequentia</strong></span> <span class='ocrx_word' id='word_1_103' title='bbox 1587 1250 1768 1299; x_wconf 89' lang='lat' dir='ltr'><strong>intuito</strong></span> <span class='ocrx_word' id='word_1_104' title='bbox 1802 1251 1927 1311; x_wconf 91' lang='lat' dir='ltr'><strong>loci,</strong></span> <span class='ocrx_word' id='word_1_105' title='bbox 1963 1252 2019 1299; x_wconf 88' lang='lat' dir='ltr'><strong>in</strong></span> <span class='ocrx_word' id='word_1_106' title='bbox 2056 1269 2157 1316; x_wconf 89' lang='lat' dir='ltr'><strong>quo</strong></span> 
     </span>
     <span class='ocr_line' id='line_1_14' title="bbox 317 1319 2158 1387; baseline -0.001 -15"><span class='ocrx_word' id='word_1_107' title='bbox 317 1322 552 1372; x_wconf 84' lang='lat' dir='ltr'><strong>nonnihil</strong></span> <span class='ocrx_word' id='word_1_108' title='bbox 595 1321 931 1383; x_wconf 88' lang='lat' dir='ltr'><strong>desideratur,</strong></span> <span class='ocrx_word' id='word_1_109' title='bbox 993 1319 1271 1368; x_wconf 87' lang='lat' dir='ltr'><strong>emendatio</strong></span> <span class='ocrx_word' id='word_1_110' title='bbox 1317 1320 1373 1367; x_wconf 86' lang='lat' dir='ltr'><strong>in</strong></span> <span class='ocrx_word' id='word_1_111' title='bbox 1424 1319 1561 1368; x_wconf 89' lang='lat' dir='ltr'><strong>hunc</strong></span> <span class='ocrx_word' id='word_1_112' title='bbox 1601 1322 1807 1369; x_wconf 88' lang='lat' dir='ltr'><strong>modum</strong></span> <span class='ocrx_word' id='word_1_113' title='bbox 1860 1321 2158 1387; x_wconf 90' lang='lat' dir='ltr'><strong>disponitur.</strong></span> 
     </span>
     <span class='ocr_line' id='line_1_15' title="bbox 320 1385 2160 1480; baseline 0 -36"><span class='ocrx_word' id='word_1_114' title='bbox 320 1389 475 1454; x_wconf 70' lang='grc' dir='ltr'><strong><em>αὐτὸς</em></strong></span> <span class='ocrx_word' id='word_1_115' title='bbox 488 1390 738 1480; x_wconf 70' lang='grc' dir='ltr'><strong><em>’Έσδρας,</em></strong></span> <span class='ocrx_word' id='word_1_116' title='bbox 778 1400 874 1440; x_wconf 82' lang='lat' dir='ltr'><strong>etc,</strong></span> <span class='ocrx_word' id='word_1_117' title='bbox 902 1385 1386 1476; x_wconf 66' lang='grc' dir='ltr'><strong>ἀρχιερατεύσαντα,</strong></span> <span class='ocrx_word' id='word_1_118' title='bbox 1425 1385 1623 1457; x_wconf 79' lang='grc' dir='ltr'><strong><em>χρόνοις</em></strong></span> <span class='ocrx_word' id='word_1_119' title='bbox 1649 1393 1867 1458; x_wconf 80' lang='grc' dir='ltr'><strong><em>Νεεμίου</em></strong></span> <span class='ocrx_word' id='word_1_120' title='bbox 1890 1396 1982 1443; x_wconf 82' lang='grc' dir='ltr'><strong>τοῦ</strong></span> <span class='ocrx_word' id='word_1_121' title='bbox 2018 1393 2160 1444; x_wconf 81' lang='grc' dir='ltr'><strong><em>οἰνο-</em></strong></span> 
     </span>
     <span class='ocr_line' id='line_1_16' title="bbox 317 1455 2162 1544; baseline -0.001 -30"><span class='ocrx_word' id='word_1_122' title='bbox 317 1459 441 1544; x_wconf 79' lang='grc' dir='ltr'><strong>χόον</strong></span> <span class='ocrx_word' id='word_1_123' title='bbox 474 1467 566 1514; x_wconf 79' lang='grc' dir='ltr'><strong>τοῦ</strong></span> <span class='ocrx_word' id='word_1_124' title='bbox 600 1459 920 1530; x_wconf 80' lang='grc' dir='ltr'><strong><em>Ἀρταξέρξου</em></strong></span> <span class='ocrx_word' id='word_1_125' title='bbox 965 1456 1147 1512; x_wconf 80' lang='grc' dir='ltr'><strong><em>τούτου</em></strong></span> <span class='ocrx_word' id='word_1_126' title='bbox 1182 1455 1475 1526; x_wconf 77' lang='grc' dir='ltr'><em>οἶναβασεως</em></span> <span class='ocrx_word' id='word_1_127' title='bbox 1506 1458 1628 1542; x_wconf 70' lang='grc' dir='ltr'><strong><em>μετοὶ</em></strong></span> <span class='ocrx_word' id='word_1_128' title='bbox 1659 1460 1733 1531; x_wconf 79' lang='grc' dir='ltr'><strong>ιγ’.</strong></span> <span class='ocrx_word' id='word_1_129' title='bbox 1772 1462 1870 1529; x_wconf 55' lang='grc' dir='ltr'><strong>«ιζ-’.τη</strong></span> <span class='ocrx_word' id='word_1_130' title='bbox 1907 1463 2162 1530; x_wconf 86' lang='lat' dir='ltr'><strong>interpre-</strong></span> 
     </span>
     <span class='ocr_line' id='line_1_17' title="bbox 317 1532 1655 1599; baseline -0.002 -16"><span class='ocrx_word' id='word_1_131' title='bbox 317 1535 443 1587; x_wconf 84' lang='lat' dir='ltr'><strong>tatio</strong></span> <span class='ocrx_word' id='word_1_132' title='bbox 466 1551 585 1583; x_wconf 88' lang='lat' dir='ltr'><strong>vero</strong></span> <span class='ocrx_word' id='word_1_133' title='bbox 602 1549 974 1617; x_wconf 78' lang='lat' dir='ltr'><strong>praecessorem</strong></span> <span class='ocrx_word' id='word_1_134' title='bbox 996 1549 1104 1579; x_wconf 90' lang='lat' dir='ltr'><strong>non</strong></span> <span class='ocrx_word' id='word_1_135' title='bbox 1126 1548 1460 1578; x_wconf 69' lang='lat' dir='ltr'><strong>successorem</strong></span> <span class='ocrx_word' id='word_1_136' title='bbox 1488 1532 1655 1596; x_wconf 83' lang='lat' dir='ltr'><strong>exigit.</strong></span> 
     </span>
    </p>

    <p class='ocr_par' dir='ltr' id='par_1_5' title="bbox 316 1595 2156 1742">
     <span class='ocr_line' id='line_1_18' title="bbox 460 1595 2156 1668; baseline -0.003 -9"><span class='ocrx_word' id='word_1_137' title='bbox 460 1606 571 1668; x_wconf 71' lang='lat' dir='ltr'><strong>Pag</strong></span> <span class='ocrx_word' id='word_1_138' title='bbox 610 1607 728 1658; x_wconf 81' lang='lat'><strong>253.</strong></span> <span class='ocrx_word' id='word_1_139' title='bbox 772 1598 879 1655; x_wconf 82' lang='grc' dir='ltr'><strong>Ουκ</strong></span> <span class='ocrx_word' id='word_1_140' title='bbox 905 1597 969 1653; x_wconf 74' lang='lat'><em>‹321›</em></span> <span class='ocrx_word' id='word_1_141' title='bbox 993 1597 1274 1667; x_wconf 75' lang='grc' dir='ltr'><strong><em>ἐσιώπησεν</em></strong></span> <span class='ocrx_word' id='word_1_142' title='bbox 1297 1595 1487 1666; x_wconf 83' lang='grc' dir='ltr'><strong>αυτόν]</strong></span> <span class='ocrx_word' id='word_1_143' title='bbox 1516 1602 1741 1652; x_wconf 88' lang='lat' dir='ltr'><strong>Neemiae</strong></span> <span class='ocrx_word' id='word_1_144' title='bbox 1764 1603 2004 1654; x_wconf 88' lang='lat' dir='ltr'><strong>nimirum</strong></span> <span class='ocrx_word' id='word_1_145' title='bbox 2030 1605 2156 1654; x_wconf 86' lang='lat' dir='ltr'><strong>scri-</strong></span> 
     </span>
     <span class='ocr_line' id='line_1_19' title="bbox 316 1672 1906 1742; baseline -0.001 -18"><span class='ocrx_word' id='word_1_146' title='bbox 316 1683 404 1742; x_wconf 79' lang='lat' dir='ltr'><strong>pta</strong></span> <span class='ocrx_word' id='word_1_147' title='bbox 426 1674 636 1724; x_wconf 86' lang='lat' dir='ltr'><strong>Esdram</strong></span> <span class='ocrx_word' id='word_1_148' title='bbox 660 1672 1001 1735; x_wconf 78' lang='lat' dir='ltr'><strong>Sacerdotem,</strong></span> <span class='ocrx_word' id='word_1_149' title='bbox 1039 1673 1145 1721; x_wconf 83' lang='lat' dir='ltr'><strong>sive</strong></span> <span class='ocrx_word' id='word_1_150' title='bbox 1174 1673 1472 1736; x_wconf 46' lang='lat' dir='ltr'><strong>Pontificem</strong></span> <span class='ocrx_word' id='word_1_151' title='bbox 1492 1691 1594 1722; x_wconf 87' lang='lat' dir='ltr'><strong>non</strong></span> <span class='ocrx_word' id='word_1_152' title='bbox 1619 1683 1906 1725; x_wconf 86' lang='lat' dir='ltr'><strong>memorant.</strong></span> 
     </span>
    </p>

    <p class='ocr_par' dir='ltr' id='par_1_6' title="bbox 317 1741 2155 1865">
     <span class='ocr_line' id='line_1_20' title="bbox 457 1741 2155 1811; baseline -0.001 -14"><span class='ocrx_word' id='word_1_153' title='bbox 457 1746 656 1807; x_wconf 82' lang='grc' dir='ltr'><strong><em>Λυσίας</em></strong></span> <span class='ocrx_word' id='word_1_154' title='bbox 687 1745 774 1797; x_wconf 84' lang='grc' dir='ltr'><strong>καὶ</strong></span> <span class='ocrx_word' id='word_1_155' title='bbox 807 1741 1021 1811; x_wconf 82' lang='grc' dir='ltr'><strong><em>Ἰσαῖος]</em></strong></span> <span class='ocrx_word' id='word_1_156' title='bbox 1059 1745 1240 1793; x_wconf 89' lang='lat' dir='ltr'><strong>Decem</strong></span> <span class='ocrx_word' id='word_1_157' title='bbox 1266 1742 1552 1794; x_wconf 84' lang='lat' dir='ltr'><strong>rhetoribus</strong></span> <span class='ocrx_word' id='word_1_158' title='bbox 1575 1747 1908 1795; x_wconf 87' lang='lat' dir='ltr'><strong>annumerati:</strong></span> <span class='ocrx_word' id='word_1_159' title='bbox 1951 1746 2013 1795; x_wconf 90' lang='lat' dir='ltr'><strong>de</strong></span> <span class='ocrx_word' id='word_1_160' title='bbox 2038 1745 2155 1811; x_wconf 82' lang='lat' dir='ltr'><strong>qui-</strong></span> 
     </span>
     <span class='ocr_line' id='line_1_21' title="bbox 317 1816 631 1867; baseline -0.01 -2"><span class='ocrx_word' id='word_1_161' title='bbox 317 1816 411 1865; x_wconf 90' lang='lat' dir='ltr'><strong>bus</strong></span> <span class='ocrx_word' id='word_1_162' title='bbox 437 1816 631 1867; x_wconf 88' lang='lat' dir='ltr'><strong>Suidas.</strong></span> 
     </span>
    </p>

    <p class='ocr_par' dir='ltr' id='par_1_7' title="bbox 316 1871 2157 2091">
     <span class='ocr_line' id='line_1_22' title="bbox 461 1871 2157 1949; baseline 0.001 -15"><span class='ocrx_word' id='word_1_163' title='bbox 461 1887 573 1949; x_wconf 90' lang='lat' dir='ltr'><strong>Pag.</strong></span> <span class='ocrx_word' id='word_1_164' title='bbox 613 1885 734 1939; x_wconf 80' lang='lat'><strong>254.</strong></span> <span class='ocrx_word' id='word_1_165' title='bbox 776 1882 1119 1948; x_wconf 85' lang='grc' dir='ltr'><strong><em>Σουσουνία.]</em></strong></span> <span class='ocrx_word' id='word_1_166' title='bbox 1168 1884 1373 1931; x_wconf 87' lang='lat' dir='ltr'><strong>Suniam</strong></span> <span class='ocrx_word' id='word_1_167' title='bbox 1410 1893 1559 1933; x_wconf 87' lang='lat' dir='ltr'><strong>vocat</strong></span> <span class='ocrx_word' id='word_1_168' title='bbox 1597 1886 1836 1935; x_wconf 86' lang='lat' dir='ltr'><strong>Eusebius</strong></span> <span class='ocrx_word' id='word_1_169' title='bbox 1870 1887 1934 1934; x_wconf 90' lang='lat' dir='ltr'><strong>ad</strong></span> <span class='ocrx_word' id='word_1_170' title='bbox 1973 1871 2157 1936; x_wconf 79' lang='lat' dir='ltr'><strong>annum</strong></span> 
     </span>
     <span class='ocr_line' id='line_1_23' title="bbox 316 1954 2156 2022; baseline 0.002 -19"><span class='ocrx_word' id='word_1_171' title='bbox 316 1955 544 2007; x_wconf 89' lang='lat' dir='ltr'><strong>Abrahae</strong></span> <span class='ocrx_word' id='word_1_172' title='bbox 571 1957 721 2009; x_wconf 81' lang='lat'><strong>1564.</strong></span> <span class='ocrx_word' id='word_1_173' title='bbox 747 1955 892 2004; x_wconf 87' lang='lat' dir='ltr'><strong>aliam</strong></span> <span class='ocrx_word' id='word_1_174' title='bbox 911 1955 972 2003; x_wconf 90' lang='lat' dir='ltr'><strong>de</strong></span> <span class='ocrx_word' id='word_1_175' title='bbox 997 1972 1093 2019; x_wconf 88' lang='lat' dir='ltr'><strong>qua</strong></span> <span class='ocrx_word' id='word_1_176' title='bbox 1114 1955 1264 2019; x_wconf 89' lang='lat' dir='ltr'><strong>paulo</strong></span> <span class='ocrx_word' id='word_1_177' title='bbox 1286 1954 1488 2003; x_wconf 87' lang='lat' dir='ltr'><strong>inferius</strong></span> <span class='ocrx_word' id='word_1_178' title='bbox 1510 1956 1831 2022; x_wconf 85' lang='lat' dir='ltr'><strong>Pompiliam:</strong></span> <span class='ocrx_word' id='word_1_179' title='bbox 1866 1957 2156 2007; x_wconf 87' lang='lat' dir='ltr'><strong>Phrinicum</strong></span> 
     </span>
     <span class='ocr_line' id='line_1_24' title="bbox 318 2025 1348 2091; baseline -0.004 -16"><span class='ocrx_word' id='word_1_180' title='bbox 318 2027 467 2075; x_wconf 83' lang='lat' dir='ltr'><strong>etiam</strong></span> <span class='ocrx_word' id='word_1_181' title='bbox 491 2026 688 2088; x_wconf 86' lang='lat' dir='ltr'><strong>scribit,</strong></span> <span class='ocrx_word' id='word_1_182' title='bbox 728 2026 813 2091; x_wconf 89' lang='lat' dir='ltr'><strong>qui</strong></span> <span class='ocrx_word' id='word_1_183' title='bbox 836 2025 921 2073; x_wconf 90' lang='lat' dir='ltr'><strong>hic</strong></span> <span class='ocrx_word' id='word_1_184' title='bbox 943 2025 1166 2072; x_wconf 82' lang='lat' dir='ltr'><strong>Punicus</strong></span> <span class='ocrx_word' id='word_1_185' title='bbox 1192 2025 1348 2075; x_wconf 86' lang='lat' dir='ltr'><strong>audit.</strong></span> 
     </span>
    </p>

    <p class='ocr_par' dir='ltr' id='par_1_8' title="bbox 317 2091 2156 2289">
     <span class='ocr_line' id='line_1_25' title="bbox 458 2091 2156 2166; baseline -0.001 -18"><span class='ocrx_word' id='word_1_186' title='bbox 458 2093 722 2163; x_wconf 80' lang='grc' dir='ltr'><strong><em>Δήμαρχοι</em></strong></span> <span class='ocrx_word' id='word_1_187' title='bbox 746 2096 800 2147; x_wconf 77' lang='grc' dir='ltr'><strong>ἐν</strong></span> <span class='ocrx_word' id='word_1_188' title='bbox 822 2091 1018 2166; x_wconf 59' lang='grc' dir='ltr'>Ῥώμῃ]</span> <span class='ocrx_word' id='word_1_189' title='bbox 1055 2096 1215 2144; x_wconf 90' lang='lat' dir='ltr'><strong>Locus</strong></span> <span class='ocrx_word' id='word_1_190' title='bbox 1242 2113 1270 2142; x_wconf 88' lang='lat' dir='ltr'><strong>a</strong></span> <span class='ocrx_word' id='word_1_191' title='bbox 1301 2094 1548 2159; x_wconf 83' lang='lat' dir='ltr'><strong>Scaligero</strong></span> <span class='ocrx_word' id='word_1_192' title='bbox 1573 2096 1879 2145; x_wconf 87' lang='lat' dir='ltr'><strong>emendatus.</strong></span> <span class='ocrx_word' id='word_1_193' title='bbox 1914 2098 2156 2147; x_wconf 80' lang='lat' dir='ltr'><strong>Eusebius</strong></span> 
     </span>
     <span class='ocr_line' id='line_1_26' title="bbox 317 2165 2157 2232; baseline 0.001 -16"><span class='ocrx_word' id='word_1_194' title='bbox 317 2167 382 2217; x_wconf 90' lang='lat' dir='ltr'><strong>ad</strong></span> <span class='ocrx_word' id='word_1_195' title='bbox 422 2167 774 2232; x_wconf 89' lang='lat' dir='ltr'><strong>Olympiadem</strong></span> <span class='ocrx_word' id='word_1_196' title='bbox 815 2169 899 2221; x_wconf 87' lang='grc'><strong>83.</strong></span> <span class='ocrx_word' id='word_1_197' title='bbox 984 2166 1194 2214; x_wconf 68' lang='lat' dir='ltr'><strong>slh‘buni</strong></span> <span class='ocrx_word' id='word_1_198' title='bbox 1219 2165 1388 2231; x_wconf 80' lang='lat' dir='ltr'><strong>plebis</strong></span> <span class='ocrx_word' id='word_1_199' title='bbox 1422 2175 1470 2213; x_wconf 77' lang='lat' dir='ltr'><strong>et</strong></span> <span class='ocrx_word' id='word_1_200' title='bbox 1505 2165 1715 2216; x_wconf 80' lang='lat' dir='ltr'><strong>Aediles</strong></span> <span class='ocrx_word' id='word_1_201' title='bbox 1753 2169 1949 2217; x_wconf 83' lang='lat' dir='ltr'><strong>Romae</strong></span> <span class='ocrx_word' id='word_1_202' title='bbox 1984 2171 2157 2228; x_wconf 78' lang='lat' dir='ltr'><strong>creati,</strong></span> 
     </span>
     <span class='ocr_line' id='line_1_27' title="bbox 321 2236 841 2289; baseline -0.012 0"><span class='ocrx_word' id='word_1_203' title='bbox 321 2236 632 2289; x_wconf 71' lang='lat' dir='ltr'><strong>Consulibus</strong></span> <span class='ocrx_word' id='word_1_204' title='bbox 658 2238 841 2288; x_wconf 76' lang='lat' dir='ltr'><strong>eiectis.</strong></span> 
     </span>
    </p>

    <p class='ocr_par' dir='ltr' id='par_1_9' title="bbox 455 2300 2158 2378">
     <span class='ocr_line' id='line_1_28' title="bbox 455 2300 2158 2378; baseline 0 -19"><span class='ocrx_word' id='word_1_205' title='bbox 455 2304 731 2378; x_wconf 79' lang='grc' dir='ltr'><strong><em>Ἀρχιερεῦς</em></strong></span> <span class='ocrx_word' id='word_1_206' title='bbox 767 2303 817 2360; x_wconf 79' lang='grc' dir='ltr'><strong>δ’</strong></span> <span class='ocrx_word' id='word_1_207' title='bbox 848 2300 1080 2372; x_wconf 77' lang='grc' dir='ltr'><strong>Ἱωδὸοἷε.]</strong></span> <span class='ocrx_word' id='word_1_208' title='bbox 1131 2305 1427 2356; x_wconf 83' lang='lat' dir='ltr'><strong>Pontificem</strong></span> <span class='ocrx_word' id='word_1_209' title='bbox 1460 2306 1599 2357; x_wconf 89' lang='lat' dir='ltr'><strong>hunc</strong></span> <span class='ocrx_word' id='word_1_210' title='bbox 1637 2307 1898 2375; x_wconf 85' lang='lat' dir='ltr'><strong>praeteriit</strong></span> <span class='ocrx_word' id='word_1_211' title='bbox 1937 2309 2158 2375; x_wconf 85' lang='lat' dir='ltr'><strong>Scaliger</strong></span> 
     </span>
    </p>

    <p class='ocr_par' dir='ltr' id='par_1_10' title="bbox 316 2379 2156 2584">
     <span class='ocr_line' id='line_1_29' title="bbox 354 2379 550 2433; baseline 0 0"><span class='ocrx_word' id='word_1_212' title='bbox 354 2395 427 2426; x_wconf 64' lang='lat' dir='ltr'><strong>aff·</strong></span> <span class='ocrx_word' id='word_1_213' title='bbox 465 2379 550 2433; x_wconf 87' lang='grc'><strong>44</strong></span> 
     </span>
     <span class='ocr_line' id='line_1_30' title="bbox 316 2397 2156 2516; baseline 0.002 -19"><span class='ocrx_word' id='word_1_214' title='bbox 316 2397 411 2444; x_wconf 74' lang='lat' dir='ltr'><strong>Po</strong></span> <span class='ocrx_word' id='word_1_215' title='bbox 458 2451 572 2514; x_wconf 87' lang='lat' dir='ltr'><strong>Pag.</strong></span> <span class='ocrx_word' id='word_1_216' title='bbox 613 2448 731 2504; x_wconf 87' lang='grc'><strong>256.</strong></span> <span class='ocrx_word' id='word_1_217' title='bbox 767 2446 853 2508; x_wconf 78' lang='grc' dir='ltr'><strong>Ὡς</strong></span> <span class='ocrx_word' id='word_1_218' title='bbox 880 2444 994 2499; x_wconf 77' lang='grc' dir='ltr'><strong>δὲ“”</strong></span> <span class='ocrx_word' id='word_1_219' title='bbox 963 2466 1121 2515; x_wconf 76' lang='grc' dir='ltr'><strong><em>ετεροι</em></strong></span> <span class='ocrx_word' id='word_1_220' title='bbox 1156 2447 1228 2509; x_wconf 79' lang='grc' dir='ltr'><strong>εἷς</strong></span> <span class='ocrx_word' id='word_1_221' title='bbox 1262 2448 1631 2515; x_wconf 84' lang='grc' dir='ltr'><strong>Μακεδονίαν.]</strong></span> <span class='ocrx_word' id='word_1_222' title='bbox 1669 2449 1806 2500; x_wconf 89' lang='lat' dir='ltr'><strong>Inter</strong></span> <span class='ocrx_word' id='word_1_223' title='bbox 1837 2466 1962 2516; x_wconf 86' lang='lat' dir='ltr'><strong>quos</strong></span> <span class='ocrx_word' id='word_1_224' title='bbox 1992 2449 2156 2507; x_wconf 82' lang='lat' dir='ltr'><strong>Chro-</strong></span> 
     </span>
     <span class='ocr_line' id='line_1_31' title="bbox 316 2519 1174 2584; baseline 0.001 -17"><span class='ocrx_word' id='word_1_225' title='bbox 316 2520 468 2569; x_wconf 86' lang='lat' dir='ltr'><strong>nicon</strong></span> <span class='ocrx_word' id='word_1_226' title='bbox 495 2519 893 2569; x_wconf 77' lang='lat' dir='ltr'><strong>Alexandrinum</strong></span> <span class='ocrx_word' id='word_1_227' title='bbox 915 2536 1024 2584; x_wconf 87' lang='lat' dir='ltr'><strong>pag.</strong></span> <span class='ocrx_word' id='word_1_228' title='bbox 1053 2522 1174 2573; x_wconf 83' lang='lat'><strong>396.</strong></span> 
     </span>
    </p>
   </div>
   <div class='ocr_carea' id='block_1_4' title="bbox 314 2595 2155 2811">
    <p class='ocr_par' dir='ltr' id='par_1_11' title="bbox 314 2595 2155 2811">
     <span class='ocr_line' id='line_1_32' title="bbox 461 2595 2153 2671; baseline -0.001 -15"><span class='ocrx_word' id='word_1_229' title='bbox 461 2601 687 2670; x_wconf 78' lang='grc' dir='ltr'><strong><em>Ναρσῆς’</em></strong></span> <span class='ocrx_word' id='word_1_230' title='bbox 687 2601 833 2670; x_wconf 81' lang='grc' dir='ltr'><strong><em>Ώχου</em></strong></span> <span class='ocrx_word' id='word_1_231' title='bbox 850 2598 1105 2668; x_wconf 60' lang='grc' dir='ltr'><strong>ἁδελφός]</strong></span> <span class='ocrx_word' id='word_1_232' title='bbox 1133 2603 1350 2668; x_wconf 82' lang='lat' dir='ltr'><strong>Scaliger</strong></span> <span class='ocrx_word' id='word_1_233' title='bbox 1366 2598 1442 2671; x_wconf 81' lang='grc' dir='ltr'><strong>ιγ’.</strong></span> <span class='ocrx_word' id='word_1_234' title='bbox 1458 2595 1610 2670; x_wconf 74' lang='grc' dir='ltr'><strong><em>Ὦχος</em></strong></span> <span class='ocrx_word' id='word_1_235' title='bbox 1635 2598 1780 2655; x_wconf 82' lang='grc' dir='ltr'><strong>ευδαί</strong></span> <span class='ocrx_word' id='word_1_236' title='bbox 1781 2641 2097 2654; x_wconf 90' lang='grc'><strong>.......</strong></span> <span class='ocrx_word' id='word_1_237' title='bbox 2139 2642 2153 2655; x_wconf 92' lang='grc'><strong>.</strong></span> 
     </span>
     <span class='ocr_line' id='line_1_33' title="bbox 314 2674 2153 2738; baseline 0 -15"><span class='ocrx_word' id='word_1_238' title='bbox 314 2674 396 2723; x_wconf 84' lang='lat' dir='ltr'><strong>An</strong></span> <span class='ocrx_word' id='word_1_239' title='bbox 422 2692 525 2723; x_wconf 88' lang='lat' dir='ltr'><strong>non</strong></span> <span class='ocrx_word' id='word_1_240' title='bbox 556 2675 725 2723; x_wconf 88' lang='lat' dir='ltr'><strong>Ochus</strong></span> <span class='ocrx_word' id='word_1_241' title='bbox 753 2674 900 2722; x_wconf 85' lang='lat' dir='ltr'><strong>etiam</strong></span> <span class='ocrx_word' id='word_1_242' title='bbox 927 2674 1174 2738; x_wconf 89' lang='lat' dir='ltr'><strong>Scaligero</strong></span> <span class='ocrx_word' id='word_1_243' title='bbox 1205 2675 1529 2723; x_wconf 87' lang='lat' dir='ltr'><strong>duodecimus</strong></span> <span class='ocrx_word' id='word_1_244' title='bbox 1558 2676 1820 2724; x_wconf 85' lang='lat' dir='ltr'><strong>Persarum</strong></span> <span class='ocrx_word' id='word_1_245' title='bbox 1847 2675 1991 2723; x_wconf 73' lang='lat' dir='ltr'><strong>Rex?</strong></span> <span class='ocrx_word' id='word_1_246' title='bbox 2026 2676 2153 2735; x_wconf 90' lang='lat' dir='ltr'><strong>Quis</strong></span> 
     </span>
     <span class='ocr_line' id='line_1_34' title="bbox 315 2740 2155 2811; baseline 0.001 -19"><span class='ocrx_word' id='word_1_247' title='bbox 315 2746 410 2792; x_wconf 87' lang='lat' dir='ltr'><strong>iste</strong></span> <span class='ocrx_word' id='word_1_248' title='bbox 449 2741 525 2811; x_wconf 85' lang='grc' dir='ltr'><strong>ιγ’.</strong></span> <span class='ocrx_word' id='word_1_249' title='bbox 559 2748 706 2810; x_wconf 73' lang='grc' dir='ltr'><strong><em>,Ωχος</em></strong></span> <span class='ocrx_word' id='word_1_250' title='bbox 752 2740 896 2795; x_wconf 80' lang='grc' dir='ltr'><strong><em>ευδοιί</em></strong></span> <span class='ocrx_word' id='word_1_251' title='bbox 898 2780 1172 2794; x_wconf 90' lang='grc'><strong>......</strong></span> <span class='ocrx_word' id='word_1_252' title='bbox 1220 2745 1437 2794; x_wconf 80' lang='lat' dir='ltr'><strong>Errandi</strong></span> <span class='ocrx_word' id='word_1_253' title='bbox 1474 2746 1697 2793; x_wconf 88' lang='lat' dir='ltr'><strong>fortassis</strong></span> <span class='ocrx_word' id='word_1_254' title='bbox 1737 2763 1880 2793; x_wconf 85' lang='lat' dir='ltr'><strong>causa</strong></span> <span class='ocrx_word' id='word_1_255' title='bbox 1919 2745 2017 2794; x_wconf 85' lang='lat' dir='ltr'><strong>fuit</strong></span> <span class='ocrx_word' id='word_1_256' title='bbox 2066 2746 2155 2794; x_wconf 81' lang='lat' dir='ltr'><strong>ille</strong></span> 
     </span>
    </p>
   </div>
   <div class='ocr_carea' id='block_1_5' title="bbox 314 2811 2153 3022">
    <p class='ocr_par' dir='ltr' id='par_1_12' title="bbox 314 2811 2153 3022">
     <span class='ocr_line' id='line_1_35' title="bbox 314 2811 2153 2903; baseline 0.002 -40"><span class='ocrx_word' id='word_1_257' title='bbox 314 2815 528 2863; x_wconf 83' lang='lat' dir='ltr'><strong>Librarii</strong></span> <span class='ocrx_word' id='word_1_258' title='bbox 554 2819 777 2902; x_wconf 79' lang='grc' dir='ltr'><em>Ναρσῆς,</em></span> <span class='ocrx_word' id='word_1_259' title='bbox 812 2815 900 2880; x_wconf 92' lang='lat' dir='ltr'><strong>qui</strong></span> <span class='ocrx_word' id='word_1_260' title='bbox 928 2812 1209 2864; x_wconf 85' lang='lat' dir='ltr'><strong>emendate&#39;</strong></span> <span class='ocrx_word' id='word_1_261' title='bbox 1209 2812 1408 2903; x_wconf 82' lang='grc' dir='ltr'><strong><em>Ἀρσης,</em></strong></span> <span class='ocrx_word' id='word_1_262' title='bbox 1450 2817 1534 2865; x_wconf 87' lang='lat' dir='ltr'><strong>vel</strong></span> <span class='ocrx_word' id='word_1_263' title='bbox 1554 2823 1615 2863; x_wconf 92' lang='lat' dir='ltr'><strong>ut</strong></span> <span class='ocrx_word' id='word_1_264' title='bbox 1641 2816 1750 2863; x_wconf 87' lang='lat' dir='ltr'><strong>aliis</strong></span> <span class='ocrx_word' id='word_1_265' title='bbox 1777 2816 1941 2881; x_wconf 90' lang='lat' dir='ltr'><strong>placet</strong></span> <span class='ocrx_word' id='word_1_266' title='bbox 1957 2811 2153 2883; x_wconf 77' lang='grc' dir='ltr'><strong><em>Ἀρσοῖς,</em></strong></span> 
     </span>
     <span class='ocr_line' id='line_1_36' title="bbox 315 2881 2152 2985; baseline 0.002 -52"><span class='ocrx_word' id='word_1_267' title='bbox 315 2887 399 2933; x_wconf 86' lang='lat' dir='ltr'><strong>vel</strong></span> <span class='ocrx_word' id='word_1_268' title='bbox 437 2885 650 2948; x_wconf 89' lang='lat' dir='ltr'><strong>denique</strong></span> <span class='ocrx_word' id='word_1_269' title='bbox 685 2881 936 2952; x_wconf 75' lang='grc' dir='ltr'><em>Ἀρσάμης</em></span> <span class='ocrx_word' id='word_1_270' title='bbox 963 2885 1218 2934; x_wconf 88' lang='lat' dir='ltr'><strong>scribitur.</strong></span> <span class='ocrx_word' id='word_1_271' title='bbox 1287 2881 1638 2952; x_wconf 78' lang='grc' dir='ltr'><em>Ἀρμουσοῖμην</em></span> <span class='ocrx_word' id='word_1_272' title='bbox 1671 2885 1770 2934; x_wconf 86' lang='lat' dir='ltr'><strong>hoc</strong></span> <span class='ocrx_word' id='word_1_273' title='bbox 1806 2893 2006 2935; x_wconf 87' lang='lat' dir='ltr'><strong>tantum</strong></span> <span class='ocrx_word' id='word_1_274' title='bbox 2038 2887 2152 2985; x_wconf 83' lang='lat' dir='ltr'><strong>loco</strong></span> 
     </span>
     <span class='ocr_line' id='line_1_37' title="bbox 317 2955 1426 3022; baseline 0.001 -18"><span class='ocrx_word' id='word_1_275' title='bbox 317 2973 344 3003; x_wconf 84' lang='lat' dir='ltr'><strong>a</strong></span> <span class='ocrx_word' id='word_1_276' title='bbox 371 2972 422 3004; x_wconf 90' lang='lat' dir='ltr'><strong>se</strong></span> <span class='ocrx_word' id='word_1_277' title='bbox 446 2956 631 3004; x_wconf 88' lang='lat' dir='ltr'><strong>lectum</strong></span> <span class='ocrx_word' id='word_1_278' title='bbox 655 2957 883 3003; x_wconf 83' lang='lat' dir='ltr'><strong>observat</strong></span> <span class='ocrx_word' id='word_1_279' title='bbox 908 2955 1136 3005; x_wconf 87' lang='lat' dir='ltr'><strong>Animad.</strong></span> <span class='ocrx_word' id='word_1_280' title='bbox 1156 2972 1269 3022; x_wconf 91' lang='lat' dir='ltr'><strong>pag.</strong></span> <span class='ocrx_word' id='word_1_281' title='bbox 1303 2958 1426 3010; x_wconf 87' lang='grc'><strong>258.</strong></span> 
     </span>
    </p>
   </div>
   <div class='ocr_carea' id='block_1_6' title="bbox 315 3038 2152 3246">
    <p class='ocr_par' dir='ltr' id='par_1_13' title="bbox 315 3038 2152 3246">
     <span class='ocr_line' id='line_1_38' title="bbox 459 3038 2152 3106; baseline 0.001 -16"><span class='ocrx_word' id='word_1_282' title='bbox 459 3039 758 3103; x_wconf 54' lang='grc' dir='ltr'><strong><em>Χουσαῖοιι]</em></strong></span> <span class='ocrx_word' id='word_1_283' title='bbox 800 3040 1016 3103; x_wconf 87' lang='lat' dir='ltr'><strong>Scaliger</strong></span> <span class='ocrx_word' id='word_1_284' title='bbox 1056 3057 1171 3106; x_wconf 87' lang='lat' dir='ltr'><strong>pag.</strong></span> <span class='ocrx_word' id='word_1_285' title='bbox 1208 3047 1379 3088; x_wconf 80' lang='lat' dir='ltr'><strong>textus</strong></span> <span class='ocrx_word' id='word_1_286' title='bbox 1413 3038 1592 3089; x_wconf 90' lang='lat' dir='ltr'><strong>Euseb.</strong></span> <span class='ocrx_word' id='word_1_287' title='bbox 1631 3038 1714 3094; x_wconf 82' lang='lat'><strong>45.</strong></span> <span class='ocrx_word' id='word_1_288' title='bbox 1754 3041 1953 3106; x_wconf 86' lang='lat' dir='ltr'><strong>reponit</strong></span> <span class='ocrx_word' id='word_1_289' title='bbox 1990 3044 2152 3092; x_wconf 82' lang='grc' dir='ltr'><strong><em>Χουτ-</em></strong></span> 
     </span>
     <span class='ocr_line' id='line_1_39' title="bbox 315 3105 2149 3178; baseline 0 -18"><span class='ocrx_word' id='word_1_290' title='bbox 315 3114 486 3161; x_wconf 68' lang='grc' dir='ltr'><strong><em>ταΐονι</em></strong></span> <span class='ocrx_word' id='word_1_291' title='bbox 522 3109 758 3174; x_wconf 88' lang='lat' dir='ltr'><strong>Iosephus</strong></span> <span class='ocrx_word' id='word_1_292' title='bbox 795 3113 1062 3161; x_wconf 82' lang='grc' dir='ltr'><strong><em>Χουθαῖον</em></strong></span> <span class='ocrx_word' id='word_1_293' title='bbox 1098 3118 1277 3172; x_wconf 88' lang='lat' dir='ltr'><strong>vocat,</strong></span> <span class='ocrx_word' id='word_1_294' title='bbox 1319 3105 1601 3175; x_wconf 81' lang='grc' dir='ltr'><strong><em>Ου’ρανίτην</em></strong></span> <span class='ocrx_word' id='word_1_295' title='bbox 1625 3112 1853 3160; x_wconf 87' lang='lat' dir='ltr'><strong>Neemiae</strong></span> <span class='ocrx_word' id='word_1_296' title='bbox 1881 3120 2034 3178; x_wconf 90' lang='lat' dir='ltr'><strong>caput</strong></span> <span class='ocrx_word' id='word_1_297' title='bbox 2058 3112 2149 3161; x_wconf 91' lang='lat' dir='ltr'><strong>ult.</strong></span> 
     </span>
     <span class='ocr_line' id='line_1_40' title="bbox 315 3179 1586 3246; baseline -0.002 -16"><span class='ocrx_word' id='word_1_298' title='bbox 315 3197 366 3246; x_wconf 58' lang='lat' dir='ltr'><strong>v,</strong></span> <span class='ocrx_word' id='word_1_299' title='bbox 404 3184 487 3235; x_wconf 87' lang='grc'><strong>28.</strong></span> <span class='ocrx_word' id='word_1_300' title='bbox 524 3179 816 3230; x_wconf 81' lang='lat' dir='ltr'><strong>Horonitem</strong></span> <span class='ocrx_word' id='word_1_301' title='bbox 843 3196 905 3227; x_wconf 83' lang='lat' dir='ltr'><strong>ex</strong></span> <span class='ocrx_word' id='word_1_302' title='bbox 927 3179 1172 3229; x_wconf 87' lang='lat' dir='ltr'><strong>Hebraico</strong></span> <span class='ocrx_word' id='word_1_303' title='bbox 1197 3187 1343 3228; x_wconf 84' lang='lat' dir='ltr'><strong>textu</strong></span> <span class='ocrx_word' id='word_1_304' title='bbox 1369 3181 1586 3244; x_wconf 86' lang='lat' dir='ltr'><strong>vulgata.</strong></span> 
     </span>
    </p>
   </div>
   <div class='ocr_carea' id='block_1_7' title="bbox 315 3258 2148 3401">
    <p class='ocr_par' dir='ltr' id='par_1_14' title="bbox 315 3258 2148 3401">
     <span class='ocr_line' id='line_1_41' title="bbox 454 3258 2148 3334; baseline 0 -19"><span class='ocrx_word' id='word_1_305' title='bbox 454 3264 746 3332; x_wconf 79' lang='grc' dir='ltr'><em>Αἰγυπτίων</em></span> <span class='ocrx_word' id='word_1_306' title='bbox 780 3258 871 3313; x_wconf 78' lang='grc' dir='ltr'><strong>κδ’.</strong></span> <span class='ocrx_word' id='word_1_307' title='bbox 906 3263 1215 3332; x_wconf 81' lang='grc' dir='ltr'><strong>δυναστεία.]</strong></span> <span class='ocrx_word' id='word_1_308' title='bbox 1257 3264 1416 3313; x_wconf 85' lang='lat' dir='ltr'><strong>Verba</strong></span> <span class='ocrx_word' id='word_1_309' title='bbox 1449 3264 1571 3314; x_wconf 89' lang='lat' dir='ltr'><strong>haec</strong></span> <span class='ocrx_word' id='word_1_310' title='bbox 1604 3266 1910 3332; x_wconf 84' lang='lat' dir='ltr'><strong>frequentius</strong></span> <span class='ocrx_word' id='word_1_311' title='bbox 1935 3267 2148 3334; x_wconf 84' lang='lat' dir='ltr'><strong>repetita</strong></span> 
     </span>
     <span class='ocr_line' id='line_1_42' title="bbox 315 3333 1522 3401; baseline -0.002 -17"><span class='ocrx_word' id='word_1_312' title='bbox 315 3342 365 3384; x_wconf 87' lang='lat' dir='ltr'><strong>et</strong></span> <span class='ocrx_word' id='word_1_313' title='bbox 390 3337 635 3384; x_wconf 87' lang='lat' dir='ltr'><strong>nonnulla</strong></span> <span class='ocrx_word' id='word_1_314' title='bbox 664 3334 758 3383; x_wconf 88' lang='lat' dir='ltr'><strong>alia</strong></span> <span class='ocrx_word' id='word_1_315' title='bbox 783 3333 998 3397; x_wconf 88' lang='lat' dir='ltr'><strong>Scaliger</strong></span> <span class='ocrx_word' id='word_1_316' title='bbox 1027 3334 1266 3400; x_wconf 82' lang='lat' dir='ltr'><strong>expungit</strong></span> <span class='ocrx_word' id='word_1_317' title='bbox 1291 3352 1403 3401; x_wconf 90' lang='lat' dir='ltr'><strong>pag.</strong></span> <span class='ocrx_word' id='word_1_318' title='bbox 1435 3335 1522 3389; x_wconf 88' lang='grc'><strong>45.</strong></span> 
     </span>
    </p>
   </div>
   <div class='ocr_carea' id='block_1_8' title="bbox 315 3413 2147 3560">
    <p class='ocr_par' dir='ltr' id='par_1_15' title="bbox 315 3413 2147 3560">
     <span class='ocr_line' id='line_1_43' title="bbox 452 3413 2147 3488; baseline -0.001 -19"><span class='ocrx_word' id='word_1_319' title='bbox 452 3421 567 3483; x_wconf 86' lang='lat' dir='ltr'><strong>Pag.</strong></span> <span class='ocrx_word' id='word_1_320' title='bbox 607 3420 727 3474; x_wconf 79' lang='lat'><strong>257.</strong></span> <span class='ocrx_word' id='word_1_321' title='bbox 783 3416 1018 3484; x_wconf 81' lang='grc' dir='ltr'><strong>Τέταρτος</strong></span> <span class='ocrx_word' id='word_1_322' title='bbox 1056 3422 1218 3484; x_wconf 81' lang='grc' dir='ltr'><em>μῆνας</em></span> <span class='ocrx_word' id='word_1_323' title='bbox 1256 3417 1340 3484; x_wconf 73' lang='grc' dir='ltr'><strong>ἔτη</strong></span> <span class='ocrx_word' id='word_1_324' title='bbox 1379 3413 1438 3470; x_wconf 78' lang='grc' dir='ltr'><strong>δ’.</strong></span> <span class='ocrx_word' id='word_1_325' title='bbox 1454 3418 1474 3483; x_wconf 95' lang='grc'>]</span> <span class='ocrx_word' id='word_1_326' title='bbox 1520 3419 1726 3484; x_wconf 83' lang='lat' dir='ltr'><strong>Reliqua</strong></span> <span class='ocrx_word' id='word_1_327' title='bbox 1762 3438 1899 3487; x_wconf 87' lang='lat' dir='ltr'><strong>reges</strong></span> <span class='ocrx_word' id='word_1_328' title='bbox 1935 3422 2147 3488; x_wconf 85' lang='lat' dir='ltr'><strong>Aegypti</strong></span> 
     </span>
     <span class='ocr_line' id='line_1_44' title="bbox 315 3460 2147 3560; baseline 0.001 -22"><span class='ocrx_word' id='word_1_329' title='bbox 315 3491 586 3557; x_wconf 85' lang='lat' dir='ltr'><strong>spectantia</strong></span> <span class='ocrx_word' id='word_1_330' title='bbox 606 3496 796 3540; x_wconf 84' lang='lat' dir='ltr'><strong>scatent</strong></span> <span class='ocrx_word' id='word_1_331' title='bbox 822 3487 1052 3539; x_wconf 78' lang='lat' dir='ltr'><strong>mendis</strong></span> <span class='ocrx_word' id='word_1_332' title='bbox 1036 3505 1090 3538; x_wconf 85' lang='lat' dir='ltr'><strong>m</strong></span> <span class='ocrx_word' id='word_1_333' title='bbox 1116 3490 1216 3540; x_wconf 90' lang='lat' dir='ltr'><strong>MS.</strong></span> <span class='ocrx_word' id='word_1_334' title='bbox 1241 3507 1395 3557; x_wconf 87' lang='lat' dir='ltr'><strong>quare</strong></span> <span class='ocrx_word' id='word_1_335' title='bbox 1417 3490 1593 3540; x_wconf 81' lang='lat' dir='ltr'><strong>Latino</strong></span> <span class='ocrx_word' id='word_1_336' title='bbox 1614 3460 1846 3542; x_wconf 42' lang='lat' dir='ltr'><strong>Eusebio&amp;</strong></span> <span class='ocrx_word' id='word_1_337' title='bbox 1842 3510 1978 3558; x_wconf 78' lang='lat' dir='ltr'><strong>usuS,</strong></span> <span class='ocrx_word' id='word_1_338' title='bbox 2002 3509 2147 3560; x_wconf 88' lang='lat' dir='ltr'><strong>prae-</strong></span> 
     </span>
    </p>
   </div>
  </div>
 </body>
</html>
