2112 3854
687 218 1043 275 DISSERTA
1053 218 1200 273 ΤΙΟ.
1784 212 1813 268 1
1829 214 1857 267 1

3 356 19 415 J
47 350 215 401 laudes
252 349 464 414 Georgio
495 357 668 398 nostro
702 349 921 398 tribuere
944 367 1230 415 possumus,
1264 349 1444 416 quibus
1471 347 1686 413 Scaliger
1707 348 1863 398 Euse-

0 477 2 482 λ
41 422 178 472 bium
220 421 513 469 accumulat.
585 421 768 469 Omnes
804 421 905 469 fere
930 423 1219 486 scriptores,
1262 438 1289 470 e
1321 421 1500 486 quibus
1526 437 1604 469 res
1628 427 1789 483 gestae
1815 428 1864 468 et

45 491 290 546 finitiones
312 499 591 556 temporum
620 490 784 554 colligi
804 499 1050 555 poterant,
1086 499 1424 556 perscrutatus
1448 498 1544 555 est3
1579 491 1743 540 varias
1764 507 1864 538 me-

0 622 7 628 ,
44 561 200 611 tiendi
218 563 454 627 temporis
479 562 695 610 rationes
722 562 984 625 diligenter
1004 563 1136 611 inter
1161 579 1214 611 se
1238 563 1475 624 contulit,
1511 577 1671 625 neque
1687 561 1865 609 imme-

44 632 143 682 rito
171 649 200 678 a
224 631 521 697 Theophane
541 640 807 680 coaetaneo
828 631 1265 696 πολυμαθέστατος
1281 634 1530 683 laudatur.
1586 632 1658 679 Ne
1682 640 1863 692 autem,

45 701 181 768 quod
200 719 375 751 verum
401 711 490 764 est,
531 703 863 750 dissimulem:
900 703 1096 750 laborat
1117 704 1357 767 Georgius
1377 703 1499 752 vitio
1519 702 1737 751 omnium
1762 703 1866 750 fere

45 772 436 821 Christianorum
471 773 851 835 historicorum,
902 773 989 837 qui
1017 773 1305 821 historicam
1331 782 1484 822 artem
1510 774 1612 822 fere
1641 780 1866 821 contem-

44 850 218 892 nentes
255 845 382 892 exile
416 844 666 908 quoddam
705 843 950 908 nimisque
981 844 1169 891 siccum
1194 844 1479 892 scribendae
1509 843 1746 892 historiae
1781 860 1869 907 ge-

43 930 138 962 nus
159 913 353 979 sequuti
379 922 519 977 sunt,
555 915 624 962 ita
651 921 729 977 ut,
768 914 1004 979 quicquid
1028 915 1110 963 vel
1134 914 1189 961 in
1214 914 1312 962 hoc
1334 915 1484 963 illove
1509 914 1641 963 libro
1677 931 1870 962 memo-

42 983 197 1034 rabile
229 984 487 1048 legissent,
525 985 844 1046 adnotarent,
879 985 1052 1050 paucis
1088 992 1146 1032 ut
1179 985 1450 1050 plurimum
1479 985 1670 1047 verbis,
1707 985 1871 1033 rarius

44 1052 279 1122 (maxime
306 1056 360 1102 in
394 1054 592 1103 Iudaica
614 1052 844 1121 historia)
885 1072 995 1103 cum
1022 1055 1183 1119 aliqua
1206 1055 1557 1103 adiunctorum
1584 1071 1871 1102 causarum—

43 1141 136 1190 que
172 1124 486 1187 recensione,
539 1126 699 1174 omnis
729 1125 917 1190 generis
958 1142 1037 1174 res
1070 1126 1358 1188 miscentes,
1401 1142 1495 1173 nec
1533 1124 1679 1172 facile
1711 1124 1870 1172 alium

43 1195 267 1243 ordinem
293 1204 559 1258 servantes,
597 1213 742 1261 quam
771 1214 918 1261 quem
942 1197 1023 1244 vel
1048 1203 1243 1262 tempus
1263 1196 1348 1245 vel
1373 1196 1596 1260 exempla
1621 1212 1709 1243 sua
1731 1211 1874 1260 prae·

39 1265 221 1314 bebant
239 1264 299 1332 ³).
373 1267 614 1330 Georgius
646 1267 875 1332 inprimis
911 1267 1095 1315 nimius
1139 1274 1212 1314 est
1247 1266 1304 1314 in
1342 1266 1519 1314 iisdem
1553 1266 1736 1313 iterum
1774 1266 1874 1313 ite-

39 1352 248 1400 rumque
279 1337 583 1402 repetendis,
619 1338 831 1385 maxime
853 1338 909 1384 in
929 1337 1378 1402 vituperationibus
1402 1337 1616 1384 aliorum
1638 1335 1873 1383 Chrono-

40 1405 370 1471 graphorum‚
410 1415 554 1472 atque
587 1407 643 1454 in
677 1408 977 1474 perturbatis
1015 1425 1259 1456 annorum
1287 1407 1505 1456 numeris
1530 1406 1875 1470 erroribusque

39 1477 386 1540 librariorum,
423 1478 647 1542 quamvis
681 1479 909 1543 paginam
951 1479 1114 1544 operis
1141 1478 1454 1540 vitiantibus,
1492 1493 1638 1543 saepe
1670 1477 1876 1524 difficile

41 1555 116 1595 est
136 1546 429 1610 diiudicata,
468 1549 901 1612 contradictioneS,
925 1566 1050 1613 quae
1072 1556 1359 1611 occurrunt,
1394 1555 1566 1596 utrum
1589 1548 1783 1596 auctori
1811 1563 1875 1594 an

40 1617 243 1666 librario
291 1617 621 1681 iniungendae
663 1619 776 1667 sint.
822 1645 894 1656 —
939 1620 1102 1667 Labor
1139 1636 1259 1669 vero
1307 1619 1444 1666 haud
1481 1618 1732 1665 iucundus
1784 1623 1875 1678 est,

39 1687 95 1735 in
117 1687 248 1736 libro
268 1688 478 1752 legendo
504 1689 703 1752 librum,
736 1706 882 1755 quem
902 1690 1120 1738 lecturus
1145 1706 1210 1752 es,
1233 1706 1260 1737 e
1285 1688 1482 1747 litteris,
1503 1687 1725 1752 syllabis,
1760 1703 1876 1735 ver-

39 1757 116 1807 bis
149 1759 467 1824 numerisque
499 1761 750 1826 corruptis
788 1761 1075 1810 restituere:
1111 1760 1167 1809 id
1202 1759 1339 1825 quod
1367 1760 1422 1806 in
1455 1759 1667 1821 Georgio
1697 1765 1875 1805 nostro

39 1829 229 1894 saepius
267 1829 377 1878 fieri
407 1846 607 1878 necesse
642 1839 730 1883 est.
771 1859 844 1869 ·-—-
895 1833 1066 1880 Goaro
1107 1831 1260 1894 igitur
1296 1830 1478 1893 gratias
1514 1828 1697 1877 habere
1723 1828 1875 1876 debe-

39 1916 148 1947 mus
164 1937 179 1962 ,
217 1900 351 1964 quod
384 1900 606 1949 laborem
632 1902 1036 1951 molestissimum
1058 1902 1190 1950 hanc
1212 1899 1661 1965 chronographiam
1686 1898 1877 1947 descri—

38 1969 190 2018 bendi
211 1971 488 2036 edendique
515 1990 617 2019 non
638 1973 909 2027 recusavit.
966 1973 1148 2021 Multos
1170 1988 1405 2020 numeros
1433 1970 1672 2032 correxit,
1704 1969 1877 2018 multis

38 2040 165 2088 locis
192 2057 391 2090 sensum
415 2042 661 2103 reddidit,
688 2051 752 2106 et,
791 2044 929 2109 quasi
955 2043 1222 2109 pugnando
1251 2041 1504 2106 ingenium
1528 2041 1634 2089 eius
1660 2041 1878 2088 maxime

41 2111 313 2174 excitetur,
349 2112 405 2159 in
434 2113 494 2160 iis
518 2114 643 2162 locis
665 2131 807 2180 saepe
825 2132 1001 2164 verum
1024 2115 1243 2178 tetigisse
1264 2113 1496 2174 videtur,
1534 2112 1588 2159 in
1617 2111 1796 2176 quibus
1822 2110 1879 2158 in

42 2181 277 2246 Scaligeri
306 2184 632 2232 temeritatem
670 2185 891 2245 invehit3
934 2202 1235 2250 quamquam
1258 2184 1512 2232 interdum
1538 2199 1740 2247 quoque
1767 2189 1879 2229 stu-

42 2251 127 2300 dio
160 2269 250 2300 suo
283 2263 601 2318 praereptuS,
636 2273 812 2306 verum
856 2257 992 2320 quod
1028 2256 1244 2319 Scaliger
1277 2255 1564 2315 invenerat,
1600 2271 1705 2301 non
1729 2252 1879 2302 vidit.

41 2323 112 2370 Ut
149 2323 278 2370 enim
300 2324 510 2386 ingenue
534 2327 714 2389 fatear,
753 2328 888 2391 quod
910 2327 1090 2375 sentio:
1129 2325 1347 2389 Scaliger
1377 2324 1574 2389 quidem
1599 2323 1778 2371 nimius
1805 2329 1881 2370 est

44 2393 166 2440 etin
193 2393 403 2440 Eusebio
422 2395 672 2444 laudando
700 2405 749 2445 et
771 2398 825 2444 in
852 2398 1063 2461 Georgio
1089 2396 1445 2461 vituperand03
1483 2395 1735 2457 ingenium
1758 2409 1878 2440 vero

43 2463 419 2527 doctrinamque
452 2466 706 2529 Scaligeri,
744 2469 956 2515 maxime
986 2468 1042 2514 in
1070 2467 1216 2514 rebus
1249 2463 1646 2526 chronologicis,
1686 2463 1880 2509 Goarus

42 2534 192 2597 longo
232 2535 391 2598 spatio
429 2552 531 2583 non
559 2546 852 2600 assequutus
888 2545 989 2599 est,
1027 2536 1275 2599 aliumque
1300 2534 1566 2597 Georgium
1588 2534 1879 2596 legeremus,

42 2604 301 2652 nonnullis
326 2603 522 2668 quidem
551 2609 759 2655 fortasse
777 2607 832 2654 in
854 2607 980 2655 locis
1004 2606 1107 2655 acri
1133 2605 1339 2653 audacia
1369 2604 1674 2667 castigatum,
1702 2603 1741 2651 si
1766 2605 1881 2650 Sca-

42 2674 168 2739 liger
204 2682 367 2722 totum
408 2676 655 2725 edidisset.
729 2679 963 2726 Conferas
991 2678 1133 2738 loca,
1171 2693 1295 2740 quae
1322 2674 1568 2723 Chronico
1598 2673 1879 2721 Eusebiano

45 2753 94 2792 et
118 2745 251 2792 notis
271 2745 505 2794 inseruit:
545 2746 749 2815 (gratias
772 2748 1002 2796 debemus
1027 2748 1218 2808 Goaro,
1257 2746 1390 2810 quod
1416 2745 1616 2810 paginas
1644 2743 1882 2791 Chronici

44 2815 306 2863 Eusebiani
341 2817 546 2880 adiecit,
583 2820 638 2865 in
664 2820 838 2882 quibus
873 2818 1147 2882 Georgiana
1171 2813 1424 2881 leguntur)
1460 2815 1774 2879 dolebisque,
1810 2814 1882 2861 ita

47 2894 342 2934 exornatum
367 2895 527 2934 totum
553 2890 789 2937 volumen
814 2907 914 2937 non
939 2888 1197 2954 prodiisse.
1229 2916 1295 2923 —-
1327 2886 1511 2934 Partim
1536 2893 1594 2933 ut
1619 2902 1745 2950 quae
1771 2884 1882 2932 dixi

45 2957 276 3022 probem,
313 2958 495 3022 partim
519 2966 578 3007 ut
607 2960 926 3008 conniventia
952 2961 1195 3007 lectorum
1220 2958 1399 3020 dignus
1432 2956 1632 3019 videar,
1683 2956 1724 3004 si
1750 2954 1882 3002 nihil

47 3026 172 3074 certi
193 3035 406 3076 statuere
429 3035 600 3092 potero
628 3038 713 3077 aut
735 3030 777 3077 si
804 3030 1100 3078 coniecturis
1130 3028 1394 3091 indulgebo
1413 3062 1426 3086 ,
1464 3043 1527 3075 ex
1552 3026 1674 3092 ipsis
1703 3025 1880 3091 primis

46 3096 236 3162 paginis
266 3098 378 3145 loca
405 3101 645 3162 quaedam
673 3109 906 3166 corrupta
935 3115 1200 3165 excerpere
1226 3098 1393 3147 liceat.

186 3182 297 3248 Ipsa
329 3182 489 3247 prima
525 3186 679 3234 verba
715 3185 947 3233 Chronici
989 3203 1039 3250 p.
1075 3189 1121 3237 1.
1163 3183 1222 3230 ab
1262 3183 1452 3230 editore
1490 3198 1594 3229 non
1628 3181 1880 3228 intellecta

49 3267 181 3313 esse,
218 3260 268 3300 et
294 3252 632 3319 interpunctio
655 3263 705 3303 et
730 3256 891 3304 versio
930 3256 1084 3303 latina
1117 3255 1326 3302 docent:
1363 3260 1481 3318 post
1512 3249 1750 3317 παρήχθη
1775 3266 1879 3297 non

48 3321 445 3387 interpungitur3
473 3334 522 3374 et
543 3326 597 3374 in
616 3326 846 3376 versione
864 3327 1125 3391 leguntur:
1151 3325 1383 3389 „hoc-est
1402 3323 1702 3389 principium
1715 3339 1729 3382 ;
1756 3320 1878 3382 dies,

107 3474 160 3530 3)
191 3474 615 3590 Confeltbzgzgffocsleri
641 3478 856 3523 Chronica
875 3477 1011 3523 Medii
1031 3477 1153 3523 Aevi.
1196 3477 1320 3521 Tom.
1344 3475 1365 3519 1
1404 3491 1448 3534 p.
1473 3473 1646 3518 1—72.
1689 3470 1880 3528 (Tubin-

165 3546 277 3588 gae,
423 3567 433 3579 .
