2222 3938
293 225 421 286 392
450 283 452 286 ,
595 270 599 276 -
930 226 1502 286 EMENDATIONES

292 362 451 424 Deus,
488 376 553 412 ex
581 360 683 412 illis
717 357 881 412 verbis
918 357 1197 410 Historicae
1232 374 1397 408 rerum
1425 374 1675 408 sacrarum
1715 355 1989 422 cognitioni
2012 373 2108 406 ac·-

293 432 466 483 cessit!
2135 428 2138 431 ’

429 497 586 568 Ἀμφὶ
605 497 666 551 τοὶ
688 495 794 565 τν’.]
833 500 1015 548 Scribit
1041 499 1368 562 Hieronymus
1395 497 1449 546 in
1473 499 1699 549 versione
1735 499 2001 562 Cecropem
2025 496 2108 544 vel

289 572 463 622 Mosen
489 570 775 619 antecedere
803 569 990 618 bellum
1016 569 1284 618 Troianum
1310 568 1452 616 annis
1478 571 1596 623 375.
1636 570 1836 616 Latinus
1870 583 2108 614 numerus
2128 567 2133 574 ⁶

289 642 477 708 primos
512 639 740 704 Cecropis
776 657 930 689 annos
968 640 1227 696 terminat,
1280 638 1405 686 alter
1430 637 1731 688 Athenarum
1762 638 1822 686 ab
1850 653 1907 685 eo
1944 637 2107 700 posita

289 712 626 760 fundamenta.
671 710 960 759 Eustathius
995 711 1056 758 ab
1095 708 1275 757 Allatio
1310 708 1470 757 editus
1505 726 1566 758 ex
1599 708 1799 758 Eusebii
1824 706 1988 756 verbis
2024 707 2107 754 lo-

289 797 444 845 quens
469 795 713 827 annorum
739 776 824 830 τν’.
850 782 951 830 MS.
985 780 1191 860 Regium
1220 778 1437 827 eiusdem
1467 780 1716 830 Eustathii
1745 778 1927 827 Codice
1955 780 2106 831 1027.
2135 778 2137 780 ’

287 851 414 902 ἐτων
436 850 704 900 διακοσίων
725 849 1042 898 intervallum
1065 850 1226 936 ponit.

426 920 537 982 Pag
564 923 650 972 67.
673 915 786 970 Ὀτι
813 918 902 986 μὲν
925 914 1020 971 οὐν
1045 916 1192 981 αὐτὸς
1216 918 1377 988 ἑαυτῷ
1395 938 1490 984 την
1512 916 1764 987 α’τοπίαν.]
1804 918 1981 968 Adeo'
1965 935 2109 966 11130-
2191 922 2194 925 ’

283 988 468 1037 lentem
494 989 691 1053 Georgii
716 989 1147 1055 reprehensionem
1179 1007 1283 1038 non
1308 990 1404 1037 fert
1430 991 1623 1039 Eusebii
1657 990 1844 1040 vindex
1874 989 2106 1052 Scaliger.
2133 987 2137 990 ¹

281 1060 412 1121 Hic,
452 1059 620 1123 inquit
639 1060 750 1109 Not.
772 1077 880 1125 pag.
913 1065 996 1115 12.
1019 1069 1067 1110 et
1091 1065 1170 1115 13.
1207 1078 1342 1108 more
1362 1078 1454 1108 suo
1484 1063 1735 1126 Georgius
1773 1078 1955 1107 manus
1991 1075 2105 1106 cum

279 1129 503 1177 ,Eusebio
546 1128 727 1176 stolide
769 1134 1009 1193 conserit,
1048 1129 1187 1196 quod
1219 1130 1466 1178 adversus
1510 1141 1583 1179 tot
1620 1133 1953 1195 scriptorum,
2001 1139 2108 1176 tam

286 1200 711 1262 Christianorum,
741 1219 895 1265 quam
919 1200 1224 1250 Iudaeorum
1247 1203 1543 1248 sententiam
1562 1203 1736 1249 Mosen
1759 1202 1902 1263 infra
1927 1199 2109 1248 Inachi

282 1275 506 1355 tempora
529 1273 693 1334 ponit.
764 1274 889 1319 ,Duo
915 1274 1086 1354 itaq-ue
1109 1272 1315 1319 obiicit:
1355 1270 1499 1337 quod
1526 1284 1656 1321 nova
1677 1272 1934 1336 proferat,
1974 1265 2113 1335 quod

239 1379 242 1381 >
279 1334 633 1390 ἀναπόδεικτα.
673 1342 755 1387 De
769 1344 972 1406 priore,
1010 1345 1183 1408 inique
1204 1344 1355 1404 facit.
1398 1344 1537 1391 Nam
1563 1341 1705 1407 quod
1741 1344 1963 1389 omnium
1992 1357 2108 1387 con-

278 1427 429 1457 sensu
468 1419 712 1474 receptum
754 1421 851 1475 est,
888 1422 935 1460 et
968 1422 1183 1478 tempore
1193 1414 1243 1477 s
1225 1411 1357 1460 dem
1388 1415 1595 1475 meruit,
1634 1430 1733 1460 non
1763 1414 1992 1476 sequitur
2026 1428 2109 1458 ne-

281 1482 497 1528 cessario
522 1498 698 1528 verum
720 1499 834 1530 esse.
884 1485 966 1531 De
997 1485 1183 1546 alter-,o
1220 1501 1373 1548 neque
1400 1486 1508 1531 iure
1539 1482 1605 1531 id
1625 1483 1918 1547 expostulat,
1971 1482 2137 1528 Nam

280 1568 334 1598 eo
364 1553 533 1615 magis
555 1550 678 1598 liaeo
708 1550 1047 1601 demonstrare
1082 1520 1286 1602 deb'ebat
1317 1553 1596 1618 Eusebius‘,
1634 1571 1731 1619 quo
1755 1555 1924 1617 magis
1944 1551 2139 1599 lzomi-

278 1638 405 1669 num
429 1622 601 1669 lacerer
603 1631 647 1668 et
672 1626 859 1671 animis
883 1623 944 1672 de
965 1627 1206 1673 immensa
1229 1634 1474 1672 vetustate
1499 1626 1661 1673 Mosis
1684 1625 1944 1683 sententia,
1969 1618 2112 1686 quod

268 1694 411 1754 facit
433 1694 490 1740 in
510 1695 842 1759 sequentibus.
892 1696 1144 1744 Adversus
1170 1695 1294 1743 haec
1321 1696 1490 1760 paucis
1529 1694 1724 1743 Author
1752 1694 1859 1757 ipse
1893 1709 2106 1756 respon-

281 1762 378 1809 det.
422 1763 761 1812 Peliculosum
800 1773 872 1814 est
901 1766 1206 1830 sapientibus
1247 1761 1550 1826 οἷντιπεσεῖν,
1590 1758 1883 1829 ἄμαρτυρόν
1923 1780 1974 1812 τε
2011 1758 2106 1826 τὴν

279 1826 403 1898 παρ’
438 1832 618 1882 ἑαυτοῦ
639 1831 846 1900 γνώμην
880 1840 1275 1915 παρεισαγαγεῖν.
1311 1840 1360 1888 2.
1410 1835 1463 1881 51
1501 1835 1715 1898 Cecrops
1747 1831 1874 1880 Mosi
1898 1838 2106 1879 coaeta-

279 1919 430 1964 neus,
481 1920 596 1950 sane
632 1905 789 1952 Moses
819 1922 921 1953 non
960 1914 1032 1954 est
1067 1905 1318 1969 antiquior
1353 1905 1493 1965 love,
1545 1920 1658 1951 cum
1692 1902 1917 1967 Iuppiter
1947 1909 2105 1949 aetate

123 1976 174 2020 V.
198 1978 256 2022 22
282 1973 429 2035 longe
467 1981 665 2038 superet
697 1975 990 2040 Cecropem.
1041 1984 1091 2025 et
1129 1975 1364 2023 Eusebius
1409 1973 1520 2039 ipse
1554 1974 1618 2021 ad
1655 1972 1903 2021 Abraham
1947 1989 2103 2020 annos

275 2043 443 2091 Iovem
465 2043 673 2092 inducat
700 2046 1043 2106 accedentem,
1078 2045 1166 2093 ubi
1195 2045 1258 2091 ad
1287 2045 1390 2091 eius
1415 2060 1602 2091 annum
1626 2043 1745 2097 205.
1793 2042 1949 2091 Niobe
1986 2042 2104 2108 pri-

275 2130 385 2161 mae
412 2114 631 2161 omnium
652 2115 849 2164 mulieri
875 2115 1090 2165 mixtum
1108 2116 1277 2163 Iovem
1300 2131 1362 2161 ex
1389 2114 1690 2162 Graecorum
1713 2113 1955 2160 relatione
1979 2129 2103 2161 nar-

274 2191 370 2231 rat.
406 2186 455 2235 3
506 2184 619 2231 Non
644 2185 814 2248 potuit
848 2186 968 2233 adeo
1004 2185 1260 2265 propriam
1297 2184 1494 2231 firmare
1523 2183 1818 2231 sententiam
1845 2183 2100 2245 Eusebius,
2136 2185 2138 2187 ’

275 2249 333 2300 ut
356 2252 614 2300 hominum
638 2255 814 2303 animis
838 2254 1100 2304 haereret
1084 2271 1408 2303 inconcussa:
1448 2271 1563 2301 cum
1590 2252 1972 2316 Chronologiam
2000 2271 2102 2302 πα-

275 2327 588 2389 ρανοθευσαι
607 2325 868 2373 Eusebium
891 2327 1103 2374 fateatur
1134 2325 1352 2386 Scaliger
1374 2324 1432 2372 ad
1468 2340 1577 2388 pag.
1611 2328 1697 2377 62.
1739 2330 1882 2371 notas
1906 2340 1933 2369 a
1956 2322 2099 2371 nobis

273 2393 488 2442 relatus:
497 2395 663 2480 quod
703 2395 902 2445 Author
931 2396 1118 2461 pariter
1141 2394 1421 2460 exprobat
1407 2411 1460 2440 111
1490 2390 1823 2475 sequentibus.
1859 2388 1984 2444 ’ὅθεν
2013 2391 2100 2443 καὶ

273 2460 368 2526 τήν
386 2482 485 2530 παρ
497 2458 818 2532 Ἀἰγυπτίων
843 2485 943 2516 των
966 2464 1242 2534 λεγομένων
1263 2466 1567 2515 δυναστειῶν
1591 2458 1965 2529 παρενόθευσεν
1987 2481 2099 2529 χρο-

273 2534 508 2599 νολογίαν
544 2542 637 2582 etc.
674 2552 784 2599 pag.
823 2552 922 2600 seq.
958 2537 1012 2583 B.
1047 2536 1305 2583 Rationem
1342 2542 1569 2598 quaitam
1606 2532 1821 2599 reperies
1858 2532 1913 2582 in
1950 2533 2097 2582 Notis

276 2603 598 2650 eluditissimi
622 2604 836 2652 Allatii
822 2623 875 2653 m
901 2605 1153 2654 Eustathii
1177 2603 1568 2653 Hexahemeron.

320 2679 321 2682 ’
399 2668 512 2723 “On
549 2671 603 2724 δὲ
639 2674 690 2735 ἐξ
724 2674 903 2742 ἑτέρων
938 2675 1126 2743 vomu]
1173 2676 1376 2738 Multa,
1413 2675 1578 2738 inquit
1613 2672 1862 2736 Scaliger,
1910 2670 2097 2720 adiicit

279 2743 530 2807 Georgius
550 2746 778 2792 consulto
803 2745 1096 2794 omittenda.
1133 2712 1387 2794 Feliciter'z
1414 2743 1668 2793 consulit
1654 2760 1757 2808 lpse
1773 2742 1935 2791 saluti.
1963 2743 2096 2790 Con-

272 2813 432 2859 cludit
464 2814 656 2877 paucis.
711 2817 958 2880 Georgius
989 2816 1090 2864 lzac
1133 2818 1187 2863 in
1213 2825 1365 2880 parte
1401 2814 1896 2863 contumeliosissime
1924 2814 2094 2860 Euse-

271 2882 412 2929 bium
440 2885 641 2947 accipit.
679 2884 963 2944 Quinimmo
990 2885 1222 2951 promissi
1245 2903 1347 2935 non
1368 2884 1521 2933 soluti
1542 2884 1718 2948 arguit,
1755 2890 1805 2931 et
1829 2883 2094 2932 memoriae
2126 2883 2130 2886 ”

272 2953 438 3018 lapsus
469 2961 637 3001 monet
663 2954 1011 3006 immemorem.

415 3026 625 3088 Πρῶτον
662 3022 751 3088 μὲν
795 3022 1156 3091 διαψεύδεται.]
1216 3026 1454 3073 Iniuriam
1489 3022 1688 3087 repellit
1723 3021 1942 3086 Scaliger
1980 3039 2090 3087 pag.

271 3092 317 3139 N
321 3100 384 3140 ot
423 3096 505 3146 12.
553 3095 849 3142 Petulanter
878 3105 922 3142 et
948 3105 1150 3160 praeter
1183 3093 1419 3141 decorum
1454 3093 1649 3140 homini
1676 3093 1933 3140 insultans
1968 3093 2093 3140 haec

275 3163 496 3210 subiicit.
534 3158 611 3213 ότι
633 3161 686 3212 δὲ
708 3164 791 3214 καὶ
810 3185 870 3214 τα
899 3165 1027 3231 ἑξῆς.
1067 3165 1242 3213 M'ulta
1265 3167 1374 3212 alia
1397 3166 1565 3227 inepta
1589 3161 1787 3225 adiicit,
1821 3180 1953 3228 quae
1975 3181 2091 3211 eon-
2132 3172 2134 3175 '

274 3233 411 3280 sulto
453 3234 748 3282 omittimus.
797 3236 945 3281 Dicit
977 3237 1140 3299 igitur
1173 3236 1226 3281 in
1254 3234 1348 3281 hoo
1369 3251 1625 3297 peccasse,
1666 3231 1807 3297 quod
1835 3251 1948 3281 cum
1966 3250 2090 3298 pro-

258 3306 441 3366 fessus
466 3305 534 3350 sit
558 3320 609 3349 se
642 3304 924 3351 Hebraicos
957 3322 1188 3351 numeros
1214 3303 1515 3352 Iudaeorum
1547 3313 1883 3367 aequaturum
1892 3305 2087 3366 fuisse,

273 3391 506 3421 numeros
533 3382 697 3421 tamen
721 3377 806 3428 70.
843 3383 1084 3438 sequatur
1110 3377 1166 3421 in
1182 3376 1354 3438 priori
1371 3382 1547 3438 parte-2
1585 3372 1723 3438 quod
1749 3375 1985 3438 quamvis
2008 3390 2088 3420 νε-

274 3461 387 3490 rum
415 3454 484 3491 est
510 3442 599 3509 (ita
617 3451 880 3510 patronum
905 3444 1031 3506 agit,
1065 3451 1124 3492 ut
1149 3444 1379 3492 admittat
1403 3442 1611 3509 crimen)
1642 3453 1810 3491 tamen
1832 3442 2086 3491 Eusebius

272 3515 515 3579 intelligit
553 3532 604 3562 se
651 3514 716 3562 ab
758 3514 1027 3563 Abraham
1071 3512 1145 3563 ad
1182 3515 1355 3580 templi
1394 3512 1665 3582 ‘excidium
1710 3511 1949 3576 ludaeos,
1996 3512 2086 3576 qui
