2222 3938
322 208 447 269 384
943 215 1518 273 EMENDATIONES

466 345 518 412 ζ’.
555 346 875 416 Νεφερχέρης
897 344 980 411 ἐτη
1006 339 1090 396 κε’.
1122 340 1213 410 ἐφ’
1250 365 1312 397 ου
1342 342 1618 414 μυθεύεται
1649 346 1740 403 τόν
1769 351 1957 406 Νεῖλον
1992 349 2148 418 μέλιτι

263 452 271 458 -
322 419 628 490 κεκραμένον
653 418 841 485 ἡμέρας
865 412 943 467 ια’.
975 417 1173 481 ῥυῆναι.

461 490 658 555 Reliqui
681 490 779 536 duo
803 488 887 535 hic
912 487 1179 535 desiderati
1202 505 1266 535 ex
1273 506 1399 573 pag.
1424 490 1507 544 57.
1538 488 1599 540 A.
1624 490 1901 539 mutuandi.

458 558 523 625 η’.
561 555 711 610 Μεθ’
740 555 799 609 ὃν
825 557 1112 646 Σέσωχρις’
1096 557 1178 642 ε’τη
1206 554 1303 624 μή.
1331 556 1386 620 ὃς
1408 560 1594 628 λέγεται
1615 559 1872 629 γεγονέναι
1893 556 2032 627 ν’ψος
2053 581 2148 628 πη-

320 633 423 698 χῶν
452 629 502 682 ε’.
531 633 816 681 παλαιστῶν
844 624 901 694 γ’.
927 625 982 680 τό
1013 623 1213 688 πλάτος.
1311 670 1313 672 ,

461 697 527 752 θ’.
566 697 830 767 Χενερης’
815 699 895 764 ε’τη
920 694 1020 750 ποθ’.
1055 716 1119 748 ex
1147 699 1310 750 eadem
1336 701 1574 766 Dynastia
1597 707 1645 756 2.
1673 701 1736 750 ad
1770 709 1992 751 mentem
2010 703 2148 752 Afri-

321 772 434 822 cani
471 788 580 835 pag.
608 771 690 824 56.
727 773 786 819 Α.
816 771 998 835 posita.

459 836 570 892 Ἐπὶ
599 839 703 891 δὲ’
681 839 829 892 εννέα
863 837 1011 892 ου’δὲν
1036 836 1496 908 ἀξιομνημόνευτον
1520 840 1760 913 ὑπῆρχεν.
1791 842 1844 894 οἷ
1873 841 1958 894 και
1981 842 2151 910 ἐβασί-

318 918 499 965 λευσαν
529 911 653 962 ε’τεσι
681 906 793 971 6¹7?-

463 986 712 1048 Sequatur
736 981 915 1030 deinde
946 981 1172 1031 Africani
1201 982 1438 1047 Dynastia
1468 988 1517 1036 2.
1545 1000 1656 1048 pag.
1684 983 1769 1037 55.
1804 983 1861 1032 D.
1887 983 2151 1049 Dynastiae

322 1054 537 1104 eiusdem
564 1057 613 1106 3.
642 1062 690 1102 et
714 1053 762 1106 4.
790 1070 850 1101 ex
873 1070 980 1119 pag.
1007 1058 1091 1107 56.
1119 1062 1226 1102 tum
1259 1053 1491 1118 Dynastia
1517 1054 1664 1102 tertia
1696 1055 1759 1102 ad
1779 1054 1981 1103 Eusebii
2006 1072 2151 1104 men-

319 1134 421 1174 tem
446 1142 509 1174 ex
531 1141 642 1190 pag.
666 1124 752 1178 57.
783 1125 840 1173 B.

464 1196 667 1259 Georgii
717 1193 938 1259 Syncelli
957 1245 965 1250 ..
983 1200 1181 1242 textum
1227 1195 1444 1243 Librarii
1490 1194 1754 1244 vaecordia
1807 1195 2152 1258 perturbatum

320 1267 545 1334 praefata
585 1265 780 1314 ratione
821 1265 1256 1329 interpolandum‚
1295 1283 1409 1313 cum
1442 1266 1661 1328 Scaliger
1695 1265 2154 1326 confusionemvel

321 1355 572 1398 errorem,
610 1338 976 1401 Excerptorum
1011 1353 1060 1400 p.
1091 1336 1157 1389 14
1191 1343 1239 1383 et
1269 1337 1387 1390 355.
1414 1336 1592 1400 quibus
1623 1336 1884 1401 Dynastias
1911 1335 2153 1384 Eusebia-

321 1426 412 1456 nas
440 1416 490 1455 et
520 1407 835 1455 Africanaeas
863 1407 1130 1469 exscribit,
1170 1408 1369 1454 nullum
1397 1407 1650 1465 observet,
1687 1407 1728 1454 si
1763 1406 2007 1471 quispiam
2031 1409 2155 1455 Sca-

321 1478 468 1542 ligeri
498 1478 705 1544 peritiae
732 1479 844 1544 plus
874 1494 1028 1541 aequo
1064 1477 1278 1525 confisus
1315 1477 1690 1539 detrectaverit,
1736 1477 2046 1542 sequentium
2074 1493 2154 1526 ar-

323 1557 674 1614 gumentorum
709 1551 888 1598 robore
923 1549 1188 1596 convictus
1219 1555 1389 1596 textus
1426 1548 1795 1612 castigationem
1815 1585 1828 1610 ,
1871 1555 1921 1596 et
1953 1565 2156 1613 repara-

322 1630 433 1668 tum
466 1620 722 1679 ordinem,
759 1627 951 1668 tantum
984 1619 1218 1684 pertinax
1251 1627 1355 1666 non
1388 1619 1567 1680 fuerit,
1617 1619 1793 1668 lubens
1828 1635 2024 1666 mecum
2061 1619 2155 1667 ad·-

321 1691 502 1739 mittet.
540 1695 586 1744 1.
615 1691 920 1754 Scaliger-um
954 1690 1218 1755 deceptum
1243 1707 1388 1737 nemo
1417 1689 1703 1751 mirabitur,
1740 1689 1824 1753 qui
1859 1697 2155 1755 corruptum

321 1762 582 1823 codicem,
619 1778 760 1825 quem
784 1761 1143 1825 expressimus,
1180 1769 1447 1824 sequutum
1469 1760 1559 1807 sibi
1581 1759 1900 1824 persuaserit.
1947 1766 1995 1813 2.
2035 1761 2156 1808 Post

321 1831 546 1880 Africani
573 1831 861 1895 Dynastiam
902 1832 1108 1894 primam
1147 1832 1327 1895 pagina
1359 1830 1441 1883 54.
1471 1838 1750 1892 extantem,
1789 1829 1987 1878 Eusebii
2015 1831 2155 1895 pari·

319 1910 399 1951 ter
423 1903 634 1967 primam
658 1918 719 1949 ex
742 1918 851 1966 pag.
866 1902 947 1955 55.
973 1902 1362 1965 subiungendam
1391 1901 1524 1948 solus
1545 1901 1587 1948 is
1609 1901 1878 1964 inficietur,
1894 1900 1978 1965 qui
2005 1918 2155 1950 unam

322 1973 468 2020 alteri
520 1981 854 2037 comparatam
898 1972 1042 2019 nolit.
1114 1975 1165 2025 3.
1217 1974 1511 2019 Occurreret
1546 1988 1708 2028 nunc,
1761 1971 1858 2028 ais,
1913 1972 2154 2035 Dynastia

320 2043 549 2092 Africani
573 2043 786 2091 secunda
810 2059 871 2090 ex
896 2043 1072 2090 ordine
1094 2042 1225 2090 inter
1246 2041 1493 2089 Authores
1517 2042 1778 2106 reciproco
1804 2042 2154 2106 supponenda.

322 2114 396 2162 Ita
424 2114 647 2178 quidem.
694 2114 790 2161 nisi
818 2131 912 2178 pro
941 2112 1090 2162 libito
1130 2113 1224 2160 sibi
1253 2114 1507 2161 diversum
1535 2113 1761 2160 ordinem
1789 2113 2027 2176 Georgius
2051 2114 2154 2181 Au-

321 2184 442 2232 thor
470 2184 804 2249 praefixisset:
857 2183 1149 2231 Adducatur
1176 2184 1349 2248 itaque
1385 2183 1441 2230 in
1470 2183 1645 2230 seriem
1671 2190 1788 2248 post
1817 2183 2013 2231 Eusebii
2040 2177 2155 2248 Pri-

322 2272 456 2303 mam
485 2255 701 2302 secunda
728 2253 943 2302 eiusdem
966 2254 1165 2302 Eusebii
1198 2254 1438 2317 Dynastia
1465 2270 1527 2301 ex
1554 2270 1663 2318 pag.
1691 2254 1774 2306 54.
1806 2253 1861 2301 D.
1887 2261 1961 2316 et,
1999 2262 2154 2318 prout

322 2325 378 2374 in
407 2325 745 2390 superioribus
772 2325 1074 2388 interp01ata
1101 2332 1199 2387 est,
1236 2326 1348 2373 loco
1378 2323 1597 2372 secundo
1630 2324 1882 2372 consistat.
1947 2291 2154 2372 ‚Eusebii

321 2414 386 2443 an
429 2396 652 2445 Africani
688 2397 754 2444 sit
792 2395 1020 2443 dubitas?
1072 2396 1233 2444 Aliam
1272 2395 1460 2460 pariter
1508 2394 1775 2443 secundam
1822 2410 1928 2459 pag.
1968 2395 2052 2448 55.
2092 2395 2153 2446 D.

319 2467 561 2515 Africano
594 2467 678 2515 vel
704 2467 914 2515 Eusebio
943 2484 1062 2514 num
1099 2467 1163 2514 sit
1189 2467 1476 2515 ascribenda
1502 2466 1715 2514 diffidas.
1787 2465 2011 2514 Priorem
2041 2464 2155 2513 Eu·-

321 2537 470 2599 sebii,
524 2538 726 2585 alteram
760 2537 982 2584 Africani
1017 2537 1095 2585 his
1126 2538 1308 2585 ductus
1345 2537 1547 2584 indiciis
1582 2538 1806 2585 decerne.
1879 2539 1928 2588 4.
1965 2536 2153 2598 Regum

321 2615 435 2654 octo
488 2608 754 2672 Dynastiae
802 2607 992 2672 primae
1047 2609 1350 2656 Eusebianae
1397 2625 1588 2656 summa
1629 2614 1703 2655 est
1746 2622 1991 2654 annorum
2030 2605 2153 2658 252.

320 2694 429 2742 pag.
459 2678 541 2730 55.
571 2679 621 2726 C.
693 2681 883 2742 Regum
908 2695 1081 2727 rursus
1110 2680 1321 2727 aliorum
1354 2695 1536 2726 novem
1562 2676 1797 2742 Dynastia
1832 2675 2154 2737 secundalo-

324 2755 549 2795 catorum
586 2756 766 2797 aetates
795 2750 856 2796 ad
885 2767 1041 2797 annos
1071 2754 1188 2803 297.
1224 2749 1500 2814 productae
1527 2755 1644 2795 sunt
1674 2762 1783 2812 pag.
1812 2745 1894 2798 57.
1929 2746 1987 2792 A.
2010 2762 2153 2793 sum-

322 2834 453 2865 mam
481 2826 742 2882 utramque
771 2838 1014 2884 compone
1045 2822 1165 2874 252.
1199 2828 1246 2868 et
1270 2825 1388 2874 297.
1424 2819 1570 2866 aliam
1603 2833 1846 2865 annorum
1881 2815 1996 2869 549.
2025 2815 2152 2862 sub-

324 2888 505 2935 duces:
560 2906 684 2952 quae
730 2898 861 2937 certe
899 2899 971 2938 est
1005 2891 1176 2939 eadem
1219 2908 1367 2955 quam
1403 2890 1588 2936 ibidem
1627 2887 1706 2935 his
1740 2884 1905 2935 verbis
1941 2885 2148 2949 colligit.

326 2957 456 3024 ομοῦ
492 2977 690 3041 πρωτης
728 2959 812 3010 καὶ
848 2960 1076 3028 δευτέρας
1105 2961 1397 3020 δυναστειας
1429 2959 1511 3023 ε’τη
1541 2953 1686 3022 φμθ.
1721 2953 1845 3006 nocto?
1881 2975 1973 3020 την
2013 2955 2152 3006 ἐκδο-

326 3042 407 3079 σιν
443 3022 578 3078 Εὗσε
582 3030 713 3093 βίου.
785 3030 916 3077 Haec
954 3032 1121 3095 itaque
1159 3030 1354 3078 Eusebii
1387 3047 1490 3076 non
1525 3027 1746 3075 Africani
1784 3025 2024 3091 Dynastia
2059 3034 2150 3075 est.

326 3100 378 3152 5.
416 3098 641 3146 Africani
661 3116 857 3162 quoque
879 3101 986 3148 iura
1010 3100 1209 3149 tuenda.
1279 3099 1546 3163 Dynastiae
1566 3098 1670 3145 eius
1695 3097 1883 3162 primae
1907 3105 1957 3145 et
1979 3113 2152 3160 regum

328 3176 442 3216 octo
475 3168 529 3215 in
561 3186 616 3216 ea
643 3178 1029 3218 memoratorum
1068 3187 1258 3218 summa
1296 3177 1369 3216 est
1401 3170 1517 3222 253.
1553 3185 1661 3232 pag.
1688 3167 1770 3221 54.
1799 3169 1853 3218 D.
1882 3167 2150 3232 Dynastiae

324 3239 570 3288 secundae
605 3255 846 3287 summam
879 3258 989 3304 pag.
1030 3241 1113 3293 56.
1152 3240 1209 3289 A.
1252 3240 1392 3287 vides
1431 3255 1533 3286 esse
1565 3255 1809 3286 annorum
1847 3241 1967 3291 302.
2038 3238 2150 3284 Una

327 3309 471 3358 alteri
510 3310 737 3374 copulata
773 3327 1013 3357 summam
1054 3310 1174 3363 555
1216 3309 1339 3356 mihi
1378 3317 1635 3374 procreat:
1691 3325 1841 3373 eaque
1882 3315 1956 3355 est
2000 3324 2150 3372 quam

326 3380 551 3428 Africani
574 3380 723 3428 verba
747 3380 872 3427 mihi
899 3387 1168 3444 suggerunt
1191 3380 1393 3428 ibidem.
1432 3378 1562 3444 ὁμοῦ
1585 3375 1785 3445 πρώτης
1807 3376 1892 3428 καὶ
1922 3377 2150 3463 δευτέρας

328 3451 619 3510 δυναστείας
640 3469 758 3517 μετα
773 3469 862 3500 τον
883 3447 1269 3516 κατακλυσμόν”
1242 3470 1322 3514 ετη
1347 3469 1444 3513 φνε
1458 3486 1470 3499 .
1509 3447 1635 3499 navo}
1659 3468 1754 3514 την
1769 3447 1965 3506 ε’κδοσιν
1982 3442 2148 3512 Ἀφρι-

324 3525 503 3573 κανοῦ.
575 3523 622 3576 5.
655 3521 700 3570 A
727 3520 932 3570 summis
965 3538 1129 3587 nuper
1160 3520 1395 3588 expositis
1433 3536 1497 3569 ex
1528 3519 1690 3585 prima
1710 3519 2023 3582 secundaque
2044 3517 2148 3582 Dy-
