2222 3938
307 186 435 250 422
836 217 849 230 ·
912 193 1491 249 EMENDATIONES

417 323 563 378 ’Ήτοι
589 320 774 391 Φαραώ
805 318 886 388 ς’.]
924 323 1114 372 Pharao
1144 323 1361 390 primus,
1395 340 1486 372 rex
1525 332 1599 374 est
1638 325 1848 391 Aegypti
1886 327 2130 376 secundus

308 413 460 462 supra
502 402 587 451 20.
627 399 1026 444 Ramessemenus
1068 395 1301 457 nomine,
1352 411 1415 443 ΒΧ
1452 412 1561 460 pag.
1605 400 1720 450 101.
1765 398 1819 445 C.
1854 397 2132 446 Tethmosis

311 475 471 516 autem
491 508 504 531 ‚
543 467 628 531 qui
646 464 1144 530 Misphragmuthosis
1174 465 1307 514 idem
1332 465 1471 513 audit
1493 484 1555 514 ex
1579 483 1690 532 pag.
1719 471 1801 520 63.
1837 467 1892 516 A.
1929 469 1982 515 B.
2020 475 2136 534 post

311 538 607 586 Concharim
645 553 743 601 quo
785 544 898 584 ante
926 541 1009 590 20.
1033 537 1187 584 lineas
1221 536 1336 584 sede
1362 536 1653 586 duodecima
1686 538 1884 586 locatur
1920 542 2011 588 τοῦ
2051 534 2133 604 ιβ’.

308 606 429 675 μετοέ
459 604 578 667 τούς
614 605 995 673 προγραφέντας
1038 602 1123 659 κε’.
1195 607 1302 655 Rex
1337 606 1468 655 enim
1502 616 1574 656 est
1615 609 1825 673 Aegypti
1864 609 2039 656 tertius
2076 626 2134 656 ac

309 679 616 726 tricesimus:
645 677 868 738 Quanam
888 677 1035 725 modo
1063 677 1258 726 ratione
1282 676 1592 727 Pharaonum
1618 688 1788 727 sextus
1811 679 2097 727 nominatur
2107 679 2134 726 ’ἔ

307 748 634 814 Respondeo:
673 765 699 796 e
735 747 1049 796 Pharaonum
1078 765 1286 796 numero
1328 749 1683 813 expungendus
1717 750 1909 798 Silitem
1942 750 2003 797 de
2037 766 2135 813 quo

307 836 357 884 p.
393 818 507 872 104.
535 819 781 881 Beonem,
818 817 1139 883 Apachnam,
1175 819 1490 884 Aphophim,
1527 837 1650 884 quos
1689 838 1799 886 pag.
1835 823 1951 873 108.
1989 819 2137 867 exhi-

304 888 416 951 bet,
455 906 512 936 ac
531 889 734 938 tandem
772 887 974 937 Setlium
1005 897 1052 936 et
1075 891 1270 937 Certum
1291 890 1351 937 de
1376 891 1553 954 quibus
1578 907 1689 955 pag.
1718 894 1847 945 123.-
1864 890 2001 954 quod
2033 907 2138 938 non

304 958 539 1024 Aegyptii
560 959 846 1024 indigenae,
885 960 973 1008 sed
1001 960 1154 1025 Hycsi
1180 961 1400 1009 advenae
1425 961 1736 1027 reputentur.
1807 960 1898 1010 His
1937 978 2139 1027 compa-

304 1032 462 1079 randa
489 1046 615 1094 quae
643 1031 933 1079 scribuntur
956 1048 1006 1096 p.
1035 1035 1151 1084 109.
1179 1031 1235 1079 A.

446 1097 528 1160 λζ’.
567 1098 744 1162 ὅντος.]
794 1102 1042 1168 Frequens
1079 1100 1181 1148 hoc
1212 1102 1326 1149 loco
1370 1101 1572 1165 Georgii
1612 1099 1942 1149 hallucinatio
1985 1100 2072 1166 qui
2110 1119 2139 1149 a

304 1169 592 1219 Thethmosi
636 1172 743 1221 sive
783 1171 1284 1237 Misphragmuthosi,
1348 1173 1438 1219 sub
1474 1189 1570 1236 quo
1619 1171 1812 1234 Moyses
1855 1179 2004 1219 natus
2049 1179 2140 1236 est,

303 1242 487 1290 transit
511 1242 573 1288 ad
598 1242 781 1306 alium,
821 1260 920 1307 quo
945 1249 1183 1305 regnante
1199 1242 1448 1306 ‚profectio
1477 1258 1539 1288 ex
1562 1240 1788 1304 Aegypto
1813 1249 2055 1306 suscepta.

447 1310 700 1364 Βασιλέων
731 1308 819 1380 κγ’.
851 1313 977 1364 ἐτῶν
1013 1309 1067 1363 δὲ
1095 1306 1247 1376 φ5δ’.]
1284 1313 1363 1358 Ex
1398 1311 1609 1374 Iosepho
1646 1316 1766 1356 nota
1790 1311 2016 1374 sequenti
2044 1327 2141 1360 nu-

307 1382 647 1431 merabuntur.

444 1453 558 1514 Pag.
598 1450 714 1504 104.
748 1444 923 1500 Ἰστέον
948 1446 1001 1499 δὲ
1021 1444 1098 1500 ὅτι
1122 1445 1260 1515 noceo?
1283 1450 1352 1518 τῷ
1377 1442 1674 1515 Ἱωσήππῳ.]
1707 1447 1864 1497 Fictis
1886 1448 1942 1497 in
1967 1467 2140 1500 somno

305 1522 524 1570 numeris
559 1521 752 1570 deludit
784 1521 997 1584 seipsum
1025 1518 1222 1568 Author
1250 1518 1518 1581 Georgius,
1557 1526 1606 1566 et
1633 1518 1832 1566 umbras
1869 1522 2142 1585 amplexus,

305 1592 568 1640 retinuisse
611 1590 741 1640 nihil
778 1589 1181 1655 deprehenditur.
1254 1589 1409 1636 Iidem
1452 1596 1597 1646 sunt,
1633 1589 1825 1653 inquit,
1874 1608 1903 1637 a
1932 1591 2141 1656 losepho

305 1662 564 1710 memorati
602 1669 717 1727 post
749 1660 1044 1708 Concharim
1084 1676 1248 1723 regem
1282 1661 1368 1713 25.
1409 1659 1496 1723 (de
1531 1676 1630 1723 quo
1671 1677 1781 1724 pag.
1814 1662 2140 1726 praecedens)

306 1740 356 1780 et
393 1732 480 1795 qui
515 1731 803 1779 Manethoni
837 1731 1075 1794 Dynastia
1103 1735 1184 1782 17.
1224 1733 1304 1782 18.
1345 1737 1393 1776 et
1421 1735 1501 1782 19.
1540 1730 1847 1778 celebrantur
1883 1749 2020 1796 reges
2049 1733 2143 1781 ΑΒ-

305 1803 593 1867 gyptiorum
628 1810 726 1850 tres
763 1807 812 1847 et
847 1800 1042 1863 viginti.
1134 1801 1274 1847 Certe
1313 1799 1625 1847 Manethonis
1677 1817 1789 1848 cum
1822 1811 2143 1852 monumenta

308 1890 411 1920 non
440 1879 635 1931 extent,
674 1888 737 1918 ex
763 1871 984 1918 Africani
1018 1870 1098 1919 vel
1126 1870 1327 1918 Eusebii
1367 1870 1714 1934 Dynastiarum
1751 1861 2005 1921 later'culis
2037 1892 2143 1922 eos-

310 1943 422 1991 dem
450 1959 554 1990 esse
579 1958 818 2005 nusquam
844 1941 1062 2004 gentium
1096 1940 1381 2005 probaverit
1409 1941 1672 2004 Georgius,
1712 1942 1800 2006 qui
1834 1943 1893 1990 ab
1926 1945 2140 1993 Eusebio

307 2012 558 2060 mutilatas
589 2019 637 2060 et
660 2012 880 2060 inversas
910 2011 1056 2059 hasce
1082 2011 1341 2075 Dynastias
1365 2012 1710 2075 conqueritur,
1749 2020 1798 2060 et
1835 2014 1968 2079 apud
1993 2033 2142 2079 quem

307 2082 485 2130 harum
524 2080 675 2130 trium
716 2082 1065 2147 Dynastiarum
1111 2099 1171 2128 ex
1210 2081 1433 2129 Africani
1485 2082 1690 2129 calculis
1729 2082 1792 2130 ad
1827 2101 1982 2132 annos
2021 2089 2141 2140 623.

310 2153 534 2200 ascendit
570 2169 787 2214 summa,
828 2169 953 2216 quae
987 2169 1051 2200 ex
1083 2151 1236 2217 ipsius
1272 2152 1558 2200 testimonio
1585 2153 1857 2200 secundum
1882 2155 2143 2205 Manetho-

307 2241 417 2271 nem
457 2225 574 2275 592.
617 2240 721 2270 non
755 2229 1035 2287 exsuperat.
1106 2222 1172 2270 At
1196 2239 1355 2286 neque
1380 2221 1669 2269 Manethoni
1693 2222 1828 2287 reges
1869 2225 2141 2275 Concharis

307 2310 610 2342 successores
647 2300 750 2341 tres
796 2300 844 2340 et
877 2292 1058 2356 viginti
1096 2310 1123 2339 a
1160 2293 1333 2339 mundi
1374 2293 1529 2346 3475.
1564 2310 1768 2357 regnare
1807 2289 1970 2344 exorsi
2004 2305 2142 2360 sunt,

306 2364 441 2428 apud
472 2381 616 2428 quem
645 2363 912 2411 immensae
939 2380 1186 2412 annorum
1217 2381 1244 2410 a
1268 2363 1460 2426 regibus
1489 2363 1745 2428 Aegyptiis
1771 2365 2141 2417 exhauriuntur

308 2433 569 2496 myriades.
642 2434 728 2481 Est
748 2433 902 2495 igilur
925 2434 1213 2481 Panodorus
1237 2435 1318 2482 vel
1344 2433 1564 2481 Anianus
1591 2443 1795 2498 uterque
1828 2437 2141 2487 Manethonis

311 2503 669 2566 Chronologiae
707 2503 963 2566 addictus,
1015 2520 1162 2568 quem
1207 2504 1513 2553 deserturum
1555 2521 1606 2552 se
1645 2522 1756 2552 cum
1793 2507 1937 2556 laude
1979 2510 2139 2557 Geor-

310 2573 417 2636 gius
453 2580 778 2637 protestatur:
828 2573 949 2621 alias
987 2590 1231 2621 annorum
1263 2574 1474 2621 duorum
1505 2574 1636 2622 inter
1667 2577 1783 2629 592.
1814 2584 1864 2624 et
1889 2579 2005 2632 594.
2032 2579 2140 2627 dis-

311 2640 497 2691 crimen
535 2661 637 2690 non
679 2643 930 2701 efficeret,
966 2651 1026 2690 ut
1052 2643 1291 2708 Iosephus
1328 2643 1614 2692 Manethoni
1651 2647 1893 2709 praeferri
1917 2665 2140 2698 merere·-

309 2720 407 2761 tur.
477 2713 566 2760 His
592 2714 717 2762 adde
742 2731 890 2778 quem
913 2714 1085 2763 iaudat
1109 2713 1372 2779 Iosephum
1389 2752 1402 2774 ‚
1439 2731 1533 2762 nec
1562 2715 1616 2762 in
1639 2731 1811 2778 regum
1834 2717 2136 2785 nominibus,

311 2799 404 2831 nec
430 2782 486 2830 in
513 2784 656 2831 annis
682 2784 949 2848 Georgium
978 2785 1083 2835 ullo
1109 2792 1256 2851 pacto
1283 2785 1478 2833 sectari.

313 2911 514 2974 Regum
557 2909 924 2978 Aegyptiorum
968 2914 1055 2966 23.
1078 2910 1392 3030 lConclzlarc's
1439 2927 1782 2962 succe-ssorum
1827 2930 1884 2963 ex
1928 2915 2135 2983 Iosepho

1099 2990 1268 3031 atercu
1293 3000 1367 3031 us.

457 3068 502 3116 1.
541 3063 718 3111 Salatis
754 3063 894 3113 annis
934 3070 1013 3121 19.

454 3140 503 3188 2.
539 3134 671 3181 Beon
710 3135 850 3182 annis
886 3135 969 3188 44.

450 3207 499 3258 3.
534 3203 794 3268 Apachnas
829 3209 913 3258 36.
949 3204 1195 3253 mensibus
1228 3209 1281 3258 7.

453 3274 502 3328 4.
537 3273 760 3339 Apophis
798 3275 936 3322 annis
973 3279 1054 3328 61.

453 3345 502 3398 5.
536 3345 696 3393 lanias
730 3344 870 3391 annis
907 3345 991 3398 50.
1028 3360 1184 3393 mens.
1222 3348 1269 3398 1.

451 3420 501 3469 6.
540 3414 672 3463 Assis
709 3414 847 3463 annis
884 3415 965 3467 49.
1001 3431 1153 3463 mens.
1185 3421 1233 3468 2.

453 3490 501 3539 7.
539 3485 816 3534 'l'ethmosis
851 3485 991 3535 annis
1027 3486 1110 3540 25.
1146 3485 1393 3536 mensibus
1431 3485 1479 3540 4.
