2112 3854
143 316 145 318 Ι
186 234 269 292 20
824 238 892 294 G.
930 238 996 293 G.
1032 237 1372 296 BREDovn

336 369 502 434 Neque
525 370 577 418 in
616 386 671 418 eo
700 368 913 434 quievit,
950 375 1007 415 ut
1045 385 1108 417 ex
1140 386 1238 417 uno
1281 370 1449 418 codice
1479 386 1652 434 graeco
1691 368 2003 435 septuaginta

190 440 522 505 interpretum
560 457 789 488 numeros
819 438 1092 501 collegerit:
1121 441 1299 502 plures·
1339 440 1530 488 codices
1559 444 1686 488 inter
1715 459 1766 486 se
1803 457 2003 504 compa-

197 514 334 558 ravit
366 528 473 574 pag.
511 514 593 564 83.
620 515 733 571 89.,
786 525 1081 572 quamquam
1116 511 1259 564 nobis
1287 512 1449 559 ubivis
1481 529 1621 559 veras
1647 510 1882 558 lectiones
1916 526 2002 556 se-

193 589 377 645 quutus
402 598 501 628 esse
527 599 624 627 non
650 581 864 628 videtur.
929 580 1157 644 Inprimis
1178 581 1349 628 laudat
1377 581 1618 643 codicem,
1657 598 1682 627 e
1703 579 2002 626 Caesariensi

194 651 529 716 Cappadociae
557 649 859 697 Bibliotheca
898 650 990 696 sibi
1017 650 1256 712 delatum,
1297 646 1638 718 ἤκριβωμένον
1663 645 1788 700 κατά
1819 668 1869 708 τῖε
1897 663 2003 698 στι-

189 719 323 789 γμὴν
352 721 435 770 καὶ
470 721 783 786 προσωδίαν,
833 720 1254 768 accuratissimum
1286 722 1422 784 quod
1452 722 1514 768 ad
1548 719 2003 783 interpunctionem

190 799 239 838 et
264 798 492 837 accentus
524 790 764 855 pertinet,
804 798 851 837 et
877 790 1179 854 descriptum
1206 808 1229 837 e
1267 791 1467 853 codice,
1507 807 1650 854 quem
1674 789 1938 850 Basilius,
1977 787 2004 840 ὅ

189 859 338 926 μέγας
390 859 476 909 καὶ
522 865 689 922 θεῖος,
737 859 966 924 pluribus
1002 860 1138 908 libris
1175 862 1305 908 inter
1344 878 1394 908 se
1436 861 1655 922 collatis,
1707 866 2000 918 correxerat,

185 947 294 993 pag.
322 933 439 983 203.
462 930 516 977 B.
586 932 663 979 Ex
686 929 785 977 hoc
812 930 986 978 codice
1010 931 1071 977 ad
1109 932 1178 978 IV
1200 931 1385 978 librum
1415 932 1600 992 Regum
1630 948 1734 995 cap.
1762 932 1827 982 15
1855 946 1905 976 v.
1931 933 2001 981 27

182 1000 443 1047 lectionem
469 999 607 1061 citat,
648 1018 795 1064 quam
818 1003 871 1048 in
888 1001 1069 1048 nostris
1090 1001 1230 1048 libris
1254 1002 1392 1049 editis
1414 1001 1594 1048 nullibi
1611 1000 1831 1065 reperio:
1869 999 2004 1046 Pha-

167 1087 326 1131 ceen,
361 1087 521 1133 regem
545 1071 768 1131 Israelis,
805 1089 906 1118 non
929 1089 1082 1118 annos
1115 1073 1325 1135 viginti,
1371 1073 1457 1119 sed
1488 1081 1595 1118 octo
1623 1080 1667 1118 et
1706 1072 1894 1134 viginti
1917 1086 2003 1118 re·-

183 1157 369 1203 gnasse,
399 1158 540 1203 quam
563 1142 828 1188 lectionem
853 1142 1089 1204 Georgius
1112 1142 1345 1204 sequitur.
1395 1142 1561 1204 Neque
1582 1157 1844 1194 numerum
1870 1148 2004 1186 octo-

185 1209 372 1270 decim,
414 1228 557 1274 quem
583 1211 636 1260 h.
666 1213 699 1258 l.
729 1212 963 1274 Georgius
991 1213 1046 1258 in
1073 1212 1180 1257 aliis
1215 1212 1574 1276 exemplaribus
1599 1212 1838 1274 reperisse
1865 1207 2002 1271 dicit,

183 1280 238 1327 in
262 1281 444 1327 nostris
481 1281 778 1328 editionibus
806 1282 980 1345 reperi.
1054 1281 1268 1328 Maxima
1302 1298 1420 1328 vero
1452 1282 1730 1328 differentia
1769 1280 2002 1328 codicum

182 1358 258 1397 est
281 1351 334 1397 in
359 1367 487 1398 anno
502 1387 515 1412 ,
555 1368 650 1414 quo
676 1351 950 1398 Mathusala
979 1346 1064 1399 τὸν
1087 1349 1299 1398 Lamech
1323 1352 1564 1413 genuerit.
1639 1350 1878 1412 Georgius
1903 1367 2003 1414 po-

181 1421 261 1468 nit
307 1437 490 1467 annum
533 1421 852 1467 centesimum
894 1423 1260 1484 sexagesimum
1299 1421 1560 1482 septimum
1596 1421 1899 1468 Mathusalae
1914 1437 1928 1481 3
1975 1435 2003 1467 e

184 1490 479 1553 quibusdam
513 1507 631 1538 vero
672 1492 799 1538 raris
837 1491 1201 1555 exemplaribus
1238 1485 1307 1558 (p.
1335 1492 1417 1542 83.
1447 1491 1522 1556 C.)
1557 1493 1708 1539 refert
1736 1491 2003 1538 Africanus

181 1560 494 1607 nativitatem
531 1564 623 1610 τοῦ
645 1560 859 1608 Lamech
887 1561 950 1607 ad
973 1578 1155 1607 annum
1196 1561 1514 1608 centesimum
1542 1564 1894 1626 octogesimum
1922 1576 2003 1608 se-

180 1630 395 1694 ptimum
428 1630 755 1678 Mathusalae:
793 1631 867 1678 uti
900 1631 954 1677 in
977 1632 1160 1678 nostris
1189 1631 1328 1678 libris
1362 1632 1559 1696 optimis
1596 1650 1699 1679 non
1727 1632 1887 1679 solum
1920 1646 2003 1678 se-

179 1700 437 1764 ptuaginta
461 1701 816 1764 interpretum,
861 1718 1031 1749 verum
1060 1701 1204 1748 etiam
1231 1701 1285 1748 in
1312 1701 1421 1765 ipso
1446 1710 1591 1750 textu
1612 1701 1852 1750 Hebraico
1882 1701 2004 1765 (Ge-

178 1787 280 1817 nes.
310 1770 366 1819 V.
405 1768 507 1834 25.)
543 1771 740 1833 legitur.
764 1798 834 1808 —
858 1771 959 1834 Ego
988 1772 1186 1835 quidem
1211 1772 1446 1819 Africano
1473 1773 1714 1821 assentior
1724 1791 1738 1836 3
1775 1780 1824 1819 et
1847 1772 2004 1819 Geor-

180 1840 291 1902 gius
328 1842 514 1901 nodos,
563 1842 741 1903 quibus
792 1858 843 1888 se
894 1859 1128 1906 suamque
1169 1841 1550 1905 Chronologiam
1585 1841 2002 1905 circumstringit,

177 1926 283 1957 non
316 1911 413 1957 nisi
449 1911 610 1973 gladio
647 1911 958 1976 proscindit,
998 1921 1046 1960 et
1084 1930 1205 1960 mox
1243 1913 1418 1960 dubius
1456 1912 1704 1961 haesitans
1743 1920 1914 1960 contra
1951 1926 2003 1959 se.

176 1979 284 2041 ipse
318 1989 521 2044 pugnat.
558 2008 628 2018 -—
664 1982 788 2029 Nam
817 1983 857 2029 si
885 1982 1194 2030 nativitatem
1220 1987 1312 2033 τοῦ
1347 1983 1560 2031 Lamech
1587 1985 1650 2032 ad
1689 2001 1871 2031 annum
1890 1982 2002 2030 Ma-

177 2049 403 2098 thusalae
427 2056 525 2104 167
542 2053 700 2116 ponis,
729 2052 759 2102 i.
779 2069 817 2102 e.
844 2069 870 2099 e
896 2054 1115 2101 numeris
1148 2054 1454 2118 septuaginta
1467 2055 1812 2120 interpretum,
1837 2053 1899 2100 ad
1914 2070 2003 2107 an·-
2069 2091 2075 2099 .

176 2137 296 2167 num
312 2122 487 2168 mundi
513 2122 663 2182 1454,
687 2139 881 2171 neeesse
904 2131 990 2184 est,
1014 2131 1072 2171 ut
1097 2124 1342 2172 diluvium
1363 2124 1424 2172 ad
1447 2142 1631 2172 annum
1651 2126 1789 2179 2242
1802 2125 2001 2185 referas,

176 2191 253 2237 uti
283 2191 519 2271 Georgius
543 2193 875 2257 Eusebiusque
899 2195 1141 2243 fecerunt.
1213 2193 1426 2241 Lamech
1451 2195 1580 2242 enim
1610 2199 1710 2248 188
1738 2212 1891 2242 annos
1914 2211 2003 2242 na-

175 2268 258 2307 tus
280 2261 449 2324 genuit
473 2263 639 2324 Νοόη,
676 2263 712 2312 i.
741 2280 782 2311 e.
811 2281 941 2311 anno
967 2265 1140 2312 mundi
1170 2260 1332 2333 (1454
1355 2260 1410 2320 ’l-
1436 2269 1536 2319 188
1558 2263 1645 2330 =)
1677 2265 1835 2324 16423
1874 2272 1922 2312 et
1944 2263 2001 2312 iu

174 2330 221 2377 N
224 2348 305 2378 oes
357 2349 487 2380 anno
527 2333 878 2381 sexcentesimo
920 2334 1167 2383 diluvium
1209 2335 1421 2400 incepit.
1474 2352 1588 2399 ergo
1633 2334 1690 2386 A.
1738 2336 1806 2385 M.
1846 2333 2000 2388 2242

174 2399 450 2449 Mathusala
493 2411 657 2450 autem
697 2405 969 2452 secundum
999 2404 1269 2453 Hebraicos
1305 2406 1460 2454 libros
1502 2424 1560 2454 ac
1602 2406 1814 2454 Graecos
1851 2412 2001 2470 atque

173 2471 376 2519 Latinos
414 2490 655 2520 summam
685 2474 816 2522 inter
838 2476 1071 2523 mortales
1096 2484 1396 2524 senectutem
1431 2483 1746 2540 assequutus,
1786 2481 1833 2522 et
1866 2491 1997 2522 anno

173 2540 306 2588 vitae
350 2547 451 2595 969
485 2551 708 2591 mortuus
746 2552 833 2595 est.
905 2546 993 2594 His
1027 2547 1168 2593 annis
1203 2551 1304 2599 969
1347 2547 1408 2593 ad
1434 2564 1617 2593 annum
1642 2544 1814 2592 mundi
1841 2547 1996 2606 1287,

174 2627 273 2673 quo
290 2611 560 2659 Mathusala
578 2615 803 2664 omnibus
819 2616 959 2664 libris
983 2618 1168 2679 graecis
1188 2617 1608 2663 consentientibus
1634 2623 1777 2661 natus
1796 2621 1884 2676 est,
1909 2614 1998 2661 ad-

174 2680 308 2742 ditis,
326 2682 576 2745 colligitur
597 2700 754 2730 annus
769 2687 944 2732 mundi
959 2688 1120 2739 2256:
1151 2703 1264 2747 ergo
1277 2703 1475 2732 necesse
1493 2687 1634 2745 foret,
1651 2692 1709 2731 ut
1723 2683 1996 2732 Mathusala

170 2761 289 2814 post
313 2751 557 2799 diluvium
583 2752 804 2801 vixisset.
878 2756 1023 2814 Quod
1046 2772 1162 2804 vero
1192 2771 1341 2818 quum
1364 2755 1495 2801 omni
1521 2756 1814 2802 auctoritate
1841 2762 1992 2818 caret,
2042 2761 2044 2763 ’

172 2820 399 2885 accipere
429 2839 531 2869 non
561 2822 693 2870 licet.
731 2849 799 2859 —
834 2822 995 2872 Locus
1030 2825 1227 2887 Georgii
1264 2841 1374 2887 pag.
1411 2829 1495 2877 20.
1536 2826 1588 2874 C.
1624 2826 1678 2871 D.
1712 2842 1739 2870 a
1776 2824 1994 2873 librariis

172 2899 442 2956 corruptus
467 2900 565 2940 est:
602 2901 817 2945 attamen
841 2894 1002 2956 etiam,
1031 2912 1156 2959 quae
1180 2894 1448 2941 clarissime
1472 2895 1666 2975 Georgii
1686 2895 1834 2942 verba
1858 2902 1993 2958 sunt,

169 2960 304 3009 inter
329 2978 378 3009 se
409 2959 511 3010 non
545 2963 858 3010 concilianda
886 2981 988 3012 esse
1015 2966 1267 3014 videntur.
1342 2964 1456 3011 Sine
1492 2967 1628 3012 omni
1656 2965 1806 3012 dubio
1841 2966 1994 3013 verba

171 3031 489 3093 exciderunt,
529 3033 744 3080 eiusdem
767 3035 868 3082 fere
895 3052 1094 3097 sensus,
1133 3052 1229 3099 quo
1255 3035 1406 3082 verba
1426 3051 1533 3098 pag.
1579 3035 1694 3087 114.
1735 3035 1792 3085 Α.
1824 3035 1879 3082 Β.
1914 3035 1992 3083 le-

168 3109 381 3163 guntur:
417 3101 478 3152 Ὃ
505 3101 558 3152 δὲ
579 3098 828 3170 Εὐσέβιος
843 3104 955 3171 περὶ
977 3109 1071 3156 τοῦ
1092 3098 1420 3155 Μαθουσάλα
1447 3104 1619 3169 φησὶν,
1657 3100 1734 3155 ότι
1753 3100 1883 3187 ψπβ’
1907 3104 1992 3170 ἔτη

167 3172 396 3237 ἐπιζῆσαι
419 3191 537 3238 μετα
560 3171 611 3223 τὰ
630 3178 869 3240 γεννῆσαι
889 3172 972 3226 τόν
997 3173 1184 3240 Λαμὲχ,
1214 3173 1282 3234 ὥς
1302 3172 1386 3223 καὶ
1410 3174 1463 3224 ἓν
1489 3175 1641 3234 ἐνίοις
1658 3125 1993 3257 οἷντιγραφοις

166 3241 328 3304 ἐστὶν,
365 3241 449 3293 και
477 3242 776 3308 τεθνηκέναι
811 3243 893 3308 ἔτη
934 3240 973 3303 ς’
1008 3243 1104 3311 πρὸ
1128 3263 1215 3295 του
1245 3248 1606 3308 κατακλυσμοῦ.
1656 3240 1777 3310 ὅπερ
1802 3239 1892 3294 ἐοὲν
1913 3265 1987 3305 τις

166 3306 353 3378 ἀληθὲς
379 3308 507 3363 εἶναι
527 3313 601 3383 δῷ
624 3333 670 3364 κ.
692 3332 733 3364 τ.
756 3318 799 3366 λ.
844 3314 988 3363 Hanc
1009 3314 1302 3364 sententiam
1324 3331 1438 3378 pag.
1467 3315 1586 3367 114.
1611 3331 1807 3379 quoque
1832 3315 1988 3363 Geor-

278 3435 356 3477 per
376 3420 616 3465 universum
638 3422 780 3466 orbem
804 3425 1014 3468 terrarum
1045 3438 1233 3481 expansa
1257 3423 1454 3466 Ecclesia
1474 3422 1721 3467 Christiana
1746 3440 1837 3468 eam
1857 3426 1986 3468 solam

278 3484 495 3534 acceptam
516 3481 673 3532 habet,
703 3495 837 3538 eaque
859 3482 1006 3524 utendi
1028 3496 1181 3524 morem
1207 3481 1388 3537 apostoli
1402 3481 1641 3527 salvatoris
1657 3483 1793 3527 nostri
1818 3497 1982 3527 eorum-

274 3548 357 3590 que
382 3536 612 3594 discipuli
600 3551 683 3581 iam
704 3553 730 3582 a
758 3538 968 3597 principio
990 3539 1274 3584 tradiderunt.
1277 3537 1304 3558 ''
