2222 3938
286 183 411 247 408
885 187 1463 247 EMENDATIONES
1519 235 1522 238 ⁴

286 320 483 370 Nachor
514 321 667 376 3035.
703 318 901 370 Nachor
942 317 1114 365 aetatis
1143 321 1230 370 79.
1273 317 1522 366 communi
1555 318 1709 375 3114.
1745 317 1902 366 filium
1928 317 2102 367 ..Thai-a
2175 372 2178 374 ,

284 392 426 440 videt
449 391 599 455 oriri,
638 392 775 439 cuius
801 406 929 437 anno
950 393 1035 441 70.
1063 395 1111 435 et
1139 388 1338 450 vulgari
1361 388 1515 436 totius
1538 389 1667 436 orbis
1698 389 1850 441 3184.
1881 390 2103 438 nascitur

284 461 544 511 Abraham.
585 461 755 509 ‘Aliam
785 475 1030 508 annorum
1059 458 1272 506 istorum
1307 458 1518 522 putandi
1559 459 1691 507 viam
1733 458 1848 506 iniit
1888 460 2104 522 Scaliger

285 532 544 581 Animadv.
577 548 686 596 pag.
726 531 843 585 252.
892 528 1202 592 Arphaxad,
1239 528 1439 592 scripsit
1466 528 1578 588 ille,
1615 538 1768 576 natus
1794 537 1864 575 est
1897 547 2027 577 anno
2051 535 2102 583 2.

287 601 475 651 diluvii
505 600 783 648 secandum
821 605 904 653 70.
946 599 1130 663 Interp.
1175 597 1232 645 A
1267 597 1458 647 dilavio
1495 597 1567 645 ad
1603 600 1827 647 natalem
1861 599 2104 647 Abrahae

288 675 417 720 anni
452 680 570 718 sunt
605 676 757 725 1072.
807 671 881 718 Ita
918 669 1103 734 quippe
1126 685 1400 717 -numerare
1437 668 1617 732 potuit.
1666 671 1707 717 A
1738 669 1951 730 diluvio,
1987 670 2103 720 du0.

285 741 588 807 Arphaxad‚.
621 742 740 794 135.
777 741 888 787 Sala
925 744 1041 793 130.
1071 739 1232 787 Heber
1268 739 1382 793 134.
1409 738 1586 787 Phalec
1623 744 1741 794 130.
1778 741 1945 803 Ragau
1987 743 2104 795 132.

288 812 478 860 Seruch
515 815 632 864 130.
675 811 873 859 Nachor
908 815 994 864 79.
1023 809 1211 857 Tharae
1245 814 1329 862 70.
1364 811 1564 857 Summa
1591 814 1741 864 1072.
1779 810 1959 858 Subdit
1981 812 2106 858 Sca·-

284 883 423 946 liger.
459 882 714 929 Eusebius
744 891 909 929 autem
931 881 1229 944 praeterivit
1249 876 1331 932 τὸν
1355 874 1587 946 δεύτερον
1623 884 1847 944 Καϊνᾶν,
1886 883 1976 946 qui
2013 899 2104 929 na-

287 962 370 1000 tus
388 961 458 999 est
484 951 759 999 secundum
777 957 862 1006 70.
889 969 1022 998 anno
1041 952 1210 1016 patri-5·
1235 950 1517 1013 Arphaxacl
1534 949 1607 997 ad
1631 954 1747 1004 135.
1776 969 1874 1015 quo
1899 969 2103 1000 numero

287 1022 348 1070 de
391 1028 538 1076 1072.
576 1022 819 1085 deducte,
865 1022 1187 1069 remanebunt
1223 1038 1258 1067 a
1291 1020 1487 1069 dilavio
1524 1020 1598 1068 ad
1627 1031 1804 1068 natum
1837 1023 2104 1072 Abraham

286 1096 412 1141 anni
435 1096 551 1146 937.
587 1094 798 1141 Fallitur
823 1092 1064 1155 Scaliger:
1099 1108 1204 1139 non
1228 1091 1359 1138 enim
1379 1091 1533 1155 patris
1555 1091 1823 1156 Arphaxad
1843 1094 1960 1140 anni
1988 1096 2102 1147 135.

283 1164 372 1212 sed
399 1165 502 1212 eius
529 1163 621 1210 filii
648 1164 834 1210 Cainan
866 1162 984 1210 anni
1020 1165 1134 1215 130.
1171 1162 1496 1211 παιδοποιίαν
1520 1170 1892 1226 praecurrentes
1911 1164 2114 1228 fuerant

282 1233 602 1282 detrahendi:
641 1249 794 1297 quare
827 1233 947 1280 anni
984 1233 1101 1285 942.
1134 1239 1418 1279 remanent:
1455 1240 1608 1296 prout
1633 1233 1737 1297 ipse
1774 1233 1980 1296 fatetur,
2016 1234 2106 1282 ubi

279 1304 459 1369 pergit.
494 1304 926 1368 AtquiEasebius
942 1311 1100 1367 putat
1121 1320 1282 1349 annos
1299 1302 1417 1355 942.
1441 1305 1664 1367 quinque
1690 1305 1841 1350 annis
1865 1305 2105 1369 amplius.

282 1375 368 1424 Ita
395 1374 670 1421 secundum
702 1373 1045 1421 deductionem
1073 1390 1323 1420 annorum
1366 1374 1480 1425 135.
1529 1371 1668 1437 (130.
1707 1374 1912 1421 dixisset
1943 1376 2107 1423 consi-

283 1442 525 1513 deratius)
576 1445 640 1491 ab
677 1443 857 1493 Adam
892 1444 965 1492 ad
997 1454 1178 1491 natum
1216 1443 1711 1505 Abrahamfizcelint
1749 1453 1948 1492 tantum
1981 1448 2109 1494 anni

281 1518 437 1568 3187.
477 1516 658 1581 (voluit
679 1515 893 1564 scribere
914 1511 1095 1583 3177.)
1135 1531 1290 1580 quare
1313 1523 1385 1562 est
1403 1509 1656 1581 ἀλογιστία
1683 1515 1909 1563 Ειιεεὸἰὶ.
1945 1517 2108 1577 Quin-

280 1585 438 1633 11111110
461 1586 608 1634 absur
613 1586 813 1633 dissima
838 1585 1088 1649 Scaligeri.

422 1655 591 1723 Μέχρι
616 1651 698 1740 νεῖ.
728 1656 867 1715 ε’τους
887 1651 1092 1722 Ἰακώβ]
1131 1655 1373 1703 Excessus
1403 1662 1476 1703 est
1499 1673 1742 1704 annorum
1769 1658 1998 1723 quinque.

425 1725 590 1792 Μέχρι
613 1722 693 1791 ιη’.
713 1721 920 1791 Ἰακωβ.]
960 1726 1177 1787 Scaliger
1199 1724 1336 1792 μέχρι
1362 1721 1462 1791 (Ms-
1486 1721 1674 1791 Ἰακώβ.
1711 1727 1961 1779 Mendose.
2003 1730 2106 1777 To-

279 1794 382 1842 tius
403 1795 534 1844 enim
559 1797 670 1843 Sala
692 1796 824 1844 vitae
851 1797 991 1844 annis
1017 1797 1135 1849 433.
1166 1803 1215 1843 et
1240 1813 1267 1842 a
1299 1804 1526 1859 suscepta
1558 1798 1700 1861 Ρ1018
1730 1798 1849 1852 403.
1885 1800 2107 1864 plivatae

280 1873 520 1930 nepotum
544 1883 760 1914 summae
773 1867 1074 1931 respondent
1095 1865 1192 1914 hoc
1211 1874 1375 1931 pacto.
1411 1866 1520 1913 Sala
1536 1870 1620 1919 30.
1640 1868 1802 1916 Heber
1818 1869 1903 1922 34.
1928 1870 2109 1919 Phalec

281 1937 366 1987 30.
393 1937 559 1999 Ragau
585 1940 668 1990 32.
696 1936 883 1985 Seruch
909 1941 995 1990 30.
1025 1936 1223 1984 Nachor
1252 1941 1336 1990 29.
1367 1936 1555 1985 Tharra
1582 1942 1665 1991 70.
1704 1939 1951 1988 Abraham
1988 1945 2107 1994 100.

279 2004 415 2052 Isaac
441 2011 524 2060 60.
549 2014 597 2054 et
618 2008 818 2055 tandem
843 2008 988 2055 Iacob
1022 2007 1295 2055 iuventutis
1331 2011 1412 2060 18.
1441 2006 1497 2054 111
1523 2010 1954 2063 unumcollectae
1987 2013 2107 2060 red.—

282 2075 410 2123 dunt
433 2077 552 2129 433.
581 2084 630 2124 et
655 2072 757 2128 οἷπό
785 2078 1106 2136 παιδοποιίας
1133 2078 1252 2130 403.

418 2141 674 2210 Ἀρφαξάδ
697 2143 964 2214 γενόμενος
1001 2147 1125 2198 ἐτῶν
1154 2142 1247 2212 ρλε’
1254 2144 1290 2212 .]
1340 2147 1674 2194 Necessariam
1711 2149 2106 2200 emendationem

276 2217 458 2280 plobat
481 2217 698 2279 Scaliger
726 2218 988 2266 Animadv.
1017 2233 1128 2282 pag.
1163 2218 1280 2270 249.
1328 2217 1403 2264 Ita
1433 2218 1620 2281 pariter
1641 2219 1901 2308 legendum
1935 2222 2107 2270 decla-

278 2294 393 2333 rant
431 2285 670 2335 Authoiis
706 2289 854 2335 verba
881 2289 938 2336 D.
963 2288 1047 2337 καὶ
1083 2284 1206 2336 κατὰ
1245 2305 1346 2336 των
1368 2281 1423 2338 o'.
1459 2286 1752 2354 ἑρμηνείαν,
1787 2289 1926 2339 iuxta
1959 2309 2107 2356 quam

277 2356 550 2421 Arphaxad
577 2357 696 2404 anni
717 2358 958 2429 leguntur
977 2357 1092 2410 135.

402 2423 527 2492 ’Έτη
554 2421 711 2495 Ἁμβῖ
734 2423 898 2479 οπόσα
921 2429 988 2492 ἦν
1012 2425 1115 2476 καὶ
1121 2422 1246 2476 nocto?
1268 2421 1361 2490 τὴν
1384 2421 1438 2475 o'.
1464 2425 1764 2493 ἕρμηνείαν.]
1802 2431 2105 2495 scaligerum

277 2510 330 2542 se
357 2500 522 2561 ipsum
553 2497 756 2545 11111388
780 2498 931 2548 verba
953 2496 1190 2546 delusisse
1220 2512 1332 2562 pag.
1363 2495 1481 2550 249.
1504 2499 1566 2546 ad
1593 2515 1702 2564 pag.
1730 2500 1814 2553 85.
1844 2510 1988 2551 notas
2013 2503 2104 2552 de·-

276 2567 676 2618 monstravimus,

417 2635 530 2699 Pag
569 2641 650 2692 89.
671 2635 826 2689 Ώστε
851 2632 1042 2706 ἀναγκη
1068 2636 1434 2703 διαμαρτῆσαι.]
1474 2637 1613 2685 Circa
1637 2638 1913 2687 discursum
1938 2640 2104 2690 istius-

279 2704 416 2752 modi
440 2706 676 2755 velitatur
709 2710 927 2773 Scaliger
949 2725 1058 2775 pag.
1087 2708 1206 2762 252.
1236 2714 1285 2754 et
1310 2706 1498 2755 imbelli
1531 2709 1780 2757 rationum
1805 2711 2028 2760 acumine
2049 2713 2104 2761 in

280 2790 391 2822 eum
407 2776 700 2866 praeliatur.

407 2842 547 2895 ’Ἐστι
573 2848 746 2898 τοίνυν
765 2865 889 2896 κατα
912 2865 1033 2906 τους
1063 2866 1088 2897 ο
1089 2841 1138 2907 ’.]
1179 2846 1457 2895 Verborum
1475 2846 1686 2895 istorum
1709 2847 1967 2898 authorem
1995 2852 2102 2900 Eu-

278 2914 466 2963 sebium
502 2917 722 2978 agnoscit
753 2916 970 2979 Scaliger
995 2917 1258 2967 Animadv.
1299 2933 1408 2981 pag.
1447 2921 1530 2970 13.
1571 2924 1620 2965 et
1650 2935 1751 2965 non
1787 2922 1965 2983 semel,
2012 2923 2102 2972 sed

275 2984 455 3032 iterum
479 3002 589 3049 pag.
615 2987 731 3039 252.
761 2986 936 3049 quibus
961 2986 1112 3042 locis,
1157 2985 1454 3050 Arphaxad‚
1486 2987 1596 3036 vice
1624 2988 1834 3052 cainan,
1873 2992 2013 3041 annis
2045 2993 2101 3042 in

276 3071 536 3103 numerum
563 3055 788 3103 adductis
813 3055 1071 3119 insigniter
1096 3055 1291 3103 sibimet
1323 3055 1621 3120 imposuisse
1654 3061 1985 3112 convincitur.
2033 3064 2102 3112 At

279 3123 340 3172 de
362 3123 442 3172 his
465 3132 577 3173 ante
600 3141 685 3172 sex
708 3133 867 3174 notas.

420 3193 584 3245 Φαλὲκ
603 3191 657 3244 δὲ
680 3187 748 3258 ἧν
769 3194 891 3245 ἐτῶν
914 3189 988 3260 ε’.]
1032 3194 1345 3260 Scriptorum
1368 3213 1480 3262 pag.
1515 3197 1602 3253 42.
1634 3199 1687 3251 Β.
1717 3208 1766 3249 et
1796 3201 1879 3256 46.
1912 3202 1967 3252 Β.
1997 3219 2099 3252 non

277 3265 571 3314 recordatur
596 3264 851 3327 Georgius.

416 3336 530 3399 Pag.
568 3339 651 3390 90.
701 3338 783 3402 Τῷ
829 3327 972 3402 βωζ.
1021 3332 1115 3385 ἔτει
1145 3337 1238 3386 τοῦ
1274 3331 1465 3402 κόσμου
1509 3334 1758 3403 Ἀρφαξάδ
1803 3335 2098 3400 ἀπέθανεν]

278 3404 440 3463 Quam
465 3407 630 3454 variae
656 3385 759 3452 sint
781 3403 841 3452 de
862 3402 1125 3484 Arphaxad
1155 3406 1294 3454 annis
1317 3408 1585 3456 sententiae
1608 3426 1669 3456 ex
1693 3411 1937 3474 praesenti
1967 3412 2094 3471 loco,

278 3491 340 3522 ex
364 3475 526 3542 pagin.
562 3477 684 3532 115·
707 3474 764 3526 A.
789 3481 836 3523 et
861 3489 923 3523 ex
944 3474 1144 3541 scriptis
1169 3476 1231 3524 ad
1255 3477 1418 3542 pagin.
1447 3478 1532 3533 42.
1565 3479 1857 3545 colligimus.
