2112 3854
597 628 962 744 eoARI
1046 654 1643 717 EPIsToLA.

848 1073 1389 1127 AMPLISSIMO

384 1197 1528 1282 ILLUSTRISSIMOQUE
1600 1203 1858 1253 vlao

1032 1329 1207 1383 un.
1571 1307 1572 1310 '

203 1420 890 1526 PET'RO
1052 1453 2034 1537 sEGUIER,

924 1611 1319 1662 FRANCIAE

691 1708 1558 1763 CANCELLARIO.

211 1877 715 1970 CHRONOGRAPHIAM
755 1921 895 1983 Tibi,
959 1924 1308 1971 CANCELLARJE
1357 1922 1768 1982 qusrmssma,
1825 1937 2041 1986 operoso*

209 1992 410 2056 Georgii
432 1993 652 2057 Syncelli
676 1993 809 2057 stylo
841 1993 1026 2042 Graece
1052 1994 1191 2059 prius
1219 2001 1532 2059 apparatam,
1569 2010 1678 2041 meo
1706 2008 1843 2041 nunc
1866 1992 2038 2040 labore

208 2063 557 2127 qualicumque
591 2063 761 2110 Latine
801 2065 1102 2130 perpolitam
1141 2064 1205 2112 ad
1238 2065 1371 2112 Tuae
1406 2062 1726 2116 Celsitudinis
1764 2062 2038 2128 penetralia

207 2133 358 2182 sisto:
406 2142 631 2182 veterum
657 2132 917 2182 historiam
957 2136 1061 2183 suis
1102 2134 1416 2183 distributam
1445 2134 1683 2197 saeculis,
1720 2141 2035 2198 temporum-

209 2219 305 2268 que
344 2204 589 2253 rationem
624 2206 726 2252 suis
760 2204 1061 2271 descriptam
1097 2205 1329 2254 cancellis
1362 2205 1667 2254 Cancellario
1702 2203 2037 2269 potentissimi

206 2274 345 2338 regni
375 2281 623 2322 momenta
657 2274 998 2341 rationemque
1019 2284 1175 2324 totam
1204 2276 1496 2339 sustinenti3
1543 2274 1925 2341 praeteritorum
1950 2290 2039 2322 se·-

206 2346 332 2392 riem
368 2345 694 2411 imperiorum
722 2345 870 2409 iuriS‚
903 2365 996 2413 per
1032 2348 1167 2413 quod
1193 2347 1402 2413 imperia
1437 2354 1594 2409 stant,
1633 2361 1865 2411 supremo
1906 2345 2037 2393 Vin-

207 2415 339 2476 dici3
374 2433 553 2464 munus
570 2415 790 2481 'denique
813 2416 947 2465 haud
970 2426 1167 2483 gravate
1192 2417 1482 2482 impositum
1506 2417 1715 2465 Domino
1742 2415 2038 2464 benevolen-

207 2484 394 2534 tissimo
419 2503 524 2534 non
547 2487 641 2548 do,
676 2487 766 2535 sed
793 2488 966 2539 reddo.
1039 2488 1176 2550 Quid
1211 2490 1341 2537 enim
1372 2488 1725 2536 munusculum
1762 2486 1846 2534 vel
1875 2485 2036 2534 dona-

208 2554 363 2617 rium,
402 2558 538 2621 quod
571 2567 913 2620 argumentum
952 2560 1079 2608 serat
1115 2559 1558 2607 commendationis
1590 2557 1928 2618 levissimum,
1975 2573 2035 2605 ac

210 2642 315 2672 non
344 2627 513 2692 potius
542 2627 762 2676 debitum
789 2646 854 2677 ex
891 2630 1057 2678 officio
1089 2629 1394 2678 necessitatis
1423 2628 1720 2692 exigendum
1751 2627 2032 2692 appellem?

209 2695 367 2759 Illud,
408 2714 500 2746 ceu
520 2705 697 2762 sponte
726 2708 1091 2763 consecratum,
1129 2701 1235 2747 solo
1259 2715 1616 2763 nonnunquam
1642 2697 1877 2764 laudatur
1900 2697 2035 2746 offe-

209 2765 365 2822 rentis
399 2767 592 2830 anim03
643 2767 769 2832 hoc,
807 2770 920 2833 quia
956 2769 1077 2818 iuris
1115 2778 1212 2831 est,
1258 2769 1355 2817 nisi
1392 2770 1567 2818 lubens
1594 2786 1652 2817 ac
1684 2768 2032 2834 tempestivum

209 2837 412 2885 accedat
429 2875 441 2899 ‚
476 2845 525 2886 et
551 2837 734 2886 vitium
758 2840 920 2901 arguit
944 2840 1156 2888 violatae
1182 2839 1423 2903 iustitiae,
1460 2847 1510 2888 et
1539 2839 1812 2888 debitorem
1842 2837 2035 2904 accepti

207 2906 435 2955 beneficii
473 2909 675 2956 damnat
711 2905 1063 2961 immemorem.
1137 2911 1247 2958 Una
1281 2918 1418 2958 certe
1453 2909 1578 2958 mihi
1614 2909 1710 2958 fuit
1738 2918 1788 2957 et
1829 2925 1956 2957 onus
1985 2914 2034 2956 et

207 2976 500 3026 beneficium
521 2978 812 3027 demandata
835 2981 1057 3044 Syncelli
1077 2981 1254 3030 versio.
1327 2982 1432 3028 Tua
1457 2997 1571 3029 cum
1594 2980 1684 3043 sit,
1720 2996 1901 3028 munus
1924 2981 2033 3044 ipsa

207 3046 454 3111 debitum,
490 3050 767 3113 iustamque
792 3049 887 3098 tibi
908 3068 1044 3098 nunc
1073 3052 1279 3114 gratiam
1312 3053 1495 3114 refert,
1532 3059 1582 3099 et
1605 3067 1787 3098 novam
1815 3050 2034 3115 supplex

206 3118 470 3182 efflagitat:
508 3119 571 3167 ad
599 3120 731 3167 Tuos
758 3120 955 3168 admitti
980 3130 1272 3186 conspectus
1298 3122 1473 3183 ambit,
1513 3129 1562 3169 et
1598 3120 1862 3184 Georgium
1897 3122 2032 3184 Syn—

209 3189 391 3237 cellum
430 3198 625 3253 secuta,
662 3207 806 3254 quem
838 3191 982 3255 prius
1011 3200 1256 3253 assecuta,
1299 3191 1562 3255 Georgium
1593 3190 1760 3255 ipsum
1799 3190 2033 3240 advenire

206 3260 437 3323 nunciat3
473 3267 523 3308 et
562 3261 873 3324 comitatem,
911 3279 1017 3325 qua¹
1042 3261 1487 3326 praestantissimos
1523 3261 1709 3325 excipis
1744 3261 2026 3327 scriptores,

208 3329 301 3377 sibi
334 3330 509 3378 merito
541 3331 825 3396 pollicetur.
900 3332 1160 3397 Syncellus
1188 3333 1308 3380 olim
1344 3332 1398 3378 in
1435 3331 1698 3398 Byzantini
1735 3329 2027 3380 Patriarclu'i

207 3400 538 3463 penetralibus
568 3410 866 3466 conceptus,
904 3401 1037 3451 inter
1071 3401 1450 3468 sapientissimas
1481 3401 1657 3465 Regiae
1693 3401 2024 3450 Bibliothecae

204 3487 321 3535 opes
345 3471 558 3522 latenter
580 3480 827 3535 servatus,
865 3473 962 3523 iam
990 3473 1126 3539 quasi
1157 3479 1446 3539 recuperata
1479 3473 1592 3522 luce
1620 3471 1898 3535 redivivus,
1934 3472 2022 3521 ite-
