<?xml version="1.0" encoding="UTF-8"?>
<!DOCTYPE html PUBLIC "-//W3C//DTD XHTML 1.0 Transitional//EN"
    "http://www.w3.org/TR/xhtml1/DTD/xhtml1-transitional.dtd">
<html xmlns="http://www.w3.org/1999/xhtml" xml:lang="en" lang="en">
 <head>
  <title>
</title>
<meta http-equiv="Content-Type" content="text/html;charset=utf-8" />
  <meta name='ocr-system' content='tesseract 3.04.00' />
  <meta name='ocr-capabilities' content='ocr_page ocr_carea ocr_par ocr_line ocrx_word'/>
</head>
<body>
  <div class='ocr_page' id='page_1' title='image "./corpusscriptorum21niebuoft_0445.png"; bbox 0 0 2222 3938; ppageno 0'>
   <div class='ocr_carea' id='block_1_1' title="bbox 628 171 1896 239">
    <p class='ocr_par' dir='ltr' id='par_1_1' title="bbox 628 171 1896 239">
     <span class='ocr_line' id='line_1_1' title="bbox 628 171 1896 239; baseline -0.001 -4"><span class='ocrx_word' id='word_1_1' title='bbox 628 181 726 235; x_wconf 80' lang='lat' dir='ltr'>ET</span> <span class='ocrx_word' id='word_1_2' title='bbox 761 181 1341 239; x_wconf 86' lang='lat' dir='ltr'><strong>ANNOTATIONES.</strong></span> <span class='ocrx_word' id='word_1_3' title='bbox 1766 171 1896 234; x_wconf 82' lang='grc'>435</span> 
     </span>
    </p>
   </div>
   <div class='ocr_carea' id='block_1_2' title="bbox 19 308 2058 3537">
    <p class='ocr_par' dir='ltr' id='par_1_2' title="bbox 19 308 2058 3537">
     <span class='ocr_line' id='line_1_2' title="bbox 86 308 1896 377; baseline 0.001 -17"><span class='ocrx_word' id='word_1_4' title='bbox 86 311 255 375; x_wconf 86' lang='lat' dir='ltr'>nario,</span> <span class='ocrx_word' id='word_1_5' title='bbox 294 309 623 359; x_wconf 78' lang='lat' dir='ltr'><strong>ascendebant</strong></span> <span class='ocrx_word' id='word_1_6' title='bbox 644 308 892 358; x_wconf 89' lang='lat' dir='ltr'>Israelitae</span> <span class='ocrx_word' id='word_1_7' title='bbox 922 311 984 359; x_wconf 87' lang='lat' dir='ltr'>ad</span> <span class='ocrx_word' id='word_1_8' title='bbox 1011 310 1182 359; x_wconf 89' lang='lat' dir='ltr'>decem</span> <span class='ocrx_word' id='word_1_9' title='bbox 1209 310 1388 359; x_wconf 86' lang='lat' dir='ltr'>millia:</span> <span class='ocrx_word' id='word_1_10' title='bbox 1424 309 1705 377; x_wconf 82' lang='lat' dir='ltr'>myriadem</span> <span class='ocrx_word' id='word_1_11' title='bbox 1731 321 1896 363; x_wconf 86' lang='lat' dir='ltr'>autem</span> 
     </span>
     <span class='ocr_line' id='line_1_3' title="bbox 78 381 2052 446; baseline 0.002 -16"><span class='ocrx_word' id='word_1_12' title='bbox 78 382 217 435; x_wconf 80' lang='lat' dir='ltr'>illam</span> <span class='ocrx_word' id='word_1_13' title='bbox 239 382 491 446; x_wconf 85' lang='lat' dir='ltr'>aequalem</span> <span class='ocrx_word' id='word_1_14' title='bbox 515 397 606 445; x_wconf 89' lang='lat' dir='ltr'>per</span> <span class='ocrx_word' id='word_1_15' title='bbox 630 397 869 429; x_wconf 86' lang='lat' dir='ltr'>annorum</span> <span class='ocrx_word' id='word_1_16' title='bbox 897 381 1131 429; x_wconf 82' lang='lat' dir='ltr'>ambitum</span> <span class='ocrx_word' id='word_1_17' title='bbox 1164 382 1228 430; x_wconf 92' lang='lat' dir='ltr'>da</span> <span class='ocrx_word' id='word_1_18' title='bbox 1250 397 1496 431; x_wconf 71' lang='lat' dir='ltr'>cresceret</span> <span class='ocrx_word' id='word_1_19' title='bbox 1533 382 1595 430; x_wconf 91' lang='lat' dir='ltr'>da</span> <span class='ocrx_word' id='word_1_20' title='bbox 1623 382 1754 430; x_wconf 85' lang='lat' dir='ltr'>vitae</span> <span class='ocrx_word' id='word_1_21' title='bbox 1778 384 1888 432; x_wconf 87' lang='lat' dir='ltr'>‹liu-</span> <span class='ocrx_word' id='word_1_22' title='bbox 1911 389 1963 431; x_wconf 90' lang='lat' dir='ltr'>P.</span> <span class='ocrx_word' id='word_1_23' title='bbox 1993 386 2052 434; x_wconf 88' lang='lat'>40</span> 
     </span>
     <span class='ocr_line' id='line_1_4' title="bbox 79 451 1896 515; baseline 0 -14"><span class='ocrx_word' id='word_1_24' title='bbox 79 451 386 511; x_wconf 87' lang='lat' dir='ltr'>turnitatem,</span> <span class='ocrx_word' id='word_1_25' title='bbox 412 452 476 499; x_wconf 83' lang='lat' dir='ltr'>da</span> <span class='ocrx_word' id='word_1_26' title='bbox 498 451 586 499; x_wconf 90' lang='lat' dir='ltr'>Dei</span> <span class='ocrx_word' id='word_1_27' title='bbox 614 452 843 500; x_wconf 89' lang='lat' dir='ltr'>mulieres</span> <span class='ocrx_word' id='word_1_28' title='bbox 870 452 1216 500; x_wconf 82' lang='lat' dir='ltr'>foecundantis</span> <span class='ocrx_word' id='word_1_29' title='bbox 1236 452 1508 515; x_wconf 76' lang='lat' dir='ltr'>auxilium3</span> <span class='ocrx_word' id='word_1_30' title='bbox 1547 452 1608 500; x_wconf 90' lang='lat' dir='ltr'>da</span> <span class='ocrx_word' id='word_1_31' title='bbox 1634 469 1747 500; x_wconf 89' lang='lat' dir='ltr'>cum</span> <span class='ocrx_word' id='word_1_32' title='bbox 1769 471 1896 501; x_wconf 86' lang='lat' dir='ltr'>uxo-</span> 
     </span>
     <span class='ocr_line' id='line_1_5' title="bbox 80 521 1895 585; baseline 0 -14"><span class='ocrx_word' id='word_1_33' title='bbox 80 522 219 572; x_wconf 81' lang='lat' dir='ltr'>ribus</span> <span class='ocrx_word' id='word_1_34' title='bbox 246 522 427 570; x_wconf 82' lang='lat' dir='ltr'>exteris</span> <span class='ocrx_word' id='word_1_35' title='bbox 456 521 580 570; x_wconf 88' lang='lat' dir='ltr'>inita</span> <span class='ocrx_word' id='word_1_36' title='bbox 618 521 883 585; x_wconf 89' lang='lat' dir='ltr'>connubia,</span> <span class='ocrx_word' id='word_1_37' title='bbox 920 523 982 570; x_wconf 88' lang='lat' dir='ltr'>da</span> <span class='ocrx_word' id='word_1_38' title='bbox 1005 522 1235 570; x_wconf 85' lang='lat' dir='ltr'>festinam</span> <span class='ocrx_word' id='word_1_39' title='bbox 1260 522 1536 571; x_wconf 88' lang='lat' dir='ltr'>liberorum</span> <span class='ocrx_word' id='word_1_40' title='bbox 1557 521 1895 572; x_wconf 89' lang='lat' dir='ltr'>habendorum</span> 
     </span>
     <span class='ocr_line' id='line_1_6' title="bbox 84 592 1897 658; baseline 0.001 -18"><span class='ocrx_word' id='word_1_41' title='bbox 84 608 280 654; x_wconf 88' lang='lat' dir='ltr'>curam,</span> <span class='ocrx_word' id='word_1_42' title='bbox 319 592 380 640; x_wconf 86' lang='lat' dir='ltr'>da</span> <span class='ocrx_word' id='word_1_43' title='bbox 402 609 615 641; x_wconf 84' lang='lat' dir='ltr'>uxorum</span> <span class='ocrx_word' id='word_1_44' title='bbox 639 592 829 640; x_wconf 88' lang='lat' dir='ltr'>licitam</span> <span class='ocrx_word' id='word_1_45' title='bbox 853 608 909 640; x_wconf 91' lang='lat' dir='ltr'>eo</span> <span class='ocrx_word' id='word_1_46' title='bbox 931 601 1156 658; x_wconf 90' lang='lat' dir='ltr'>tempore</span> <span class='ocrx_word' id='word_1_47' title='bbox 1177 592 1402 655; x_wconf 89' lang='lat' dir='ltr'>turbam,</span> <span class='ocrx_word' id='word_1_48' title='bbox 1437 592 1501 640; x_wconf 90' lang='lat' dir='ltr'>da</span> <span class='ocrx_word' id='word_1_49' title='bbox 1527 593 1739 657; x_wconf 86' lang='lat' dir='ltr'>quodvis</span> <span class='ocrx_word' id='word_1_50' title='bbox 1763 594 1897 642; x_wconf 90' lang='lat' dir='ltr'>aliud</span> 
     </span>
     <span class='ocr_line' id='line_1_7' title="bbox 82 662 1895 728; baseline 0.001 -18"><span class='ocrx_word' id='word_1_51' title='bbox 82 662 138 710; x_wconf 89' lang='lat' dir='ltr'>in</span> <span class='ocrx_word' id='word_1_52' title='bbox 164 662 444 710; x_wconf 82' lang='lat' dir='ltr'>educandae</span> <span class='ocrx_word' id='word_1_53' title='bbox 471 663 627 728; x_wconf 86' lang='lat' dir='ltr'>prolis</span> <span class='ocrx_word' id='word_1_54' title='bbox 661 670 973 727; x_wconf 87' lang='lat' dir='ltr'>augmentum</span> <span class='ocrx_word' id='word_1_55' title='bbox 1003 679 1326 726; x_wconf 79' lang='lat' dir='ltr'>concurrere,</span> <span class='ocrx_word' id='word_1_56' title='bbox 1361 663 1417 710; x_wconf 90' lang='lat' dir='ltr'>in</span> <span class='ocrx_word' id='word_1_57' title='bbox 1444 680 1589 727; x_wconf 89' lang='lat' dir='ltr'>quem</span> <span class='ocrx_word' id='word_1_58' title='bbox 1616 664 1766 712; x_wconf 89' lang='lat' dir='ltr'>alium</span> <span class='ocrx_word' id='word_1_59' title='bbox 1796 681 1895 712; x_wconf 89' lang='lat' dir='ltr'>nu·-</span> 
     </span>
     <span class='ocr_line' id='line_1_8' title="bbox 82 733 1896 798; baseline 0.001 -18"><span class='ocrx_word' id='word_1_60' title='bbox 82 749 302 792; x_wconf 87' lang='lat' dir='ltr'>merum,</span> <span class='ocrx_word' id='word_1_61' title='bbox 335 733 390 781; x_wconf 88' lang='lat' dir='ltr'>in</span> <span class='ocrx_word' id='word_1_62' title='bbox 420 740 545 797; x_wconf 90' lang='lat' dir='ltr'>quot</span> <span class='ocrx_word' id='word_1_63' title='bbox 569 733 685 780; x_wconf 89' lang='lat' dir='ltr'>alias</span> <span class='ocrx_word' id='word_1_64' title='bbox 719 751 747 780; x_wconf 92' lang='lat' dir='ltr'>a</span> <span class='ocrx_word' id='word_1_65' title='bbox 785 734 1044 782; x_wconf 81' lang='lat' dir='ltr'>recensitis</span> <span class='ocrx_word' id='word_1_66' title='bbox 1082 734 1415 781; x_wconf 86' lang='lat' dir='ltr'>Israelitarum</span> <span class='ocrx_word' id='word_1_67' title='bbox 1450 734 1755 798; x_wconf 84' lang='lat' dir='ltr'>myriadibus</span> <span class='ocrx_word' id='word_1_68' title='bbox 1792 751 1896 782; x_wconf 86' lang='lat' dir='ltr'>non</span> 
     </span>
     <span class='ocr_line' id='line_1_9' title="bbox 84 801 1896 868; baseline 0 -17"><span class='ocrx_word' id='word_1_69' title='bbox 84 810 336 852; x_wconf 85' lang='lat' dir='ltr'>excrescet</span> <span class='ocrx_word' id='word_1_70' title='bbox 370 820 459 868; x_wconf 91' lang='lat' dir='ltr'>per</span> <span class='ocrx_word' id='word_1_71' title='bbox 485 821 639 850; x_wconf 90' lang='lat' dir='ltr'>annos</span> <span class='ocrx_word' id='word_1_72' title='bbox 670 804 910 852; x_wconf 88' lang='lat' dir='ltr'>ducentos</span> <span class='ocrx_word' id='word_1_73' title='bbox 941 803 1087 851; x_wconf 89' lang='lat' dir='ltr'>unius</span> <span class='ocrx_word' id='word_1_74' title='bbox 1112 801 1355 861; x_wconf 87' lang='lat' dir='ltr'>hominis,</span> <span class='ocrx_word' id='word_1_75' title='bbox 1390 803 1491 851; x_wconf 89' lang='lat' dir='ltr'>imo</span> <span class='ocrx_word' id='word_1_76' title='bbox 1524 811 1602 852; x_wconf 91' lang='lat' dir='ltr'>tot</span> <span class='ocrx_word' id='word_1_77' title='bbox 1634 803 1896 852; x_wconf 88' lang='lat' dir='ltr'>hominum</span> 
     </span>
     <span class='ocr_line' id='line_1_10' title="bbox 83 872 1898 940; baseline 0.001 -19"><span class='ocrx_word' id='word_1_78' title='bbox 83 872 411 938; x_wconf 86' lang='lat' dir='ltr'>multiplicata</span> <span class='ocrx_word' id='word_1_79' title='bbox 431 872 658 922; x_wconf 75' lang='lat' dir='ltr'>soboles?</span> <span class='ocrx_word' id='word_1_80' title='bbox 695 874 844 936; x_wconf 88' lang='lat' dir='ltr'>Vide,</span> <span class='ocrx_word' id='word_1_81' title='bbox 881 875 1048 934; x_wconf 86' lang='lat' dir='ltr'>sodes,</span> <span class='ocrx_word' id='word_1_82' title='bbox 1087 874 1343 920; x_wconf 84' lang='lat' dir='ltr'>Petavium</span> <span class='ocrx_word' id='word_1_83' title='bbox 1371 889 1432 920; x_wconf 83' lang='lat' dir='ltr'>ex</span> <span class='ocrx_word' id='word_1_84' title='bbox 1467 890 1566 920; x_wconf 89' lang='lat' dir='ltr'>una</span> <span class='ocrx_word' id='word_1_85' title='bbox 1603 875 1721 922; x_wconf 87' lang='lat' dir='ltr'>Sem</span> <span class='ocrx_word' id='word_1_86' title='bbox 1742 875 1898 940; x_wconf 87' lang='lat' dir='ltr'>stirpe</span> 
     </span>
     <span class='ocr_line' id='line_1_11' title="bbox 82 940 1898 1010; baseline 0.001 -19"><span class='ocrx_word' id='word_1_87' title='bbox 82 960 208 1010; x_wconf 89' lang='lat' dir='ltr'>pene</span> <span class='ocrx_word' id='word_1_88' title='bbox 243 943 391 991; x_wconf 89' lang='lat' dir='ltr'>simili</span> <span class='ocrx_word' id='word_1_89' title='bbox 429 960 669 991; x_wconf 87' lang='lat' dir='ltr'>annorum</span> <span class='ocrx_word' id='word_1_90' title='bbox 706 945 824 998; x_wconf 86' lang='lat'>215.</span> <span class='ocrx_word' id='word_1_91' title='bbox 861 944 1019 1008; x_wconf 86' lang='lat' dir='ltr'>spatio</span> <span class='ocrx_word' id='word_1_92' title='bbox 1051 940 1309 990; x_wconf 86' lang='lat' dir='ltr'>hominum</span> <span class='ocrx_word' id='word_1_93' title='bbox 1348 943 1710 998; x_wconf 80' lang='lat'>1065741824.</span> <span class='ocrx_word' id='word_1_94' title='bbox 1748 961 1898 1008; x_wconf 89' lang='lat' dir='ltr'>quam</span> 
     </span>
     <span class='ocr_line' id='line_1_12' title="bbox 84 1012 1896 1077; baseline 0 -15"><span class='ocrx_word' id='word_1_95' title='bbox 84 1014 230 1062; x_wconf 85' lang='lat' dir='ltr'>facile</span> <span class='ocrx_word' id='word_1_96' title='bbox 253 1013 576 1061; x_wconf 86' lang='lat' dir='ltr'>deducentem</span> <span class='ocrx_word' id='word_1_97' title='bbox 598 1014 683 1062; x_wconf 87' lang='lat' dir='ltr'>lib.</span> <span class='ocrx_word' id='word_1_98' title='bbox 709 1018 757 1066; x_wconf 89' lang='lat'>9.</span> <span class='ocrx_word' id='word_1_99' title='bbox 780 1015 841 1061; x_wconf 90' lang='lat' dir='ltr'>de</span> <span class='ocrx_word' id='word_1_100' title='bbox 866 1014 1006 1060; x_wconf 87' lang='lat' dir='ltr'>Doct.</span> <span class='ocrx_word' id='word_1_101' title='bbox 1032 1012 1200 1077; x_wconf 91' lang='lat' dir='ltr'>Temp.</span> <span class='ocrx_word' id='word_1_102' title='bbox 1238 1028 1347 1076; x_wconf 86' lang='lat' dir='ltr'>cap.</span> <span class='ocrx_word' id='word_1_103' title='bbox 1383 1013 1465 1064; x_wconf 83' lang='lat'>14.</span> <span class='ocrx_word' id='word_1_104' title='bbox 1495 1014 1599 1060; x_wconf 89' lang='lat' dir='ltr'>eius</span> <span class='ocrx_word' id='word_1_105' title='bbox 1629 1030 1745 1062; x_wconf 85' lang='lat' dir='ltr'>vero</span> <span class='ocrx_word' id='word_1_106' title='bbox 1777 1031 1896 1062; x_wconf 90' lang='lat' dir='ltr'>sen-</span> 
     </span>
     <span class='ocr_line' id='line_1_13' title="bbox 82 1081 1897 1146; baseline -0.001 -14"><span class='ocrx_word' id='word_1_107' title='bbox 82 1085 287 1132; x_wconf 84' lang='lat' dir='ltr'>tentiam</span> <span class='ocrx_word' id='word_1_108' title='bbox 307 1082 521 1133; x_wconf 88' lang='lat' dir='ltr'>Authori</span> <span class='ocrx_word' id='word_1_109' title='bbox 543 1083 890 1146; x_wconf 86' lang='lat' dir='ltr'>suffragantem</span> <span class='ocrx_word' id='word_1_110' title='bbox 910 1082 1126 1130; x_wconf 90' lang='lat' dir='ltr'>eiusdem</span> <span class='ocrx_word' id='word_1_111' title='bbox 1150 1081 1234 1130; x_wconf 88' lang='lat' dir='ltr'>lib.</span> <span class='ocrx_word' id='word_1_112' title='bbox 1259 1099 1367 1146; x_wconf 90' lang='lat' dir='ltr'>cap.</span> <span class='ocrx_word' id='word_1_113' title='bbox 1390 1085 1475 1134; x_wconf 92' lang='lat'>24.</span> <span class='ocrx_word' id='word_1_114' title='bbox 1513 1083 1694 1130; x_wconf 85' lang='lat' dir='ltr'>Obiicit</span> <span class='ocrx_word' id='word_1_115' title='bbox 1712 1084 1897 1133; x_wconf 86' lang='lat' dir='ltr'>iterum</span> 
     </span>
     <span class='ocr_line' id='line_1_14' title="bbox 87 1151 1901 1217; baseline -0.001 -15"><span class='ocrx_word' id='word_1_116' title='bbox 87 1155 454 1203; x_wconf 81' lang='lat' dir='ltr'>Genebrardus:</span> <span class='ocrx_word' id='word_1_117' title='bbox 501 1153 690 1202; x_wconf 87' lang='lat' dir='ltr'>Achior</span> <span class='ocrx_word' id='word_1_118' title='bbox 749 1151 1121 1217; x_wconf 85' lang='lat' dir='ltr'>quadringentis</span> <span class='ocrx_word' id='word_1_119' title='bbox 1172 1152 1227 1199; x_wconf 90' lang='lat' dir='ltr'>in</span> <span class='ocrx_word' id='word_1_120' title='bbox 1267 1153 1490 1216; x_wconf 82' lang='lat' dir='ltr'>Aegypto</span> <span class='ocrx_word' id='word_1_121' title='bbox 1537 1152 1596 1199; x_wconf 91' lang='lat' dir='ltr'>ab</span> <span class='ocrx_word' id='word_1_122' title='bbox 1632 1153 1901 1201; x_wconf 86' lang='lat' dir='ltr'>Israelitica</span> 
     </span>
     <span class='ocr_line' id='line_1_15' title="bbox 84 1220 1900 1289; baseline -0.001 -16"><span class='ocrx_word' id='word_1_123' title='bbox 84 1232 226 1289; x_wconf 88' lang='lat' dir='ltr'>gente</span> <span class='ocrx_word' id='word_1_124' title='bbox 250 1226 434 1273; x_wconf 81' lang='lat' dir='ltr'>exactis</span> <span class='ocrx_word' id='word_1_125' title='bbox 457 1225 598 1272; x_wconf 87' lang='lat' dir='ltr'>annis</span> <span class='ocrx_word' id='word_1_126' title='bbox 621 1224 843 1272; x_wconf 88' lang='lat' dir='ltr'>attestari</span> <span class='ocrx_word' id='word_1_127' title='bbox 854 1222 1021 1270; x_wconf 83' lang='lat' dir='ltr'>Iudith</span> <span class='ocrx_word' id='word_1_128' title='bbox 1046 1239 1153 1286; x_wconf 88' lang='lat' dir='ltr'>cap.</span> <span class='ocrx_word' id='word_1_129' title='bbox 1169 1222 1217 1276; x_wconf 88' lang='grc'>5.</span> <span class='ocrx_word' id='word_1_130' title='bbox 1252 1220 1321 1269; x_wconf 87' lang='lat' dir='ltr'>At</span> <span class='ocrx_word' id='word_1_131' title='bbox 1345 1228 1451 1269; x_wconf 90' lang='lat' dir='ltr'>toto</span> <span class='ocrx_word' id='word_1_132' title='bbox 1476 1239 1570 1286; x_wconf 86' lang='lat' dir='ltr'>pro</span> <span class='ocrx_word' id='word_1_133' title='bbox 1591 1231 1732 1285; x_wconf 86' lang='lat' dir='ltr'>parte</span> <span class='ocrx_word' id='word_1_134' title='bbox 1753 1241 1900 1272; x_wconf 89' lang='lat' dir='ltr'>usur-</span> 
     </span>
     <span class='ocr_line' id='line_1_16' title="bbox 83 1292 1904 1361; baseline -0.001 -19"><span class='ocrx_word' id='word_1_135' title='bbox 83 1303 231 1361; x_wconf 88' lang='lat' dir='ltr'>pato,</span> <span class='ocrx_word' id='word_1_136' title='bbox 269 1294 676 1359; x_wconf 74' lang='lat' dir='ltr'>Synecdochicn‘is</span> <span class='ocrx_word' id='word_1_137' title='bbox 706 1310 796 1340; x_wconf 90' lang='lat' dir='ltr'>nos</span> <span class='ocrx_word' id='word_1_138' title='bbox 826 1292 969 1357; x_wconf 89' lang='lat' dir='ltr'>loqui</span> <span class='ocrx_word' id='word_1_139' title='bbox 999 1292 1187 1354; x_wconf 89' lang='lat' dir='ltr'>solere,</span> <span class='ocrx_word' id='word_1_140' title='bbox 1223 1308 1327 1339; x_wconf 88' lang='lat' dir='ltr'>non</span> <span class='ocrx_word' id='word_1_141' title='bbox 1352 1292 1572 1354; x_wconf 88' lang='lat' dir='ltr'>ignorat,</span> <span class='ocrx_word' id='word_1_142' title='bbox 1608 1293 1692 1356; x_wconf 91' lang='lat' dir='ltr'>qui</span> <span class='ocrx_word' id='word_1_143' title='bbox 1719 1293 1904 1341; x_wconf 83' lang='lat' dir='ltr'>struxit.</span> 
     </span>
     <span class='ocr_line' id='line_1_17' title="bbox 85 1362 1902 1426; baseline -0.002 -12"><span class='ocrx_word' id='word_1_144' title='bbox 85 1364 425 1414; x_wconf 88' lang='lat' dir='ltr'>obiectionem.</span> <span class='ocrx_word' id='word_1_145' title='bbox 496 1363 646 1412; x_wconf 87' lang='lat' dir='ltr'>Aliud</span> <span class='ocrx_word' id='word_1_146' title='bbox 673 1362 889 1411; x_wconf 86' lang='lat' dir='ltr'>validius</span> <span class='ocrx_word' id='word_1_147' title='bbox 913 1368 1254 1424; x_wconf 86' lang='lat' dir='ltr'>argumentum</span> <span class='ocrx_word' id='word_1_148' title='bbox 1282 1378 1333 1408; x_wconf 90' lang='lat' dir='ltr'>se</span> <span class='ocrx_word' id='word_1_149' title='bbox 1373 1370 1702 1426; x_wconf 85' lang='lat' dir='ltr'>contorquere</span> <span class='ocrx_word' id='word_1_150' title='bbox 1733 1363 1902 1425; x_wconf 85' lang='lat' dir='ltr'>iactat,</span> 
     </span>
     <span class='ocr_line' id='line_1_18' title="bbox 85 1430 1900 1497; baseline -0.002 -13"><span class='ocrx_word' id='word_1_151' title='bbox 85 1452 201 1484; x_wconf 90' lang='lat' dir='ltr'>cum</span> <span class='ocrx_word' id='word_1_152' title='bbox 225 1441 495 1483; x_wconf 87' lang='lat' dir='ltr'>memorata</span> <span class='ocrx_word' id='word_1_153' title='bbox 516 1433 683 1481; x_wconf 86' lang='lat' dir='ltr'>liberis</span> <span class='ocrx_word' id='word_1_154' title='bbox 706 1431 941 1497; x_wconf 90' lang='lat' dir='ltr'>Ephraim</span> <span class='ocrx_word' id='word_1_155' title='bbox 971 1449 999 1477; x_wconf 87' lang='lat' dir='ltr'>a</span> <span class='ocrx_word' id='word_1_156' title='bbox 1024 1430 1355 1479; x_wconf 88' lang='lat' dir='ltr'>Gethaeorum</span> <span class='ocrx_word' id='word_1_157' title='bbox 1382 1432 1569 1495; x_wconf 90' lang='lat' dir='ltr'>populo</span> <span class='ocrx_word' id='word_1_158' title='bbox 1595 1432 1736 1479; x_wconf 88' lang='lat' dir='ltr'>illata</span> <span class='ocrx_word' id='word_1_159' title='bbox 1761 1450 1900 1495; x_wconf 90' lang='lat' dir='ltr'>nece,</span> 
     </span>
     <span class='ocr_line' id='line_1_19' title="bbox 87 1500 1901 1571; baseline -0.002 -17"><span class='ocrx_word' id='word_1_160' title='bbox 87 1506 338 1571; x_wconf 88' lang='lat' dir='ltr'>copiosam</span> <span class='ocrx_word' id='word_1_161' title='bbox 367 1522 394 1551; x_wconf 91' lang='lat' dir='ltr'>a</span> <span class='ocrx_word' id='word_1_162' title='bbox 417 1504 642 1569; x_wconf 85' lang='lat' dir='ltr'>patribus</span> <span class='ocrx_word' id='word_1_163' title='bbox 670 1503 725 1550; x_wconf 90' lang='lat' dir='ltr'>in</span> <span class='ocrx_word' id='word_1_164' title='bbox 749 1502 878 1550; x_wconf 88' lang='lat' dir='ltr'>filios</span> <span class='ocrx_word' id='word_1_165' title='bbox 905 1501 1079 1550; x_wconf 90' lang='lat' dir='ltr'>ordine</span> <span class='ocrx_word' id='word_1_166' title='bbox 1101 1500 1370 1565; x_wconf 88' lang='lat' dir='ltr'>multiplici</span> <span class='ocrx_word' id='word_1_167' title='bbox 1397 1501 1656 1549; x_wconf 88' lang='lat' dir='ltr'>deductam</span> <span class='ocrx_word' id='word_1_168' title='bbox 1686 1502 1901 1550; x_wconf 84' lang='lat' dir='ltr'>eiusdem</span> 
     </span>
     <span class='ocr_line' id='line_1_20' title="bbox 84 1570 1902 1641; baseline -0.002 -16"><span class='ocrx_word' id='word_1_169' title='bbox 84 1576 319 1641; x_wconf 88' lang='lat' dir='ltr'>Ephraim</span> <span class='ocrx_word' id='word_1_170' title='bbox 344 1574 657 1640; x_wconf 83' lang='lat' dir='ltr'>progeniem,</span> <span class='ocrx_word' id='word_1_171' title='bbox 697 1581 744 1621; x_wconf 90' lang='lat' dir='ltr'>et</span> <span class='ocrx_word' id='word_1_172' title='bbox 770 1574 927 1624; x_wconf 89' lang='lat' dir='ltr'>multo</span> <span class='ocrx_word' id='word_1_173' title='bbox 953 1570 1179 1637; x_wconf 84' lang='lat' dir='ltr'>pluribus</span> <span class='ocrx_word' id='word_1_174' title='bbox 1212 1571 1331 1624; x_wconf 82' lang='lat'>215.</span> <span class='ocrx_word' id='word_1_175' title='bbox 1373 1571 1515 1619; x_wconf 89' lang='lat' dir='ltr'>annis</span> <span class='ocrx_word' id='word_1_176' title='bbox 1545 1571 1682 1619; x_wconf 88' lang='lat' dir='ltr'>haud</span> <span class='ocrx_word' id='word_1_177' title='bbox 1710 1573 1902 1621; x_wconf 82' lang='lat' dir='ltr'>exhau-</span> 
     </span>
     <span class='ocr_line' id='line_1_21' title="bbox 83 1640 1901 1709; baseline -0.002 -15"><span class='ocrx_word' id='word_1_178' title='bbox 83 1647 322 1707; x_wconf 86' lang='lat' dir='ltr'>riendam,</span> <span class='ocrx_word' id='word_1_179' title='bbox 361 1652 408 1693; x_wconf 89' lang='lat' dir='ltr'>et</span> <span class='ocrx_word' id='word_1_180' title='bbox 425 1661 514 1709; x_wconf 92' lang='lat' dir='ltr'>per</span> <span class='ocrx_word' id='word_1_181' title='bbox 532 1651 712 1692; x_wconf 88' lang='lat' dir='ltr'>aetates</span> <span class='ocrx_word' id='word_1_182' title='bbox 735 1643 950 1707; x_wconf 90' lang='lat' dir='ltr'>singulas</span> <span class='ocrx_word' id='word_1_183' title='bbox 978 1642 1124 1690; x_wconf 91' lang='lat' dir='ltr'>facile</span> <span class='ocrx_word' id='word_1_184' title='bbox 1148 1640 1534 1689; x_wconf 87' lang='lat' dir='ltr'>distribuendam</span> <span class='ocrx_word' id='word_1_185' title='bbox 1558 1645 1603 1694; x_wconf 88' lang='lat'>1.</span> <span class='ocrx_word' id='word_1_186' title='bbox 1624 1643 1834 1708; x_wconf 86' lang='lat' dir='ltr'>Paralip.</span> <span class='ocrx_word' id='word_1_187' title='bbox 1851 1647 1901 1695; x_wconf 87' lang='lat'>7.</span> 
     </span>
     <span class='ocr_line' id='line_1_22' title="bbox 83 1710 1903 1777; baseline -0.004 -12"><span class='ocrx_word' id='word_1_188' title='bbox 83 1733 134 1766; x_wconf 81' lang='lat' dir='ltr'>v.</span> <span class='ocrx_word' id='word_1_189' title='bbox 155 1719 238 1770; x_wconf 81' lang='lat'>23.</span> <span class='ocrx_word' id='word_1_190' title='bbox 275 1722 511 1764; x_wconf 85' lang='lat' dir='ltr'>recenset.</span> <span class='ocrx_word' id='word_1_191' title='bbox 583 1715 848 1777; x_wconf 74' lang='lat' dir='ltr'>Ingressus</span> <span class='ocrx_word' id='word_1_192' title='bbox 885 1721 957 1759; x_wconf 76' lang='lat' dir='ltr'>est</span> <span class='ocrx_word' id='word_1_193' title='bbox 989 1711 1242 1776; x_wconf 74' lang='lat' dir='ltr'>Ephraim</span> <span class='ocrx_word' id='word_1_194' title='bbox 1281 1710 1354 1757; x_wconf 81' lang='lat' dir='ltr'>ad</span> <span class='ocrx_word' id='word_1_195' title='bbox 1381 1728 1581 1758; x_wconf 79' lang='lat' dir='ltr'>uxorem</span> <span class='ocrx_word' id='word_1_196' title='bbox 1616 1730 1764 1759; x_wconf 73' lang='lat' dir='ltr'>suam</span> <span class='ocrx_word' id='word_1_197' title='bbox 1782 1721 1903 1776; x_wconf 78' lang='lat' dir='ltr'>post</span> 
     </span>
     <span class='ocr_line' id='line_1_23' title="bbox 71 1782 1903 1853; baseline -0.002 -19"><span class='ocrx_word' id='word_1_198' title='bbox 71 1788 306 1853; x_wconf 78' lang='lat' dir='ltr'>filiorum</span> <span class='ocrx_word' id='word_1_199' title='bbox 330 1784 547 1847; x_wconf 80' lang='lat' dir='ltr'>cladem,</span> <span class='ocrx_word' id='word_1_200' title='bbox 587 1802 714 1850; x_wconf 80' lang='lat' dir='ltr'>quae</span> <span class='ocrx_word' id='word_1_201' title='bbox 737 1785 958 1847; x_wconf 78' lang='lat' dir='ltr'>concepit</span> <span class='ocrx_word' id='word_1_202' title='bbox 980 1791 1025 1829; x_wconf 84' lang='lat' dir='ltr'>et</span> <span class='ocrx_word' id='word_1_203' title='bbox 1041 1782 1264 1846; x_wconf 76' lang='lat' dir='ltr'>perperit</span> <span class='ocrx_word' id='word_1_204' title='bbox 1279 1782 1480 1845; x_wconf 75' lang='lat' dir='ltr'>filiam,</span> <span class='ocrx_word' id='word_1_205' title='bbox 1518 1790 1563 1828; x_wconf 79' lang='lat' dir='ltr'>et</span> <span class='ocrx_word' id='word_1_206' title='bbox 1589 1785 1789 1829; x_wconf 77' lang='lat' dir='ltr'>vocavit</span> <span class='ocrx_word' id='word_1_207' title='bbox 1806 1799 1903 1830; x_wconf 85' lang='lat' dir='ltr'>no-</span> 
     </span>
     <span class='ocr_line' id='line_1_24' title="bbox 85 1851 1903 1920; baseline -0.004 -15"><span class='ocrx_word' id='word_1_208' title='bbox 85 1875 197 1905; x_wconf 86' lang='lat' dir='ltr'>men</span> <span class='ocrx_word' id='word_1_209' title='bbox 229 1859 336 1903; x_wconf 79' lang='lat' dir='ltr'>eius</span> <span class='ocrx_word' id='word_1_210' title='bbox 357 1859 546 1914; x_wconf 74' lang='lat' dir='ltr'>Beria,</span> <span class='ocrx_word' id='word_1_211' title='bbox 583 1873 635 1903; x_wconf 89' lang='lat' dir='ltr'>eo</span> <span class='ocrx_word' id='word_1_212' title='bbox 666 1853 807 1920; x_wconf 80' lang='lat' dir='ltr'>quod</span> <span class='ocrx_word' id='word_1_213' title='bbox 829 1856 884 1901; x_wconf 83' lang='lat' dir='ltr'>in</span> <span class='ocrx_word' id='word_1_214' title='bbox 916 1854 1068 1900; x_wconf 71' lang='lat' dir='ltr'>malis·</span> <span class='ocrx_word' id='word_1_215' title='bbox 1094 1851 1275 1899; x_wconf 78' lang='lat' dir='ltr'>domus</span> <span class='ocrx_word' id='word_1_216' title='bbox 1304 1853 1412 1899; x_wconf 81' lang='lat' dir='ltr'>eius</span> <span class='ocrx_word' id='word_1_217' title='bbox 1444 1861 1584 1899; x_wconf 72' lang='lat' dir='ltr'>ortus·</span> <span class='ocrx_word' id='word_1_218' title='bbox 1607 1861 1752 1899; x_wconf 76' lang='lat' dir='ltr'>esset.-</span> <span class='ocrx_word' id='word_1_219' title='bbox 1774 1853 1903 1916; x_wconf 76' lang='lat' dir='ltr'>filia</span> 
     </span>
     <span class='ocr_line' id='line_1_25' title="bbox 86 1922 1905 1990; baseline -0.003 -16"><span class='ocrx_word' id='word_1_220' title='bbox 86 1937 254 1975; x_wconf 83' lang='lat' dir='ltr'>autem</span> <span class='ocrx_word' id='word_1_221' title='bbox 279 1929 516 1990; x_wconf 78' lang='lat' dir='ltr'>eius-fuit</span> <span class='ocrx_word' id='word_1_222' title='bbox 537 1927 669 1974; x_wconf 86' lang='lat' dir='ltr'>Sara</span> <span class='ocrx_word' id='word_1_223' title='bbox 692 1935 782 1975; x_wconf 81' lang='lat' dir='ltr'>etc.</span> <span class='ocrx_word' id='word_1_224' title='bbox 851 1927 1015 1972; x_wconf 86' lang='lat' dir='ltr'>Porro</span> <span class='ocrx_word' id='word_1_225' title='bbox 1025 1924 1180 1988; x_wconf 71' lang='lat' dir='ltr'>filius</span> <span class='ocrx_word' id='word_1_226' title='bbox 1209 1924 1318 1975; x_wconf 68' lang='lat' dir='ltr'>eius</span> <span class='ocrx_word' id='word_1_227' title='bbox 1339 1922 1530 1987; x_wconf 77' lang='lat' dir='ltr'>Raplzcc</span> <span class='ocrx_word' id='word_1_228' title='bbox 1558 1932 1603 1969; x_wconf 80' lang='lat' dir='ltr'>et</span> <span class='ocrx_word' id='word_1_229' title='bbox 1636 1923 1832 1987; x_wconf 69' lang='lat' dir='ltr'>Reseplc</span> <span class='ocrx_word' id='word_1_230' title='bbox 1859 1931 1905 1969; x_wconf 78' lang='lat' dir='ltr'>et</span> 
     </span>
     <span class='ocr_line' id='line_1_26' title="bbox 19 1991 1907 2062; baseline -0.004 -16"><span class='ocrx_word' id='word_1_231' title='bbox 19 2018 25 2022; x_wconf 82' lang='grc'><em>·</em></span> <span class='ocrx_word' id='word_1_232' title='bbox 95 1999 274 2061; x_wconf 76' lang='lat' dir='ltr'>Thale,</span> <span class='ocrx_word' id='word_1_233' title='bbox 311 1996 370 2044; x_wconf 87' lang='lat' dir='ltr'>de</span> <span class='ocrx_word' id='word_1_234' title='bbox 405 2015 504 2062; x_wconf 78' lang='lat' dir='ltr'>qao</span> <span class='ocrx_word' id='word_1_235' title='bbox 544 2006 700 2043; x_wconf 77' lang='lat' dir='ltr'>natus</span> <span class='ocrx_word' id='word_1_236' title='bbox 746 2004 819 2044; x_wconf 74' lang='lat' dir='ltr'>est</span> <span class='ocrx_word' id='word_1_237' title='bbox 861 1995 1066 2056; x_wconf 78' lang='lat' dir='ltr'>leaan,</span> <span class='ocrx_word' id='word_1_238' title='bbox 1117 1995 1209 2058; x_wconf 80' lang='lat' dir='ltr'>qui</span> <span class='ocrx_word' id='word_1_239' title='bbox 1242 1995 1422 2058; x_wconf 78' lang='lat' dir='ltr'>genuit</span> <span class='ocrx_word' id='word_1_240' title='bbox 1460 1991 1712 2054; x_wconf 83' lang='lat' dir='ltr'>Laadcm,</span> <span class='ocrx_word' id='word_1_241' title='bbox 1750 1993 1907 2040; x_wconf 76' lang='lat' dir='ltr'>lucius·</span> 
     </span>
     <span class='ocr_line' id='line_1_27' title="bbox 87 2061 2058 2134; baseline -0.005 -18"><span class='ocrx_word' id='word_1_242' title='bbox 87 2086 286 2134; x_wconf 79' lang='lat' dir='ltr'>quoque</span> <span class='ocrx_word' id='word_1_243' title='bbox 316 2069 470 2132; x_wconf 74' lang='lat' dir='ltr'>filius</span> <span class='ocrx_word' id='word_1_244' title='bbox 509 2066 733 2129; x_wconf 77' lang='lat' dir='ltr'>Amiud,</span> <span class='ocrx_word' id='word_1_245' title='bbox 771 2068 863 2131; x_wconf 77' lang='lat' dir='ltr'>qui</span> <span class='ocrx_word' id='word_1_246' title='bbox 896 2067 1077 2130; x_wconf 80' lang='lat' dir='ltr'>genuit</span> <span class='ocrx_word' id='word_1_247' title='bbox 1104 2065 1369 2125; x_wconf 78' lang='lat' dir='ltr'>Elis-ama,</span> <span class='ocrx_word' id='word_1_248' title='bbox 1408 2061 1468 2109; x_wconf 89' lang='lat' dir='ltr'>de</span> <span class='ocrx_word' id='word_1_249' title='bbox 1509 2080 1606 2127; x_wconf 77' lang='lat' dir='ltr'>qao</span> <span class='ocrx_word' id='word_1_250' title='bbox 1641 2072 1796 2111; x_wconf 79' lang='lat' dir='ltr'>natas</span> <span class='ocrx_word' id='word_1_251' title='bbox 1827 2071 1899 2110; x_wconf 80' lang='lat' dir='ltr'>est</span> <span class='ocrx_word' id='word_1_252' title='bbox 1927 2064 1985 2109; x_wconf 85' lang='lat' dir='ltr'>V.</span> <span class='ocrx_word' id='word_1_253' title='bbox 2001 2063 2058 2108; x_wconf 82' lang='lat'>37</span> 
     </span>
     <span class='ocr_line' id='line_1_28' title="bbox 87 2132 1905 2203; baseline -0.004 -16"><span class='ocrx_word' id='word_1_254' title='bbox 87 2141 238 2201; x_wconf 77' lang='lat' dir='ltr'>Nun,</span> <span class='ocrx_word' id='word_1_255' title='bbox 275 2140 366 2203; x_wconf 79' lang='lat' dir='ltr'>qui</span> <span class='ocrx_word' id='word_1_256' title='bbox 385 2138 752 2200; x_wconf 74' lang='lat' dir='ltr'>habuitfilium</span> <span class='ocrx_word' id='word_1_257' title='bbox 780 2138 936 2185; x_wconf 81' lang='lat' dir='ltr'>Iosue.</span> <span class='ocrx_word' id='word_1_258' title='bbox 1007 2136 1082 2183; x_wconf 90' lang='lat' dir='ltr'>En</span> <span class='ocrx_word' id='word_1_259' title='bbox 1105 2142 1162 2182; x_wconf 91' lang='lat' dir='ltr'>ut</span> <span class='ocrx_word' id='word_1_260' title='bbox 1186 2134 1329 2181; x_wconf 90' lang='lat' dir='ltr'>Iosue</span> <span class='ocrx_word' id='word_1_261' title='bbox 1359 2134 1508 2195; x_wconf 89' lang='lat' dir='ltr'>longo</span> <span class='ocrx_word' id='word_1_262' title='bbox 1534 2140 1646 2197; x_wconf 91' lang='lat' dir='ltr'>post</span> <span class='ocrx_word' id='word_1_263' title='bbox 1668 2132 1905 2198; x_wconf 87' lang='lat' dir='ltr'>Ephraim</span> 
     </span>
     <span class='ocr_line' id='line_1_29' title="bbox 87 2203 1906 2275; baseline -0.003 -19"><span class='ocrx_word' id='word_1_264' title='bbox 87 2210 278 2275; x_wconf 81' lang='lat' dir='ltr'>spatio,</span> <span class='ocrx_word' id='word_1_265' title='bbox 307 2216 421 2273; x_wconf 91' lang='lat' dir='ltr'>post</span> <span class='ocrx_word' id='word_1_266' title='bbox 457 2215 558 2255; x_wconf 88' lang='lat' dir='ltr'>tam</span> <span class='ocrx_word' id='word_1_267' title='bbox 594 2208 792 2272; x_wconf 88' lang='lat' dir='ltr'>copiose</span> <span class='ocrx_word' id='word_1_268' title='bbox 827 2212 1147 2270; x_wconf 85' lang='lat' dir='ltr'>propagatam</span> <span class='ocrx_word' id='word_1_269' title='bbox 1186 2205 1288 2250; x_wconf 90' lang='lat' dir='ltr'>eius</span> <span class='ocrx_word' id='word_1_270' title='bbox 1325 2203 1561 2266; x_wconf 86' lang='lat' dir='ltr'>stirpem,</span> <span class='ocrx_word' id='word_1_271' title='bbox 1607 2210 1665 2250; x_wconf 90' lang='lat' dir='ltr'>ut</span> <span class='ocrx_word' id='word_1_272' title='bbox 1691 2211 1906 2251; x_wconf 87' lang='lat' dir='ltr'>armatae</span> 
     </span>
     <span class='ocr_line' id='line_1_30' title="bbox 90 2272 1903 2343; baseline -0.005 -15"><span class='ocrx_word' id='word_1_273' title='bbox 90 2279 212 2328; x_wconf 87' lang='lat' dir='ltr'>aciei</span> <span class='ocrx_word' id='word_1_274' title='bbox 266 2277 634 2343; x_wconf 86' lang='lat' dir='ltr'>componendae</span> <span class='ocrx_word' id='word_1_275' title='bbox 690 2276 968 2336; x_wconf 86' lang='lat' dir='ltr'>sufficeret,</span> <span class='ocrx_word' id='word_1_276' title='bbox 1016 2282 1074 2321; x_wconf 91' lang='lat' dir='ltr'>ut</span> <span class='ocrx_word' id='word_1_277' title='bbox 1115 2274 1287 2334; x_wconf 88' lang='lat' dir='ltr'>Iosue,</span> <span class='ocrx_word' id='word_1_278' title='bbox 1323 2272 1553 2336; x_wconf 88' lang='lat' dir='ltr'>inquam,</span> <span class='ocrx_word' id='word_1_279' title='bbox 1604 2275 1806 2321; x_wconf 78' lang='lat' dir='ltr'>octavus</span> <span class='ocrx_word' id='word_1_280' title='bbox 1843 2272 1903 2320; x_wconf 87' lang='lat' dir='ltr'>ab</span> 
     </span>
     <span class='ocr_line' id='line_1_31' title="bbox 88 2342 1906 2415; baseline -0.004 -19"><span class='ocrx_word' id='word_1_281' title='bbox 88 2349 355 2415; x_wconf 85' lang='lat' dir='ltr'>Ephraim,</span> <span class='ocrx_word' id='word_1_282' title='bbox 392 2348 630 2412; x_wconf 89' lang='lat' dir='ltr'>septimus</span> <span class='ocrx_word' id='word_1_283' title='bbox 665 2364 692 2393; x_wconf 90' lang='lat' dir='ltr'>a</span> <span class='ocrx_word' id='word_1_284' title='bbox 732 2346 877 2394; x_wconf 87' lang='lat' dir='ltr'>Beria</span> <span class='ocrx_word' id='word_1_285' title='bbox 908 2350 1209 2392; x_wconf 86' lang='lat' dir='ltr'>numeratur.</span> <span class='ocrx_word' id='word_1_286' title='bbox 1280 2342 1347 2390; x_wconf 87' lang='lat' dir='ltr'>At</span> <span class='ocrx_word' id='word_1_287' title='bbox 1379 2351 1609 2389; x_wconf 78' lang='lat' dir='ltr'>mortuus</span> <span class='ocrx_word' id='word_1_288' title='bbox 1649 2351 1721 2389; x_wconf 78' lang='lat' dir='ltr'>est</span> <span class='ocrx_word' id='word_1_289' title='bbox 1759 2342 1906 2390; x_wconf 81' lang='lat' dir='ltr'>Iosue</span> 
     </span>
     <span class='ocr_line' id='line_1_32' title="bbox 77 2412 1902 2484; baseline -0.004 -18"><span class='ocrx_word' id='word_1_290' title='bbox 77 2421 243 2484; x_wconf 80' lang='lat' dir='ltr'>filius</span> <span class='ocrx_word' id='word_1_291' title='bbox 272 2420 395 2466; x_wconf 81' lang='lat' dir='ltr'>Nun</span> <span class='ocrx_word' id='word_1_292' title='bbox 418 2434 592 2463; x_wconf 79' lang='lat' dir='ltr'>servus</span> <span class='ocrx_word' id='word_1_293' title='bbox 614 2418 854 2472; x_wconf 74' lang='lat' dir='ltr'>Domini,</span> <span class='ocrx_word' id='word_1_294' title='bbox 889 2423 946 2462; x_wconf 89' lang='lat' dir='ltr'>ut</span> <span class='ocrx_word' id='word_1_295' title='bbox 967 2414 1126 2478; x_wconf 89' lang='lat' dir='ltr'>ipsius</span> <span class='ocrx_word' id='word_1_296' title='bbox 1149 2412 1233 2460; x_wconf 92' lang='lat' dir='ltr'>lib.</span> <span class='ocrx_word' id='word_1_297' title='bbox 1266 2428 1375 2476; x_wconf 81' lang='lat' dir='ltr'>cap.</span> <span class='ocrx_word' id='word_1_298' title='bbox 1401 2415 1484 2465; x_wconf 85' lang='lat'>24.</span> <span class='ocrx_word' id='word_1_299' title='bbox 1512 2428 1562 2460; x_wconf 86' lang='lat' dir='ltr'>v.</span> <span class='ocrx_word' id='word_1_300' title='bbox 1589 2415 1674 2465; x_wconf 87' lang='lat'>29.</span> <span class='ocrx_word' id='word_1_301' title='bbox 1703 2412 1902 2475; x_wconf 88' lang='lat' dir='ltr'>legitur,</span> 
     </span>
     <span class='ocr_line' id='line_1_33' title="bbox 92 2481 1907 2548; baseline -0.004 -11"><span class='ocrx_word' id='word_1_302' title='bbox 92 2498 292 2537; x_wconf 79' lang='lat' dir='ltr'>centum</span> <span class='ocrx_word' id='word_1_303' title='bbox 319 2497 365 2534; x_wconf 85' lang='lat' dir='ltr'>et</span> <span class='ocrx_word' id='word_1_304' title='bbox 387 2486 549 2534; x_wconf 83' lang='lat' dir='ltr'>decem</span> <span class='ocrx_word' id='word_1_305' title='bbox 574 2503 851 2535; x_wconf 80' lang='lat' dir='ltr'>annorum:</span> <span class='ocrx_word' id='word_1_306' title='bbox 883 2492 931 2532; x_wconf 91' lang='lat' dir='ltr'>et</span> <span class='ocrx_word' id='word_1_307' title='bbox 958 2491 1070 2548; x_wconf 89' lang='lat' dir='ltr'>post</span> <span class='ocrx_word' id='word_1_308' title='bbox 1089 2482 1237 2530; x_wconf 86' lang='lat' dir='ltr'>Mosis</span> <span class='ocrx_word' id='word_1_309' title='bbox 1263 2482 1448 2528; x_wconf 88' lang='lat' dir='ltr'>obitum</span> <span class='ocrx_word' id='word_1_310' title='bbox 1474 2481 1706 2529; x_wconf 87' lang='lat' dir='ltr'>ducatum</span> <span class='ocrx_word' id='word_1_311' title='bbox 1729 2483 1907 2547; x_wconf 89' lang='lat' dir='ltr'>populi</span> 
     </span>
     <span class='ocr_line' id='line_1_34' title="bbox 90 2551 1904 2624; baseline -0.005 -16"><span class='ocrx_word' id='word_1_312' title='bbox 90 2560 237 2624; x_wconf 84' lang='lat' dir='ltr'>gessit</span> <span class='ocrx_word' id='word_1_313' title='bbox 267 2558 384 2607; x_wconf 89' lang='lat' dir='ltr'>solis</span> <span class='ocrx_word' id='word_1_314' title='bbox 415 2556 618 2624; x_wconf 89' lang='lat' dir='ltr'>(inquit)</span> <span class='ocrx_word' id='word_1_315' title='bbox 646 2556 814 2603; x_wconf 89' lang='lat' dir='ltr'>decem</span> <span class='ocrx_word' id='word_1_316' title='bbox 838 2554 1005 2601; x_wconf 87' lang='lat' dir='ltr'>annis:</span> <span class='ocrx_word' id='word_1_317' title='bbox 1044 2569 1193 2617; x_wconf 87' lang='lat' dir='ltr'>quare</span> <span class='ocrx_word' id='word_1_318' title='bbox 1215 2568 1324 2599; x_wconf 89' lang='lat' dir='ltr'>cum</span> <span class='ocrx_word' id='word_1_319' title='bbox 1347 2551 1563 2616; x_wconf 90' lang='lat' dir='ltr'>populus</span> <span class='ocrx_word' id='word_1_320' title='bbox 1590 2568 1651 2598; x_wconf 84' lang='lat' dir='ltr'>ex</span> <span class='ocrx_word' id='word_1_321' title='bbox 1681 2553 1904 2616; x_wconf 80' lang='lat' dir='ltr'>Aegypto</span> 
     </span>
     <span class='ocr_line' id='line_1_35' title="bbox 93 2621 1906 2691; baseline -0.004 -13"><span class='ocrx_word' id='word_1_322' title='bbox 93 2631 184 2678; x_wconf 92' lang='lat' dir='ltr'>sub</span> <span class='ocrx_word' id='word_1_323' title='bbox 221 2629 373 2678; x_wconf 89' lang='lat' dir='ltr'>Mosis</span> <span class='ocrx_word' id='word_1_324' title='bbox 407 2626 636 2691; x_wconf 89' lang='lat' dir='ltr'>auspiciis</span> <span class='ocrx_word' id='word_1_325' title='bbox 676 2642 890 2690; x_wconf 88' lang='lat' dir='ltr'>egressus</span> <span class='ocrx_word' id='word_1_326' title='bbox 924 2630 1019 2685; x_wconf 88' lang='lat' dir='ltr'>est,</span> <span class='ocrx_word' id='word_1_327' title='bbox 1057 2624 1196 2670; x_wconf 86' lang='lat' dir='ltr'>losue</span> <span class='ocrx_word' id='word_1_328' title='bbox 1231 2621 1328 2668; x_wconf 88' lang='lat' dir='ltr'>fuit</span> <span class='ocrx_word' id='word_1_329' title='bbox 1363 2637 1606 2669; x_wconf 89' lang='lat' dir='ltr'>annorum</span> <span class='ocrx_word' id='word_1_330' title='bbox 1633 2626 1715 2675; x_wconf 90' lang='lat'>60.</span> <span class='ocrx_word' id='word_1_331' title='bbox 1747 2639 1774 2668; x_wconf 90' lang='lat' dir='ltr'>a</span> <span class='ocrx_word' id='word_1_332' title='bbox 1810 2623 1906 2670; x_wconf 91' lang='lat' dir='ltr'>Be-</span> 
     </span>
     <span class='ocr_line' id='line_1_36' title="bbox 91 2691 1907 2760; baseline -0.004 -11"><span class='ocrx_word' id='word_1_333' title='bbox 91 2701 195 2750; x_wconf 85' lang='lat' dir='ltr'>riae</span> <span class='ocrx_word' id='word_1_334' title='bbox 229 2716 345 2748; x_wconf 90' lang='lat' dir='ltr'>vero</span> <span class='ocrx_word' id='word_1_335' title='bbox 383 2698 539 2745; x_wconf 82' lang='lat' dir='ltr'>natali</span> <span class='ocrx_word' id='word_1_336' title='bbox 573 2696 676 2757; x_wconf 88' lang='lat' dir='ltr'>die,</span> <span class='ocrx_word' id='word_1_337' title='bbox 711 2696 797 2760; x_wconf 88' lang='lat' dir='ltr'>qui</span> <span class='ocrx_word' id='word_1_338' title='bbox 833 2694 928 2742; x_wconf 86' lang='lat' dir='ltr'>fuit</span> <span class='ocrx_word' id='word_1_339' title='bbox 963 2701 1075 2758; x_wconf 88' lang='lat' dir='ltr'>post</span> <span class='ocrx_word' id='word_1_340' title='bbox 1110 2692 1257 2740; x_wconf 89' lang='lat' dir='ltr'>Iacob</span> <span class='ocrx_word' id='word_1_341' title='bbox 1295 2699 1504 2739; x_wconf 89' lang='lat' dir='ltr'>mortem</span> <span class='ocrx_word' id='word_1_342' title='bbox 1546 2708 1674 2739; x_wconf 90' lang='lat' dir='ltr'>anno</span> <span class='ocrx_word' id='word_1_343' title='bbox 1707 2691 1907 2741; x_wconf 89' lang='lat' dir='ltr'>circiter</span> 
     </span>
     <span class='ocr_line' id='line_1_37' title="bbox 94 2761 1902 2835; baseline -0.004 -17"><span class='ocrx_word' id='word_1_344' title='bbox 94 2769 497 2835; x_wconf 85' lang='lat' dir='ltr'>quinquagesimo</span> <span class='ocrx_word' id='word_1_345' title='bbox 525 2767 588 2814; x_wconf 89' lang='lat' dir='ltr'>ad</span> <span class='ocrx_word' id='word_1_346' title='bbox 612 2766 756 2814; x_wconf 83' lang='lat' dir='ltr'>losue</span> <span class='ocrx_word' id='word_1_347' title='bbox 778 2764 1079 2813; x_wconf 89' lang='lat' dir='ltr'>incunabula</span> <span class='ocrx_word' id='word_1_348' title='bbox 1113 2780 1216 2811; x_wconf 92' lang='lat' dir='ltr'>non</span> <span class='ocrx_word' id='word_1_349' title='bbox 1243 2770 1450 2827; x_wconf 86' lang='lat' dir='ltr'>possunt</span> <span class='ocrx_word' id='word_1_350' title='bbox 1476 2761 1593 2809; x_wconf 89' lang='lat' dir='ltr'>anni</span> <span class='ocrx_word' id='word_1_351' title='bbox 1623 2763 1794 2827; x_wconf 89' lang='lat' dir='ltr'>plures</span> <span class='ocrx_word' id='word_1_352' title='bbox 1819 2767 1902 2817; x_wconf 88' lang='lat'>90.</span> 
     </span>
     <span class='ocr_line' id='line_1_38' title="bbox 92 2832 1905 2903; baseline -0.005 -15"><span class='ocrx_word' id='word_1_353' title='bbox 92 2841 417 2900; x_wconf 87' lang='lat' dir='ltr'>intercedere;</span> <span class='ocrx_word' id='word_1_354' title='bbox 457 2837 541 2903; x_wconf 91' lang='lat' dir='ltr'>qui</span> <span class='ocrx_word' id='word_1_355' title='bbox 561 2837 604 2884; x_wconf 89' lang='lat' dir='ltr'>si</span> <span class='ocrx_word' id='word_1_356' title='bbox 628 2837 854 2902; x_wconf 89' lang='lat' dir='ltr'>praecoci</span> <span class='ocrx_word' id='word_1_357' title='bbox 879 2835 1086 2899; x_wconf 88' lang='lat' dir='ltr'>quadam</span> <span class='ocrx_word' id='word_1_358' title='bbox 1112 2832 1446 2882; x_wconf 86' lang='lat' dir='ltr'>foecunditate</span> <span class='ocrx_word' id='word_1_359' title='bbox 1470 2839 1662 2897; x_wconf 87' lang='lat' dir='ltr'>septem</span> <span class='ocrx_word' id='word_1_360' title='bbox 1686 2840 1768 2880; x_wconf 89' lang='lat' dir='ltr'>aut</span> <span class='ocrx_word' id='word_1_361' title='bbox 1793 2840 1905 2880; x_wconf 89' lang='lat' dir='ltr'>octo</span> 
     </span>
     <span class='ocr_line' id='line_1_39' title="bbox 94 2902 1906 2975; baseline -0.005 -16"><span class='ocrx_word' id='word_1_362' title='bbox 94 2910 484 2975; x_wconf 84' lang='lat' dir='ltr'>generationibus</span> <span class='ocrx_word' id='word_1_363' title='bbox 509 2908 815 2967; x_wconf 88' lang='lat' dir='ltr'>tribuantur,</span> <span class='ocrx_word' id='word_1_364' title='bbox 853 2906 1075 2969; x_wconf 87' lang='lat' dir='ltr'>singulos</span> <span class='ocrx_word' id='word_1_365' title='bbox 1097 2904 1237 2951; x_wconf 91' lang='lat' dir='ltr'>Iosue</span> <span class='ocrx_word' id='word_1_366' title='bbox 1268 2902 1477 2962; x_wconf 83' lang='lat' dir='ltr'>maiores</span> <span class='ocrx_word' id='word_1_367' title='bbox 1503 2903 1789 2950; x_wconf 88' lang='lat' dir='ltr'>duodecimo</span> <span class='ocrx_word' id='word_1_368' title='bbox 1814 2903 1906 2950; x_wconf 87' lang='lat' dir='ltr'>cir-</span> 
     </span>
     <span class='ocr_line' id='line_1_40' title="bbox 96 2974 1904 3042; baseline -0.005 -14"><span class='ocrx_word' id='word_1_369' title='bbox 96 2983 218 3029; x_wconf 84' lang='lat' dir='ltr'>citer</span> <span class='ocrx_word' id='word_1_370' title='bbox 251 2998 377 3028; x_wconf 89' lang='lat' dir='ltr'>anno</span> <span class='ocrx_word' id='word_1_371' title='bbox 426 2979 606 3026; x_wconf 90' lang='lat' dir='ltr'>liberos</span> <span class='ocrx_word' id='word_1_372' title='bbox 647 2994 935 3042; x_wconf 91' lang='lat' dir='ltr'>procreasse</span> <span class='ocrx_word' id='word_1_373' title='bbox 964 2974 1412 3041; x_wconf 82' lang='lat' dir='ltr'>deprehendemus:</span> <span class='ocrx_word' id='word_1_374' title='bbox 1451 2980 1553 3021; x_wconf 87' lang='lat' dir='ltr'>tam</span> <span class='ocrx_word' id='word_1_375' title='bbox 1590 2981 1904 3038; x_wconf 86' lang='lat' dir='ltr'>portentosas</span> 
     </span>
     <span class='ocr_line' id='line_1_41' title="bbox 99 3042 1903 3112; baseline -0.006 -13"><span class='ocrx_word' id='word_1_376' title='bbox 99 3059 263 3101; x_wconf 89' lang='lat' dir='ltr'>autem</span> <span class='ocrx_word' id='word_1_377' title='bbox 302 3050 557 3098; x_wconf 86' lang='lat' dir='ltr'>hominum</span> <span class='ocrx_word' id='word_1_378' title='bbox 593 3048 928 3112; x_wconf 86' lang='lat' dir='ltr'>generationes</span> <span class='ocrx_word' id='word_1_379' title='bbox 968 3046 1076 3112; x_wconf 89' lang='lat' dir='ltr'>quis</span> <span class='ocrx_word' id='word_1_380' title='bbox 1116 3044 1316 3110; x_wconf 90' lang='lat' dir='ltr'>probet,</span> <span class='ocrx_word' id='word_1_381' title='bbox 1353 3043 1450 3091; x_wconf 91' lang='lat' dir='ltr'>nisi</span> <span class='ocrx_word' id='word_1_382' title='bbox 1483 3042 1569 3108; x_wconf 87' lang='lat' dir='ltr'>qui</span> <span class='ocrx_word' id='word_1_383' title='bbox 1594 3043 1781 3091; x_wconf 87' lang='lat' dir='ltr'>fabulas</span> <span class='ocrx_word' id='word_1_384' title='bbox 1815 3059 1903 3089; x_wconf 92' lang='lat' dir='ltr'>sua</span> 
     </span>
     <span class='ocr_line' id='line_1_42' title="bbox 98 3112 1903 3178; baseline -0.006 -10"><span class='ocrx_word' id='word_1_385' title='bbox 98 3120 390 3169; x_wconf 82' lang='lat' dir='ltr'>credulitate</span> <span class='ocrx_word' id='word_1_386' title='bbox 415 3126 606 3166; x_wconf 88' lang='lat' dir='ltr'>censeat</span> <span class='ocrx_word' id='word_1_387' title='bbox 630 3118 883 3178; x_wconf 75' lang='lat' dir='ltr'>emendas,</span> <span class='ocrx_word' id='word_1_388' title='bbox 919 3117 1109 3165; x_wconf 89' lang='lat' dir='ltr'>easdem</span> <span class='ocrx_word' id='word_1_389' title='bbox 1137 3132 1252 3163; x_wconf 91' lang='lat' dir='ltr'>cum</span> <span class='ocrx_word' id='word_1_390' title='bbox 1275 3113 1531 3162; x_wconf 87' lang='lat' dir='ltr'>derisionis</span> <span class='ocrx_word' id='word_1_391' title='bbox 1550 3113 1773 3177; x_wconf 85' lang='lat' dir='ltr'>periculo</span> <span class='ocrx_word' id='word_1_392' title='bbox 1797 3112 1903 3159; x_wconf 86' lang='lat' dir='ltr'>aliis</span> 
     </span>
     <span class='ocr_line' id='line_1_43' title="bbox 99 3180 1902 3252; baseline -0.008 -12"><span class='ocrx_word' id='word_1_393' title='bbox 99 3191 276 3240; x_wconf 90' lang='lat' dir='ltr'>deinde</span> <span class='ocrx_word' id='word_1_394' title='bbox 298 3188 689 3238; x_wconf 66' lang='lat' dir='ltr'>distributurus?</span> <span class='ocrx_word' id='word_1_395' title='bbox 725 3188 979 3252; x_wconf 89' lang='lat' dir='ltr'>Negotium</span> <span class='ocrx_word' id='word_1_396' title='bbox 1013 3187 1267 3252; x_wconf 82' lang='lat' dir='ltr'>praeberet</span> <span class='ocrx_word' id='word_1_397' title='bbox 1306 3184 1495 3232; x_wconf 84' lang='lat' dir='ltr'>obiecta</span> <span class='ocrx_word' id='word_1_398' title='bbox 1529 3183 1820 3242; x_wconf 84' lang='lat' dir='ltr'>difficultas,</span> <span class='ocrx_word' id='word_1_399' title='bbox 1860 3180 1902 3227; x_wconf 91' lang='lat' dir='ltr'>si</span> 
     </span>
     <span class='ocr_line' id='line_1_44' title="bbox 99 3254 1900 3325; baseline -0.007 -16"><span class='ocrx_word' id='word_1_400' title='bbox 99 3279 222 3325; x_wconf 87' lang='lat' dir='ltr'>quos</span> <span class='ocrx_word' id='word_1_401' title='bbox 247 3261 406 3309; x_wconf 84' lang='lat' dir='ltr'>citatis</span> <span class='ocrx_word' id='word_1_402' title='bbox 439 3259 602 3308; x_wconf 84' lang='lat' dir='ltr'>verbis</span> <span class='ocrx_word' id='word_1_403' title='bbox 630 3266 882 3307; x_wconf 87' lang='lat' dir='ltr'>enumerat</span> <span class='ocrx_word' id='word_1_404' title='bbox 910 3257 1164 3323; x_wconf 86' lang='lat' dir='ltr'>Scriptura</span> <span class='ocrx_word' id='word_1_405' title='bbox 1200 3261 1516 3304; x_wconf 86' lang='lat' dir='ltr'>concatenata</span> <span class='ocrx_word' id='word_1_406' title='bbox 1546 3254 1694 3313; x_wconf 87' lang='lat' dir='ltr'>serie,</span> <span class='ocrx_word' id='word_1_407' title='bbox 1732 3260 1779 3298; x_wconf 91' lang='lat' dir='ltr'>et</span> <span class='ocrx_word' id='word_1_408' title='bbox 1814 3266 1900 3297; x_wconf 90' lang='lat' dir='ltr'>or-</span> 
     </span>
     <span class='ocr_line' id='line_1_45' title="bbox 100 3320 1898 3394; baseline -0.008 -14"><span class='ocrx_word' id='word_1_409' title='bbox 100 3333 218 3380; x_wconf 83' lang='lat' dir='ltr'>dine</span> <span class='ocrx_word' id='word_1_410' title='bbox 261 3331 497 3379; x_wconf 87' lang='lat' dir='ltr'>continuo</span> <span class='ocrx_word' id='word_1_411' title='bbox 537 3329 628 3377; x_wconf 88' lang='lat' dir='ltr'>sibi</span> <span class='ocrx_word' id='word_1_412' title='bbox 663 3336 1016 3394; x_wconf 89' lang='lat' dir='ltr'>consequenter</span> <span class='ocrx_word' id='word_1_413' title='bbox 1050 3327 1348 3387; x_wconf 86' lang='lat' dir='ltr'>adhaesisse,</span> <span class='ocrx_word' id='word_1_414' title='bbox 1381 3332 1428 3372; x_wconf 92' lang='lat' dir='ltr'>et</span> <span class='ocrx_word' id='word_1_415' title='bbox 1457 3340 1610 3371; x_wconf 88' lang='lat' dir='ltr'>unum</span> <span class='ocrx_word' id='word_1_416' title='bbox 1640 3328 1754 3385; x_wconf 87' lang='lat' dir='ltr'>post</span> <span class='ocrx_word' id='word_1_417' title='bbox 1779 3320 1898 3367; x_wconf 89' lang='lat' dir='ltr'>alte-</span> 
     </span>
     <span class='ocr_line' id='line_1_46' title="bbox 100 3389 1900 3462; baseline -0.008 -12"><span class='ocrx_word' id='word_1_418' title='bbox 100 3418 212 3451; x_wconf 91' lang='lat' dir='ltr'>rum</span> <span class='ocrx_word' id='word_1_419' title='bbox 239 3402 292 3449; x_wconf 90' lang='lat' dir='ltr'>in</span> <span class='ocrx_word' id='word_1_420' title='bbox 323 3403 480 3448; x_wconf 89' lang='lat' dir='ltr'>lucem</span> <span class='ocrx_word' id='word_1_421' title='bbox 516 3399 707 3447; x_wconf 86' lang='lat' dir='ltr'>venisse</span> <span class='ocrx_word' id='word_1_422' title='bbox 741 3400 1121 3448; x_wconf 85' lang='lat' dir='ltr'>demonstraret:</span> <span class='ocrx_word' id='word_1_423' title='bbox 1160 3405 1212 3451; x_wconf 80' lang='lat' dir='ltr'>at</span> <span class='ocrx_word' id='word_1_424' title='bbox 1248 3397 1358 3462; x_wconf 91' lang='lat' dir='ltr'>quis</span> <span class='ocrx_word' id='word_1_425' title='bbox 1390 3411 1492 3442; x_wconf 89' lang='lat' dir='ltr'>non</span> <span class='ocrx_word' id='word_1_426' title='bbox 1528 3391 1694 3438; x_wconf 86' lang='lat' dir='ltr'>credat</span> <span class='ocrx_word' id='word_1_427' title='bbox 1729 3389 1900 3454; x_wconf 90' lang='lat' dir='ltr'>plures</span> 
     </span>
     <span class='ocr_line' id='line_1_47' title="bbox 103 3458 1904 3537; baseline -0.007 -17"><span class='ocrx_word' id='word_1_428' title='bbox 103 3487 167 3520; x_wconf 81' lang='lat' dir='ltr'>ex</span> <span class='ocrx_word' id='word_1_429' title='bbox 191 3472 260 3520; x_wconf 89' lang='lat' dir='ltr'>eis</span> <span class='ocrx_word' id='word_1_430' title='bbox 298 3486 510 3537; x_wconf 88' lang='lat' dir='ltr'>quorum</span> <span class='ocrx_word' id='word_1_431' title='bbox 541 3468 624 3517; x_wconf 89' lang='lat' dir='ltr'>hic</span> <span class='ocrx_word' id='word_1_432' title='bbox 658 3468 900 3519; x_wconf 87' lang='lat' dir='ltr'>habentur</span> <span class='ocrx_word' id='word_1_433' title='bbox 931 3469 1132 3517; x_wconf 89' lang='lat' dir='ltr'>nomina</span> <span class='ocrx_word' id='word_1_434' title='bbox 1155 3469 1332 3517; x_wconf 83' lang='lat' dir='ltr'>fratres</span> <span class='ocrx_word' id='word_1_435' title='bbox 1358 3466 1421 3513; x_wconf 84' lang='lat' dir='ltr'>ad</span> <span class='ocrx_word' id='word_1_436' title='bbox 1444 3463 1684 3523; x_wconf 88' lang='lat' dir='ltr'>invicem,</span> <span class='ocrx_word' id='word_1_437' title='bbox 1720 3466 1769 3509; x_wconf 90' lang='lat' dir='ltr'>et</span> <span class='ocrx_word' id='word_1_438' title='bbox 1793 3458 1904 3526; x_wconf 88' lang='lat' dir='ltr'>pari</span> 
     </span>
    </p>
   </div>
  </div>
 </body>
</html>
