2222 3938
329 168 455 231 450
943 178 1525 239 EMENDATIONES

331 311 491 378 ipsius
519 312 740 362 fratrem.
812 309 860 364 4.
900 308 1124 358 Scribere
1154 307 1440 358 Africanum
1474 310 1782 376 septuaginta
1808 309 1922 360 illos
1951 312 2010 360 (le
2038 313 2162 378 qui-

327 384 421 432 bus
445 401 551 448 cap.
585 388 635 437 9.
662 399 712 431 v.
738 381 967 442 2.111ί“1·ει,
1005 396 1108 428 esse
1147 379 1280 427 filios
1315 381 1598 443 lei-obaalis,
1634 382 1878 430 Ionathan
1910 401 2059 443 vero,
2101 384 2162 431 de

329 472 424 518 quo
447 454 633 502 ibidem
657 452 820 499 filium
843 451 1118 499 Gedeonis:
1159 451 1283 498 Nam
1303 450 1389 498 ubi
1411 452 1510 499 hoc
1532 452 1796 500 Africanus
1811 453 1835 500 ‘2
1875 453 1970 513 Qui
1997 462 2164 501 tamen

169 525 223 573 V.
246 523 304 571 42
333 525 526 573 etiamsi
553 523 651 572 hoc
676 522 892 583 diceret,
931 540 958 568 a
988 521 1248 585 Scriptura
1274 529 1407 568 certe
1438 522 1700 572 aberraret.
1774 524 1910 571 Haec
1940 525 2165 572 Serarius

329 614 356 644 a
393 594 643 657 Scaligero
683 592 1016 640 errantissime
1047 592 1247 640 ductus.
1319 592 1435 641 Tria
1474 593 1711 658 siquidem
1739 611 1802 642 ex
1826 595 1924 642 illis
1966 595 2164 643 assertis

329 666 680 731 qualicumque
715 664 866 711 modo
912 662 1124 726 Georgio
1159 662 1380 727 ascripta
1414 664 1652 728 Georgius
1676 665 1814 713 haud
1850 673 2041 727 certus,
2078 665 2165 713 sed

328 736 590 796 dubitans,
629 741 680 781 et
717 734 841 782 alios
885 741 1123 797 sequutus
1162 734 1395 798 protulit.
1470 737 1612 785 δοκεῖ
1631 755 1739 796 πως
1775 733 1970 802 ἄπορον
2004 732 2163 786 sivan:

326 806 503 870 inquit.
553 805 768 853 Dubium
797 804 903 870 ipsa
930 805 1188 869 Scriptura
1213 804 1456 853 sollicitat
1480 806 1587 854 [ud.
1613 823 1723 872 cap.
1751 810 1799 860 8.
1828 806 1889 854 de
1916 806 2166 855 Ierobaale

327 894 378 927 v.
403 879 492 930 30.
518 883 568 923 et
594 893 696 941 seq.
724 875 865 941 quasi
897 876 956 923 de
980 876 1212 939 quopiam
1238 893 1264 921 a
1293 875 1553 938 Gedeone⁷
1592 876 1652 924 de
1678 894 1777 943 quo
1809 893 1859 926 v.
1881 880 1966 930 32.
1995 878 2166 925 eodem

325 955 495 995 tamen
529 955 674 1012 patre
710 955 854 1007 nato,
910 947 1110 1011 penitus
1145 945 1379 993 distincto
1415 947 1640 1011 loquuta.
1712 947 1839 1007 Quis
1875 955 2031 1010 erret,
2081 955 2166 995 aut

327 1018 507 1066 deliret
532 1018 588 1064 in
613 1018 742 1066 iusta
770 1017 911 1065 dubii
946 1034 1091 1064 causa
1128 1016 1396 1065 subsistens
1430 1016 1699 1068 incertus?
1744 1018 2012 1066 Africanus
2046 1026 2166 1066 tan-

326 1090 440 1138 dem
470 1087 562 1138 vix
590 1088 818 1153 scripsit,
868 1087 1006 1151 quod
1041 1087 1259 1150 imponit
1295 1088 1546 1150 Serarius‚
1583 1089 1667 1136 vel
1699 1089 1837 1152 quod.
1875 1089 2167 1136 Africanum

297 1160 517 1208 =dixisse
544 1159 789 1223 Georgius
815 1175 843 1205 a
877 1156 1070 1205 Serario
1108 1165 1387 1222 reputatur.
1447 1153 1743 1225 Ἀφρικανὸς
1779 1156 1834 1209 δὲ
1875 1179 1994 1218 τους
2026 1159 2166 1224 Ἱερο-

326 1227 461 1296 βααλ
502 1224 689 1289 αὐτούς
719 1227 849 1296 λέγει
885 1224 1093 1288 πάντας.
1165 1229 1232 1275 At
1270 1245 1386 1275 cum
1417 1227 1551 1276 idem
1590 1229 1792 1277 Gedeon
1814 1229 1900 1294 qui
1924 1230 2165 1292 Ierobaal,

324 1317 495 1349 nonne
520 1300 671 1349 iidem
695 1299 791 1347 filii
816 1298 1089 1358 Gedeonis‚
1128 1297 1215 1361 qui
1237 1298 1502 1346 Ierobaalis
1519 1299 1544 1346 ‘2

467 1372 583 1434 Pag.
613 1374 731 1424 160.
764 1365 1033 1435 Ἐφεχερής
1057 1367 1140 1433 ἔτη
1163 1363 1241 1434 νβ’
1246 1368 1278 1432 .]
1316 1368 1628 1433 Ephecheres
1654 1386 1864 1433 regnum
1887 1370 2010 1418 adiit
2034 1387 2165 1418 anno

327 1442 482 1496 4566.
509 1443 612 1491 vita
636 1442 840 1488 functus
864 1439 1071 1504 reliquit
1095 1456 1227 1486 anno
1263 1439 1419 1492 4618.
1457 1457 1555 1504 quo
1589 1440 1829 1488 successit
1861 1441 2164 1504 Acragaues:

326 1513 491 1560 tenuit
512 1512 682 1575 itaque
707 1512 791 1565 52.
815 1509 1022 1558 Latinus
1049 1509 1290 1557 Eusebius
1312 1510 1488 1560 scribit
1514 1512 1600 1564 50.
1630 1511 1695 1559 ad
1723 1528 1912 1560 annum
1941 1512 2167 1561 Abrahae

329 1587 484 1637 1086.
511 1590 561 1630 et
588 1581 926 1649 Oplnatanem
947 1587 1113 1630 vocat.

452 1650 578 1719 ”Ετη
602 1650 644 1703 δ’
646 1653 680 1718 .]
721 1652 940 1715 Scaliger
965 1660 1050 1699 aut
1070 1650 1434 1716 Typographus
1462 1647 1532 1703 ιε’.
1558 1669 1730 1718 prave.

471 1723 712 1802 Κῆρτος’
697 1722 778 1788 ε’τη
804 1742 836 1773 κ
835 1718 884 1787 '.]
922 1723 1014 1770 Ille
1038 1717 1120 1787 ιβ’
1154 1723 1364 1785 Regium
1387 1717 1466 1781 ις’.
1506 1724 1777 1789 Utriusque
1807 1740 2027 1772 errorem
2060 1686 2168 1772 tol-

326 1794 390 1842 lit
413 1794 686 1842 correctior
711 1810 951 1841 numerus
974 1798 1056 1846 20.

469 1867 740 1929 Μυκηνῶν
774 1862 861 1914 καὶ
887 1858 1155 1943 ᾎργείων]
1202 1865 1305 1927 Τῆς
1338 1856 1572 1930 Ἀργείων
1605 1858 1762 1930 αρχῆς
1802 1864 1874 1924 εἷς
1906 1858 2167 1930 Μυκήνας

326 1935 706 2001 μετατεθείσηςτ
744 1934 947 2022 scripsit
969 1935 1197 2017 superius
1225 1932 1423 1981 Author
1449 1936 1507 1982 ad
1535 1951 1646 1999 pag.
1680 1935 1796 1989 125.
1820 1936 1879 1982 Α.
2212 1932 2216 1949 ’

469 2006 585 2068 Pag.
629 2009 747 2059 161.
794 2002 865 2054 To?
893 1999 1134 2071 λεγόμενα
1167 1998 1452 2069 μυστήρια]
1491 2006 1562 2051 De
1590 2005 1770 2068 quibus
1804 2006 2028 2053 Clemens
2054 2004 2167 2053 Ale-

327 2075 631 2138 xandrinus,
669 2082 718 2123 et
742 2091 880 2124 exeo
906 2075 1151 2124 Eusebius
1178 2074 1238 2122 de
1263 2075 1494 2140 Praepar.
1517 2075 1703 2140 Evang.
1726 2076 1814 2126 lib.
1837 2082 1888 2130 2.
1917 2093 2024 2142 cap.
2042 2079 2091 2129 3.
2116 2083 2167 2125 et

324 2146 414 2198 lib.
452 2149 503 2200 3.
547 2163 657 2210 cap.
698 2149 782 2200 12.

337 2234 339 2237 ’
468 2211 826 2282 Εὐμολπίδαι]
866 2217 1131 2264 Sacrorum
1152 2214 1524 2263 Eleusiniorum
1547 2221 1738 2280 mystae
1762 2223 1811 2264 et
1840 2215 2045 2266 aeditui.

476 2282 655 2347 Τιτυὸς
677 2282 995 2353 συνεχρόνισε
1029 2283 1297 2356 Ταντάλῳ]
1335 2287 1415 2334 Ex
1456 2287 1707 2335 Clemente
1737 2286 2078 2335 Alexandrum
2102 2286 2167 2337 ad

325 2356 536 2408 verbum
559 2374 792 2423 expressa
814 2358 905 2405 lib.
930 2358 1182 2410 1.⁴Strom.

468 2428 696 2494 Δίδυμος
718 2427 805 2479 καὶ
836 2426 1140 2494 Φανοκλῆς]
1178 2429 1398 2492 Uterque
1426 2446 1452 2475 a
1478 2428 1728 2475 Clemente
1746 2426 2088 2477 Alexandrino
2115 2435 2167 2478 et

322 2496 537 2547 Eusebio
581 2499 635 2546 in
674 2498 923 2547 Chronico
961 2499 1265 2548 celebratus:
1313 2499 1400 2546 ille
1440 2499 1830 2561 Grammaticus,
1879 2498 1965 2547 hic
2001 2501 2164 2548 Poeta.

167 2568 218 2612 P.
245 2565 302 2614 46
331 2569 506 2617 Plures
529 2569 689 2634 priori
716 2570 917 2617 nomine
949 2570 1308 2618 Grammaticos
1342 2570 1539 2618 eosdem
1563 2569 1835 2634 Aegyptios
1870 2569 2019 2617 habet
2046 2570 2165 2617 Sui-

329 2639 432 2701 daS,
457 2647 507 2687 et
531 2640 734 2705 Didymi
761 2644 1088 2691 συντακτικοῦ
1115 2641 1327 2704 elogium
1350 2640 1557 2690 Vossius
1580 2641 1639 2688 de
1664 2639 1928 2688 Historicis
1945 2641 2165 2692 Graecis.

470 2712 582 2774 Pag-
623 2715 739 2765 162
759 2708 857 2770 Ὥς
887 2726 1014 2775 φησι
1038 2707 1338 2779 Δήχαρνος.]
1396 2712 1602 2777 Repone
1639 2728 1700 2759 ex
1736 2709 1949 2759 Eusebio
1982 2710 2162 2760 Latino

327 2778 392 2830 ad
423 2798 608 2828 annum
630 2781 854 2829 Abrahae
875 2785 998 2835 713.
1024 2784 1312 2850 Δείναρχος.

470 2852 583 2914 Pag
624 2855 739 2904 163.
776 2849 855 2914 Ἐξ
891 2850 1078 2920 ἄντρου
1112 2852 1169 2903 ἐν
1211 2854 1317 2922 ἰδία
1357 2849 1701 2919 ἕννεατηρίδι]
1751 2849 1913 2899 Minos
1952 2851 2162 2899 Creten-

329 2922 458 2969 sium
497 2938 590 2969 rex
628 2939 763 2970 nono
801 2940 997 2988 quoque
1040 2940 1170 2971 anno
1207 2924 1263 2970 in
1301 2924 1578 2988 praealtum
1617 2928 1666 2968 et
1700 2927 1895 2969 vetusta
1922 2922 2162 2986 religione

329 2999 673 3040 consecratum
697 3009 873 3056 specus
912 2994 1161 3056 secedere,
1198 2993 1406 3058 scriptas
1436 2994 1565 3055 leges
1590 2999 1830 3056 tanquam
1854 3009 1883 3039 a
1907 2992 2026 3043 Iove
2051 3001 2161 3042 tra—

328 3062 457 3111 ditas
455 3064 819 3151 “praerogabat
889 3063 1117 3114 Valerius
1143 3064 1390 3112 Maximus
1419 3080 1482 3111 ex
1484 3029 1758 3112 Strabone.

455 3130 617 3199 ‘'OweQ
642 3131 673 3183 ὅ
695 3129 962 3184 Πλατων’
940 3155 994 3186 εν
1015 3139 1120 3194 τοῖς
1145 3128 1323 3198 νόμοις
1347 3131 1564 3218 ἕλε’γχει.]
1589 3133 1646 3181 111
1672 3132 1879 3197 Dialogo
1899 3150 1982 3181 cul
1968 3132 2160 3182 Minos

330 3221 529 3256 nomen.
602 3198 657 3254 τὸ
684 3200 789 3269 γὰρ
813 3202 969 3264 Διος’
955 3201 1075 3256 όντα
1095 3205 1280 3266 παῖδα,
1317 3198 1471 3289 μόνον
1493 3200 1596 3254 υπὸ
1629 3201 1753 3264 Διός
1786 3205 2158 3256 πεπαιδεῦσθαι

330 3270 428 3327 οὐκ
450 3275 548 3342 ε’χει
572 3270 858 3362 υπερβολὴν
881 3274 1104 3325 ἐπαίνου.
1140 3277 1286 3325 τοῦτο
1308 3293 1403 3341 γαρ
1430 3275 1661 3359 σημαίνει
1682 3272 1740 3326 τό
1764 3273 1906 3337 ἔπος,
1940 3270 2016 3326 τό.

598 3340 867 3411 Ἐννέωρος
903 3346 1132 3410 βασίλευε
1172 3341 1294 3404 Διὸς
1330 3340 1546 3412 μεγάλου
1583 3339 1832 3412 ὀαριστής.

329 3412 695 3480 συνουσιαστὴν
723 3419 816 3466 τοῦ
851 3412 977 3476 Διος
1013 3411 1142 3466 εἶναι
1175 3412 1260 3466 τὸν
1284 3416 1564 3467 Μίνω.οἷ
1581 3435 1673 3484 γαρ
1695 3414 1837 3482 όαροι
1863 3409 2020 3503 λόγοι
2039 3413 2150 3466 εἰσί.

326 3485 412 3537 καὶ
445 3481 703 3554 ὀαριστής,
742 3481 1104 3554 συνουσιαστής
1126 3485 1258 3538 ἔστιν
1292 3485 1347 3539 ἐν
1384 3491 1488 3548 τοῖς
1517 3482 1707 3554 λόγοις·
1746 3486 1922 3551 ἐφοίτα
1955 3505 2049 3539 ουν
2077 3481 2151 3537 δι’
