2112 3854
723 167 1221 228 DISSERTATIO.
1807 163 1891 222 49

1 351 3 353 .
68 304 131 354 <le
165 302 409 351 salvatore
439 306 547 348 acta
570 307 735 361 erant,
773 306 822 347 et
854 298 916 348 de
945 299 1171 350 doctrina
1200 299 1592 352 Christianorum
1608 298 1712 366 29),
1753 318 1893 351 amo·
1929 362 1936 366 ¹

67 390 172 424 rem
206 371 323 420 fidei
358 371 570 436 aliquem
603 371 655 418 in
692 371 892 418 Caesare
926 374 1195 437 excitasse,
1245 372 1594 436 Tiberiumque
1622 372 1681 419 de
1715 371 1812 421 fide
1837 373 1893 421 in
1931 367 1937 370 ’

35 443 38 445 Δ
69 442 322 492 Christum
357 441 581 489 habenda
618 441 683 489 acl
717 442 951 488 Senatum
988 444 1234 494 retulisse.
1320 443 1486 503 Quum
1523 459 1640 491 vero
1684 445 1892 492 Senatus

53 531 169 565 rem
196 530 298 560 non
323 512 634 577 probaverit,
671 511 793 575 quin
820 510 920 558 imo
946 513 1206 562 stultitiam
1244 514 1563 579 praeconium
1591 514 1753 560 crucis
1791 531 1894 562 esse

67 584 333 634 arbitratus
362 583 450 644 sit,
486 583 646 646 ipsam
670 581 1061 630 Christianorum
1087 592 1467 648 persequutores
1489 589 1648 631 morte
1670 583 1894 648 plecten-

54 656 156 719 Vdos
179 671 279 702 esse
304 653 594 701 sententiam
619 651 754 700 tulit.
788 677 859 689 --
893 652 1165 701 Auctorem
1191 654 1341 702 huius
1379 654 1662 702 traditionis
1702 656 1893 702 Tertul—

66 727 265 774 lianum
298 723 537 787 Georgius
562 729 739 783 vocat,
774 739 888 769 nam
913 723 1204 771 Tertulliani
1235 724 1474 789 Apologia
1500 725 1654 772 latine
1692 725 1894 789 quidem

67 795 372 859 conscripta,
422 801 590 857 postea
620 792 674 839 in
703 793 942 840 Graecum
986 810 1258 842 sermonem
1292 796 1529 843 translata
1562 802 1682 844 erat.
1754 796 1894 843 Atta-

54 883 180 915 men
214 865 372 930 ipsam
397 862 690 912 Tertulliani
727 864 1014 928 Apologiam
1053 864 1290 928 Georgius
1327 866 1499 928 legisse
1534 882 1635 912 non
1663 865 1892 913 videtur:

67 936 263 997 omnia,
301 950 425 999 quae
451 941 501 981 et
538 932 635 981 hoc
670 934 782 980 loco
821 942 870 980 et
900 950 1008 997 pag.
1035 934 1157 987 340.
1199 935 1250 986 C,
1289 935 1374 997 D.‚
1413 937 1532 987 341.
1565 936 1621 982 A.
1647 936 1731 997 B.‚
1773 936 1892 989 346.
1942 934 1952 945 ’

66 1007 124 1055 D.
136 1044 151 1069 ‚
186 1006 304 1059 347.
343 1007 397 1053 A.
438 1020 464 1052 e
494 1004 796 1052 Tertulliano
831 1005 1026 1061 laudat,
1065 1005 1358 1071 desumpsit,
1394 1005 1469 1051 uti
1502 1006 1893 1054 luculentissime

68 1083 276 1142 apparet
310 1093 372 1123 ex
400 1075 597 1123 Eusebii
629 1073 838 1122 historia
870 1074 1224 1137 ecclesiastica,
1253 1076 1358 1139 ⁴qui
1389 1075 1516 1122 libro
1551 1075 1612 1122 Il.
1645 1091 1750 1140 cap.
1779 1081 1827 1129 2.
1866 1092 1893 1123 e

78 1147 385 1195 Tertulliano
413 1145 595 1193 Tiberii
618 1145 908 1192 relationem
940 1146 1000 1192 de
1026 1144 1220 1193 Christo
1245 1147 1306 1192 ad
1331 1147 1564 1193 Senatum
1589 1147 1768 1209 refert3
1806 1146 1892 1210 qui

66 1219 179 1267 libr.
206 1217 269 1265 ΙΙ.
304 1234 409 1281 cap.
444 1217 528 1269 25.
556 1216 765 1264 Neronis
794 1215 1227 1280 persequutionem
1268 1215 1660 1264 Christianorum
1689 1224 1735 1263 et
1761 1216 1892 1263 Petri

14 1280 20 1286 ⁵
67 1288 307 1352 Paulique
335 1286 629 1351 martyrium
656 1303 747 1350 pro
770 1286 1007 1348 religione
1034 1286 1283 1334 sublatum
1306 1305 1328 1332 e
1366 1286 1678 1332 Tertulliano
1701 1287 1892 1335 descri-

65 1360 140 1407 bit
152 1377 165 1422 3
204 1359 290 1422 qui
314 1357 445 1404 libro
472 1357 559 1405 III.
599 1374 704 1420 cap.
735 1359 819 1408 33.
846 1376 869 1402 e
905 1357 1211 1414 Tertulliano
1248 1364 1439 1414 narrat,
1489 1357 1754 1404 Traianum
1786 1356 1892 1404 Pli-

66 1430 154 1478 nio
212 1427 429 1476 secundo
474 1427 535 1474 de
578 1426 865 1474 Christianis
912 1426 1149 1474 accusatis
1187 1426 1535 1491 rescripsisse:¹
1571 1427 1893 1490 inquirendos

68 1499 270 1564 quidem
301 1515 406 1545 non
429 1513 561 1558 esse,
599 1497 789 1544 obla-tos
822 1511 938 1544 vero
971 1497 1140 1560 puniri
1166 1504 1406 1561 oportere.
1443 1490 1512 1534 --’
1546 1496 1613 1543 Hi
1639 1505 1687 1544 et
1711 1497 1898 1546 similes

65 1571 171 1618 loci
206 1569 452 1631 Scaligero
484 1567 664 1614 iustam
691 1566 983 1614 obtulerunt
1015 1584 1235 1628 causam,
1274 1575 1333 1613 ut
1370 1566 1635 1630 Georgium
1663 1575 1892 1615 nostrum

66 1639 275 1689 iniuriae
311 1655 423 1702 erga
447 1636 711 1685 Eusebium
749 1644 1026 1698 accusaret,
1056 1631 1254 1700 'qui'ex
1288 1636 1496 1684 Eusebio
1534 1653 1621 1683 sua
1661 1635 1892 1685 hauriens

67 1728 250 1760 nomen
273 1707 489 1757 auctoris
518 1706 1375 1768 dissimulaverit.—-Tertullianum
1395 1724 1515 1756 vero
1543 1706 1597 1753 in
1611 1708 1894 1755 narratione

69 1783 130 1830 de
156 1780 338 1829 Tiberii
368 1778 611 1827 relatione
639 1779 701 1826 ad
727 1780 959 1825 Senatum
989 1778 1251 1841 deceptum
1277 1794 1379 1826 esse
1395 1817 1410 1840 ,
1447 1778 1770 1841 Tanaquillus
1796 1780 1894 1825 Fa-

67 1853 155 1900 ber
186 1860 322 1900 tomo
350 1850 410 1897 Il.
445 1848 582 1913 epist.
613 1854 694 1902 12.
725 1848 903 1896 validis
930 1848 1227 1911 argumentis
1266 1848 1626 1896 demonstrasse
1664 1847 1787 1895 mihi
1812 1849 1895 1897 vi-

70 1923 235 1970 detur:
272 1929 377 1969 tota
406 1920 535 1966 enim
561 1918 780 1967 narratio
808 1935 832 1966 e
865 1919 992 1966 libro
1022 1918 1310 1983 supposito,
1346 1919 1471 1966 actis
1513 1918 1660 1966 Pilati
1685 1919 1893 1981 scilicet,

68 1992 245 2041 hausta
271 1999 369 2054 est3
409 1990 633 2038 Tiberius
658 1988 891 2037 Suetonio
917 1997 1037 2037 teste
1061 1990 1193 2036 circa
1218 1989 1342 2036 Deos
1369 2007 1427 2036 ac
1450 1986 1711 2052 religiones
1735 1991 1896 2053 negli-

69 2063 262 2127 gentior
287 2062 414 2123 fuit3
454 2062 659 2108 Senatus
690 2062 940 2107 Romanus
967 2060 1054 2107 sub
1085 2060 1280 2107 Tiberio
1310 2060 1372 2107 ad
1405 2059 1693 2122 vilissimam
1718 2061 1895 2108 adula-

68 2135 256 2182 tionem
276 2133 567 2198 prolapsus,
605 2148 669 2179 ne
690 2130 877 2178 hiscere
897 2131 1097 2194 quidem
1125 2137 1297 2178 contra
1320 2130 1596 2195 principem
1621 2147 1770 2178 ausus
1795 2139 1895 2194 est;

70 2204 294 2253 Tiberius
315 2203 534 2250 infensus
556 2201 726 2266 potius
750 2201 846 2248 fuit
879 2209 937 2248 ut
967 2202 1176 2264 Iudaeo,
1197 2201 1280 2247 ita
1314 2209 1360 2247 et
1389 2199 1666 2248 Christiano
1690 2201 1895 2263 nomini,

72 2277 274 2323 Sueten.
311 2273 367 2320 in
404 2273 509 2320 vita
539 2272 723 2319 Tiberii
764 2289 871 2335 cap.
901 2274 996 2332 363
1038 2279 1086 2319 et
1117 2289 1143 2319 e
1179 2270 1510 2335 Chronologia
1545 2278 1708 2334 patet,
1747 2270 1895 2333 Chri-f

72 2345 286 2394 stianum
311 2359 490 2390 nomen
516 2342 701 2389 Tiberii
726 2350 948 2406 tempore
974 2344 1156 2389 Romae
1181 2342 1270 2390 vix
1295 2349 1470 2388 notum
1498 2341 1661 2390 fuisse.
1736 2341 1897 2389 Geor—

71 2417 181 2480 gius
206 2421 389 2474 noster,
407 2411 760 2475 disquisitionis
783 2411 1084 2459 traditorum
1101 2411 1401 2473 incuriosus,
1424 2410 1605 2475 repetit
1626 2410 1757 2458 -bona
1780 2411 1896 2474 fide,

74 2503 199 2551 quae
224 2484 358 2549 apud
389 2491 641 2530 auctorem
677 2481 795 2528 satis
833 2481 1068 2547 probatae
1096 2482 1436 2546 auctoritatis,
1467 2482 1522 2528 in
1548 2480 1724 2546 primis
1762 2482 1899 2547 apud

72 2565 264 2623 patrem
301 2553 535 2602 ecclesiae
563 2554 759 2616 legerat.

131 2694 211 2750 29)
239 2691 442 2748 Legitur:
475 2686 500 2734 ὃ
528 2684 581 2734 δ’
604 2687 746 2740 αὐτὸς
769 2685 972 2740 Πιλᾶτος
992 2677 1196 2750 Τιβερίῳ
1231 2686 1290 2734 τοὶ
1319 2686 1436 2745 κατὰ
1464 2684 1550 2734 cdv
1581 2689 1763 2748 σωτῆρα
1787 2683 1901 2734 ἅνα-

189 2750 341 2809 γαγών
363 2748 550 2795 καὶτοῦ
573 2750 861 2807 Χριστιανῶν
886 2749 1130 2809 δόγμαζος.
1187 2749 1334 2793 Insero
1365 2745 1444 2793 καὶ
1471 2747 1720 2807 περὶτοῦ
1743 2750 1826 2808 Χρ.
1855 2749 1898 2792 δ.

201 3547 359 3607 Georg.
389 3548 618 3605 syncellus.
647 3547 703 3591 11.
1094 3547 1097 3550 ⁴
1534 3544 1570 3599 4
