2222 3938
659 193 759 247 ΕΤ
793 188 1387 249 ANNOTATIOMZS.
1416 179 1429 189 '
1563 200 1575 209 ·
1808 183 1940 246 v505

99 324 328 406 ,fatorum
357 339 531 389 regum
569 331 751 373 aetates
787 323 1163 392 interpolandas
1193 341 1395 388 censeo,
1433 330 1482 374 et
1513 322 1577 373 ad
1609 321 1938 391 interpolatas

110 397 386 448 versionem
419 396 902 448 accommodandam.

233 466 548 550 Αἰγυπτίων
566 462 668 519 ποθ’.
698 465 964 519 δυναστεία
986 463 1212 534 τέταρτος
1241 464 1524 534 Νεφερίτης
1556 469 1720 534 μῆνας
1745 462 1939 521 δ’.τοῦ

111 534 168 589 δὲ
190 533 377 603 κόσμου
405 531 564 606 ‘effi'-

158 631 160 633 ’
250 607 540 690 Αἰγυπτίων
565 600 622 657 λ’.
651 606 916 658 δυναστεία
945 608 1269 691 Σεβεννυτων
1295 609 1461 674 τριῶν,
1490 627 1563 660 ων
1580 627 1780 677 πρωτος
1807 613 1938 661 Νεκ-

110 675 366 745 τανὲβης’
350 677 432 742 ε’τη
461 671 542 742 ιη’.
566 681 658 727 τοῦ
686 675 741 728 δὲ
762 674 950 743 κόσμου
973 696 1102 761 ερκ.

239 749 542 833 Αἰγυπτίων
575 742 665 801 λα’.
699 749 964 800 δυναστεία
1001 743 1231 817 δεύτερος
1271 749 1442 810 Τεῶς’
1424 748 1507 817 ἐτη
1542 746 1731 817 β’.τοῦ
1752 745 1938 818 κόσμου

109 837 148 888 ε
179 814 268 884 λη’.

149 839 176 886 Q
247 887 542 974 Αἰγυπτίων
574 884 662 956 λβ’.
696 889 960 940 δυναστεία
993 886 1312 954 Νεκτανέβης
1343 888 1493 951 ἄλλος
1529 889 1611 957 ε’τη
1648 887 1726 959 ιγ’.
1762 895 1855 944 τοῦ
1884 889 1941 943 δὲ

107 954 299 1024 κόσμου
325 956 455 1030 spus.
490 961 863 1008 Emendationis
888 960 960 1007 ita
988 960 1360 1024 componendae
1383 970 1727 1026 argumentum
1750 963 1803 1010 in
1823 980 1943 1028 ope-

107 1031 178 1080 lis
200 1046 328 1096 pene
353 1031 542 1094 limine,
582 1049 679 1097 quo
707 1032 767 1079 de
808 1031 1055 1096 Dynastiis
1086 1031 1438 1094 Aegyptiorum
1467 1050 1656 1096 sermo,
1702 1034 1943 1099 praemis-

108 1119 219 1150 sum
250 1109 351 1150 est.
387 1102 580 1166 reliqua
618 1102 846 1164 Eusebii‚
882 1102 964 1150 vel
1000 1100 1276 1149 Authoris
1262 1103 1419 1167 ipsius
1455 1104 1621 1151 verbis
1650 1105 1942 1153 fundantur.

110 1177 159 1228 1.
195 1171 310 1222 Vox
335 1172 535 1238 quidem
569 1176 759 1239 μῆνας,
799 1172 1026 1236 quamvis
1055 1173 1414 1222 Grammaticae
1446 1174 1551 1223 ritu
1578 1190 1965 1239 nonnunquam‘

106 1243 310 1309 propria
329 1280 346 1305 ,
379 1251 430 1291 et
465 1244 599 1309 apud
631 1243 896 1308 Aegyptios
916 1243 1015 1291 viri
1039 1259 1219 1291 nomen
1240 1245 1553 1307 aestimetur,
1589 1245 1676 1293 hic
1698 1245 1938 1294 nihilose-
1969 1252 2022 1298 V.
2053 1254 2107 1299 61

108 1315 215 1362 cius
250 1314 580 1379 appellativae
602 1315 831 1378 fungitur
864 1314 1058 1376 officio,
1096 1321 1146 1362 et
1172 1314 1237 1362 ad
1279 1317 1582 1381 Νεφερίτης,
1620 1316 1943 1380 vocabulum,

108 1385 246 1451 quod
285 1385 451 1448 aiunt,
496 1386 758 1450 proprium
806 1385 1040 1432 nonnihil
1075 1392 1304 1449 spectans
1341 1386 1616 1450 significat,
1663 1387 1943 1453 Nepheritis

106 1455 346 1504 nimirum
383 1463 624 1505 aetatem:
665 1472 815 1520 quare
845 1463 951 1503 tum
990 1455 1051 1503 ab
1086 1455 1322 1504 Africano
1347 1458 1527 1522 pagina
1553 1462 1637 1511 76.
1663 1458 1718 1505 Β.
1743 1467 1846 1506 tum
1880 1459 1941 1507 ab

106 1525 319 1576 Eusebio
355 1543 463 1593 pag.
503 1531 587 1580 77.
626 1525 685 1577 A.
727 1528 1010 1591 Νεφερίτης
1042 1529 1207 1592 μῆνας
1244 1523 1301 1578 δ’.
1339 1544 1530 1576 menses
1565 1527 1614 1581 4.
1651 1529 1942 1594 Nepherites

105 1614 336 1661 regnasse
362 1596 606 1647 asseritur.
647 1602 695 1650 2.
735 1597 970 1662 Sequitur
995 1604 1211 1662 utroque
1230 1598 1346 1646 loco
1373 1599 1766 1663 Sebennytarum
1787 1600 1940 1648 trium

105 1685 276 1731 regum
302 1667 536 1733 Dynastia
563 1667 837 1730 tricesima,
876 1667 1020 1715 cuius
1045 1668 1239 1732 primus
1261 1670 1542 1717 Nectanebo
1557 1706 1571 1731 ,
1610 1670 1729 1718 alias
1755 1671 1942 1719 Necta-

104 1739 277 1789 nebes=
315 1740 419 1787 eius
439 1738 623 1787 iterum
648 1755 805 1785 annos
833 1755 897 1786 ex
925 1738 1133 1786 Eusebio
1156 1757 1207 1804 p.
1229 1744 1299 1792 77
1303 1775 1315 1787 .
1337 1739 1733 1805 requirentibus,
1772 1742 1942 1789 decem

107 1810 455 1874 assignantur,
493 1809 554 1857 ab
587 1808 798 1856 Eusebio
835 1808 1130 1873 Hieronymi
1161 1810 1367 1874 Latino,
1405 1818 1456 1859 et
1482 1827 1546 1858 ex
1573 1811 1795 1859 Africani
1827 1812 1939 1860 loco

109 1882 264 1930 citato
289 1879 492 1946 scriptis
516 1879 793 1928 octodecim
813 1880 999 1928 referre
1021 1879 1319 1929 nunciatur:
1358 1898 1502 1946 quae,
1539 1898 1680 1944 reor,
1718 1882 1817 1930 suit
1842 1899 1942 1930 oc·-

108 1951 272 2014 casio,
307 1959 367 1999 ut
395 1951 607 2014 Georgio
630 1967 788 1998 annos
815 1954 899 2003 18.
927 1950 1084 1999 eidem
1113 1952 1419 2015 assignante,
1455 1953 1708 2001 Librarius
1741 1953 1942 2001 incaute

106 2023 242 2072 solos
277 2029 392 2070 octo
439 2021 699 2086 reliquerit
744 2028 989 2072 exaratos,
1061 2022 1357 2071 Nectanebis
1399 2023 1569 2088 itaque
1612 2032 1942 2072 numerentur

108 2097 193 2149 18.
234 2092 351 2140 anni
384 2109 411 2139 a
446 2092 620 2140 mundi
649 2093 802 2145 5120.
833 2092 896 2139 ad
923 2091 1139 2141 eiusdem
1165 2094 1318 2147 5137.
1343 2111 1441 2158 quo
1471 2095 1682 2142 obeunte
1705 2094 1941 2142 decessit:

107 2168 156 2218 3.
187 2163 422 2211 Succedit
444 2164 569 2210 Teos
595 2162 878 2227 Sebennyta
908 2164 1183 2224 secundus,
1223 2164 1363 2211 cuius
1393 2164 1514 2212 anni
1550 2164 1650 2212 duo
1685 2165 1942 2212 codicibus
1971 2172 2022 2216 P.
2046 2173 2105 2220 67

107 2234 302 2283 cunctis
342 2240 544 2294 extant,
595 2249 720 2296 quos
759 2232 901 2280 annis
934 2234 1110 2281 mundi
1146 2236 1300 2288 5138.
1335 2242 1384 2282 et
1421 2236 1575 2289 5139.
1625 2234 1856 2283 absumit.
1894 2236 1942 2288 4.

106 2307 244 2355 Pone
287 2303 491 2351 advenit
524 2303 805 2351 Nectanebo
841 2302 995 2365 alter,
1029 2304 1312 2368 Sebennyta
1344 2305 1553 2366 tertius,
1607 2306 1749 2354 cuius
1786 2322 1943 2354 annos

109 2379 191 2430 18.
220 2374 521 2440 pronunciat
545 2373 808 2422 Africanus
835 2390 949 2438 pag.
973 2378 1058 2427 77.
1087 2375 1142 2423 Β.
1175 2374 1386 2423 Eusebio
1413 2376 1630 2424 eiusdem
1658 2393 1770 2441 pag.
1795 2377 1941 2425 litera

104 2446 166 2494 Ι).
194 2446 256 2493 ad
285 2453 398 2493 octo
427 2445 674 2492 duntaxat
700 2461 782 2492 eos
808 2451 1092 2492 coarctante
1109 2482 1123 2507 ,
1162 2446 1388 2509 quamVis
1415 2446 1653 2495 Eusebius
1673 2447 1804 2495 idem
1842 2449 1942 2495 La-

105 2516 211 2565 tina
236 2515 407 2580 lingua
426 2515 721 2580 Hieronymi
736 2514 906 2563 labore
926 2515 1140 2563 donatus
1167 2532 1229 2563 ex
1253 2515 1471 2565 Africani
1494 2525 1729 2582 computo
1757 2519 1942 2567 scribat

104 2587 295 2654 pariter
341 2590 421 2640 18.
475 2587 573 2634 Eos
610 2603 759 2651 porro
795 2602 1028 2634 numeros
1057 2585 1298 2650 Georgius
1335 2605 1423 2636 suo
1459 2586 1708 2636 Chronico
1743 2589 1942 2638 abdicet

104 2674 302 2707 necesse
337 2664 438 2719 est,
477 2664 526 2704 et
561 2657 804 2704 tredecim
840 2657 1104 2720 attribuat,
1144 2675 1171 2704 a
1206 2658 1459 2706 communi
1492 2659 1727 2708 videlicet
1762 2660 1941 2708 mundi

106 2729 261 2783 5140.
285 2728 349 2776 ad
369 2729 524 2782 5152.
560 2744 658 2792 quo
685 2727 823 2791 regni
857 2728 1056 2776 tertium
1093 2745 1122 2774 a
1149 2729 1322 2776 mundi
1350 2730 1504 2784 5150.
1539 2731 1798 2779 Persarum
1830 2733 1937 2779 Rex

108 2799 280 2848 Ochus
312 2799 620 2848 numerabat.
692 2799 788 2846 Hic
819 2798 948 2846 enim
975 2797 1143 2846 Ochus
1175 2807 1271 2862 est,
1310 2800 1396 2864 qui
1425 2800 1615 2849 duobus
1645 2810 1758 2849 ante
1796 2819 1938 2850 mor-

107 2877 208 2919 tem
254 2870 397 2918 annis
432 2869 768 2918 Nectanebum
808 2869 974 2933 eiecit,
1022 2877 1070 2917 et
1101 2869 1156 2917 in
1193 2870 1507 2936 Aethiopiam
1544 2873 1712 2952 fugere
1753 2873 1938 2935 coegit:

109 2941 328 3005 adeoque
357 2958 485 2989 anno
525 2940 680 2994 5154.
709 2947 957 3002 mortuus,
995 2957 1128 2988 anno
1165 2942 1321 2995 5152.
1350 2950 1464 3007 post
1490 2942 1629 3006 regni
1666 2960 1822 2991 annos
1857 2946 1938 2996 13.

105 3011 437 3060 Nectanebum
461 3012 624 3059 solum
647 3019 841 3060 vertere
865 3011 1132 3097 compulit,
1169 3011 1415 3061 scribente
1441 3013 1651 3077 Georgio
1680 3031 1787 3078 pag.
1816 3016 1938 3066 256.

106 3081 168 3134 A.
198 3075 348 3146 Ὦχος
379 3079 630 3148 κρατήσας
651 3076 911 3149 Αἰγυπτου
936 3078 1028 3133 δυο
1051 3076 1188 3146 ἒ’τη’
1155 3089 1442 3150 αναιρεῖται.
1482 3085 1738 3132 Caeterum
1776 3085 1937 3131 Geor·-

106 3152 216 3216 gius
251 3152 357 3217 ipse
394 3160 683 3218 computum
717 3152 854 3200 hunc
887 3153 1171 3218 planissime
1209 3153 1410 3219 digessit
1441 3155 1670 3220 superius
1702 3171 1811 3219 pag.
1849 3154 1933 3206 53.

106 3223 166 3274 A.
216 3221 262 3270 A
287 3223 486 3287 vulgari
525 3223 709 3288 quippe
742 3224 895 3272 creati
936 3224 1070 3272 orbis
1107 3241 1237 3272 anno
1278 3230 1431 3279 2776.
1477 3226 1680 3272 ineunte
1717 3223 1938 3272 fundatis

105 3292 468 3358 Aegyptiorum
494 3293 772 3358 Dynastiis,
809 3302 927 3360 post
964 3312 1120 3343 annos
1146 3295 1269 3344 alios
1295 3297 1452 3350 2365.
1486 3295 1822 3344 Nectanebum
1852 3309 1938 3343 re-

106 3380 278 3426 gnasse
305 3363 507 3413 scribit.
543 3364 722 3428 utique
747 3366 922 3413 mundi
945 3365 1103 3419 5140.
1135 3383 1189 3414 ea
1228 3367 1412 3432 quippe
1446 3382 1636 3414 summa
1672 3373 1776 3427 est,
1817 3381 1939 3429 quae

106 3450 169 3480 ex
193 3434 347 3486 2775.
376 3441 426 3481 et
450 3435 604 3488 2365.
637 3451 739 3483 una
763 3435 948 3484 iunctis
973 3437 1216 3485 redditur
1252 3435 1348 3504 πρὸ
1378 3439 1470 3486 τοῦ
1500 3429 1824 3502 Αλεξανδρου
1853 3430 1938 3503 οἷρ-

105 3507 224 3570 χῆς,
259 3503 449 3568 inquit,
489 3503 614 3556 ἔτεσι
646 3500 718 3557 ιε’.
750 3503 921 3574 ἐγγυς,
954 3514 1069 3556 ante
1110 3506 1412 3570 Alexandri,
1451 3505 1563 3555 dico
1602 3522 1786 3555 annum
1825 3507 1937 3574 pri-
