2112 3854
770 185 1268 244 DlSSERTATIO.
1889 178 1927 235 7

106 316 271 366 dentia
307 323 357 364 et
393 314 516 364 fides
546 314 874 366 desideretur:
921 324 1110 367 tantam
1145 324 1308 366 tamen
1343 315 1522 365 horum
1568 316 1930 365 Chronicorum

103 386 453 453 praestantiam
476 403 594 450 esse,
629 394 686 434 ut
706 388 901 436 nullum
922 395 1067 437 vetus
1091 389 1330 454 scriptum
1354 395 1490 436 extet
1515 387 1575 436 de
1595 388 1788 438 ratione
1810 396 1930 435 tein-

104 474 310 523 porum,
347 457 480 522 quod
513 475 626 504 cum
663 457 760 505 hoc
794 459 1072 523 comparari
1092 459 1278 524 possit:
1315 458 1414 507 imo
1442 459 1639 506 nullum
1658 459 1810 525 paulo
1834 475 1930 506 ve-

107 527 291 576 tustius
314 545 418 575 esse
437 566 451 590 ,
491 528 625 590 quod
651 528 710 575 ab
735 528 833 576 hoc
854 529 1129 579 derivatum
1153 547 1251 578 non
1279 529 1358 579 sit.
1430 528 1643 578 Maxime
1667 529 1817 593 igitur
1841 528 1931 576 do-

106 597 311 646 lendum
343 615 470 659 esse,
508 597 607 645 hoc
629 600 940 663 praeclarum
975 617 1098 665 opus
1137 615 1368 648 mancum
1406 599 1468 647 ad
1501 617 1592 647 nos
1631 599 1930 665 pervenisse.

105 668 231 718 Nam
254 667 396 733 prior
415 668 542 716 liber
567 669 756 732 integer
787 670 1110 732 desideratur,
1145 671 1231 735 qui
1257 670 1522 726 censuales,
1552 679 1609 719 ut
1636 668 1933 718 Tertulliani

105 739 257 789 verbo
298 746 520 800 utamur,
558 740 778 788 omnium
817 741 1269 789 vetustissimarum
1299 741 1557 789 nationum
1600 749 1648 789 et
1667 756 1933 805 regnorum

108 808 370 860 continuit.
445 811 584 869 Quae
625 809 772 859 huius
809 811 922 859 libri
961 813 1230 875 fragmenta
1266 813 1397 876 apud
1424 811 1660 875 Georgios
1687 810 1935 876 inprimis,

108 880 395 944 Syncellum
419 888 466 928 et
493 881 782 943 Cedrenum,
821 890 1013 930 servata
1038 890 1175 943 sunt,
1207 881 1446 946 Iosephus
1474 883 1691 946 Scaliger
1717 880 1934 944 collegit,

105 951 250 1017 plura
285 957 443 998 autem
468 968 560 1015 pro
585 969 721 999 more
745 970 834 1000 suo
860 953 1111 1011 inserens,
1149 969 1272 1017 quae
1294 970 1396 999 non
1413 953 1609 1000 Eusebii
1638 969 1740 1000 esse
1762 952 1935 999 viden-

104 1028 202 1070 tur.
272 1021 421 1069 Liber
455 1023 733 1086 posterior,
792 1040 936 1086 quem
975 1018 1167 1074 κανόνα
1204 1031 1380 1070 auctor
1417 1022 1700 1087 inscripsit,
1746 1022 1936 1084 integer

107 1090 309 1156 quidem
347 1100 598 1156 superest,
636 1093 720 1140 sed
755 1101 826 1141 est
847 1101 1038 1142 tantum
1070 1093 1210 1158 quasi
1234 1093 1388 1141 index
1414 1093 1611 1157 quidam
1645 1101 1692 1141 et
1719 1109 1934 1139 summa-

105 1161 239 1211 rium
283 1161 568 1227 superioris.
650 1164 928 1228 Utrumque
966 1164 1138 1211 Latine
1179 1163 1426 1212 convertit
1466 1167 1533 1212 B.
1578 1165 1934 1227 fferonymas,

109 1231 197 1297 qui
220 1232 310 1279 sub
335 1233 715 1298 imperatoribus
738 1235 968 1282 Romanis
997 1235 1231 1283 Gratiano
1256 1242 1304 1282 et
1322 1234 1598 1282 Theodosio
1627 1234 1771 1295 vixit,
1804 1233 1937 1280 circa

109 1319 223 1350 ann.
267 1305 388 1357 390.
462 1304 606 1351 Plura
651 1305 693 1352 ei
733 1305 789 1351 in
809 1305 887 1353 his
919 1305 1175 1353 chronicis
1202 1305 1451 1354 vertendis
1488 1304 1773 1352 humanitus
1796 1303 1935 1351 exci-

110 1372 252 1435 disse,
289 1373 387 1420 iam
412 1390 474 1421 ex
509 1391 564 1422 eo
589 1375 835 1423 coniicere
857 1376 1042 1437 licebit,
1081 1376 1232 1440 quod,
1275 1375 1347 1423 uti
1371 1375 1476 1440 ipse
1498 1375 1553 1422 in
1576 1375 1831 1440 prooemio
1858 1375 1934 1421 fa·-

108 1450 272 1503 tetur,
309 1444 504 1492 notario
540 1446 851 1493 velocissime
887 1447 1175 1508 dictaverit3
1215 1454 1263 1493 et
1300 1446 1515 1509 Scaliger
1544 1447 1724 1493 multos
1747 1461 1938 1493 errores

107 1512 395 1577 interpretis
429 1514 642 1578 collegit.
713 1517 824 1564 Non
866 1533 987 1565 vero
1026 1516 1309 1580 interpretis
1330 1524 1523 1564 tantum
1545 1517 1709 1564 officio
1736 1517 1939 1563 functus

107 1590 195 1645 est,
232 1600 408 1631 verum
438 1601 501 1632 ex
519 1594 661 1650 parte
684 1603 882 1652 quoque
911 1587 1194 1651 scriptoris:
1231 1604 1346 1633 nam
1373 1594 1422 1633 et
1447 1587 1634 1635 Graeca
1659 1586 1940 1634 fidelissime

109 1653 381 1719 expressit,
420 1663 469 1702 et
492 1657 762 1716 nonnulla,
802 1674 926 1722 quae
964 1657 1246 1705 intermissa
1269 1656 1591 1720 videbantur,
1625 1657 1806 1704 adiecit
1830 1673 1939 1702 ma-

106 1724 241 1772 xime
278 1724 333 1772 in
363 1726 584 1773 Romana
619 1726 853 1791 historia,
891 1729 952 1775 de
988 1728 1278 1792 Tranquillo
1315 1727 1364 1785 (i.
1392 1745 1432 1774 e.
1464 1723 1723 1795 Suetonio)
1751 1735 1798 1774 et
1827 1743 1940 1773 cae-

107 1795 228 1844 teris
250 1794 528 1844 illustribus
563 1796 811 1846 historicis
836 1799 1168 1846 curiosissime
1197 1814 1484 1863 excerpens.
1556 1801 1599 1846 A
1623 1796 1939 1845 Constantini

109 1873 274 1913 autem
304 1883 431 1915 anno
471 1868 708 1931 vigesimo
746 1866 897 1936 (327)
941 1887 1098 1933 usque
1140 1869 1203 1916 ad
1237 1870 1561 1917 Consulatum
1604 1871 1939 1932 Augustorum

107 1936 328 1985 Valentis
349 1938 505 1986 sexies
532 1946 580 1986 et
606 1940 940 1987 Valentiniani
965 1940 1149 1988 iterum
1180 1939 1237 2005 (i.
1268 1957 1310 1989 e.
1338 1957 1452 1987 ann.
1482 1939 1600 1989 chr.
1627 1937 1752 2005 378)
1777 1946 1940 1986 totum

107 2006 399 2072 Hieronymi
418 2016 506 2056 est.
579 2006 746 2078 (Conf.
775 2010 1066 2075 Hieronymi
1093 2006 1487 2079 praefationem).
1534 2010 1765 2058 Attamen
1785 2026 1848 2056 ne
1868 2009 1941 2055 la-

108 2077 214 2124 tina
252 2079 449 2142 quidem
482 2078 607 2128 haec
633 2081 799 2130 versio
829 2082 1020 2146 integra
1045 2088 1293 2147 superest:
1330 2080 1386 2128 in
1413 2081 1575 2147 priori
1601 2080 1730 2128 libro
1760 2079 1944 2128 multae

109 2155 160 2196 et
184 2150 374 2214 amplae
393 2150 601 2199 lacunae
623 2160 755 2201 sunt.

226 2221 428 2267 'stxtam
462 2239 575 2269 vero
606 2239 853 2287 graecum
877 2223 1247 2287 versionemqae
1283 2223 1505 2270 latinam
1532 2221 1703 2271 multis
1725 2220 1780 2268 in
1799 2219 1942 2281 locis,

110 2291 325 2337 maxime
350 2292 405 2337 in
431 2296 667 2355 numeris,
703 2312 730 2341 a
755 2293 972 2341 librariis
987 2291 1319 2358 depravatam
1347 2310 1463 2356 esse,
1500 2293 1696 2340 iamiam
1724 2298 1941 2357 apparet.

108 2361 237 2407 Nam
276 2368 324 2408 et
362 2361 595 2411 facillime
633 2363 688 2411 in
729 2364 920 2412 notulis
953 2380 1276 2412 numerorum
1303 2363 1637 2413 describendis
1661 2361 1855 2409 incuria
1886 2377 1944 2407 ac

111 2447 228 2478 casu
262 2435 481 2494 erratur,
517 2433 728 2482 maxime
773 2435 828 2482 in
862 2434 1083 2482 numeris
1128 2435 1387 2496 Romanis,
1426 2434 1512 2498 qui
1542 2433 1712 2498 paucis
1749 2438 1944 2479 tantum

110 2501 246 2549 notis
270 2502 309 2563 1,
349 2503 411 2564 V,
447 2504 512 2565 X,
550 2505 604 2566 L,
643 2505 695 2567 C,
733 2506 791 2566 D,
821 2505 887 2566 M,
923 2503 1197 2568 iisdemque
1223 2521 1337 2567 ergo
1359 2504 1553 2569 saepius
1574 2501 1798 2567 repetitis
1820 2501 1942 2548 scri-

110 2571 326 2631 buntur3
365 2580 414 2621 et
450 2576 668 2622 nasutuli
694 2582 860 2623 amant
886 2591 1078 2622 errores
1106 2575 1303 2637 calculi,
1343 2575 1430 2639 qui
1465 2574 1560 2621 sibi
1589 2573 1842 2631 videntur,
1883 2571 1946 2618 ad

113 2659 252 2690 suam
280 2645 698 2708 computationem
722 2645 991 2708 corrigere,
1021 2653 1106 2692 aut
1128 2652 1270 2692 notas
1293 2663 1319 2691 a
1344 2644 1657 2707 diligentibus
1678 2641 1946 2690 lectoribus

113 2713 320 2775 margini
355 2715 628 2780 adscriptas
668 2716 831 2763 textui
868 2716 1111 2764 inserere:
1148 2716 1281 2763 unde
1307 2715 1434 2762 nulli
1459 2714 1654 2763 codices
1681 2713 1833 2776 magis
1861 2713 1946 2760 vi-

114 2784 297 2831 tiorum
322 2792 532 2847 scatent,
571 2803 720 2850 quam
741 2785 1095 2850 chronologici.
1165 2784 1406 2850 Exempla
1433 2802 1484 2832 se
1512 2785 1729 2832 offerunt
1755 2787 1808 2830 in
1836 2785 1946 2846 ipso

114 2871 247 2901 anno
287 2854 470 2902 mandi
499 2857 744 2920 finiendo,
784 2875 883 2922 qao
912 2857 1171 2904 Clzristam
1206 2866 1387 2903 natam
1421 2874 1521 2902 esse
1556 2854 1805 2903 Eusebius
1837 2871 1946 2917 pa-

114 2927 312 2974 tavcrit.
348 2953 419 2962 —
453 2927 527 2974 Ab
565 2927 755 2975 Adamo
795 2928 859 2975 ad
894 2928 1152 2975 Diluvium
1187 2944 1340 2991 usque
1378 2926 1569 2990 colligit
1606 2943 1765 2972 annos
1791 2927 1945 2984 2242,

113 2996 322 3043 testibus
366 2997 576 3061 Georgio
612 2998 846 3063 Syncello
892 3016 943 3063 p.
997 2999 1080 3052 54.
1122 3015 1187 3062 ac,
1209 2998 1390 3045 Tirone
1417 2999 1657 3061 Prospero
1681 3014 1730 3060 p.
1763 2998 1864 3047 284
1894 2993 1947 3039 ill

118 3066 316 3114 Graevii
340 3066 573 3118 Thesaur.
603 3070 742 3116 Tom.
769 3069 883 3131 XL,
922 3069 1102 3133 quibus
1125 3074 1371 3116 consentit
1388 3067 1551 3116 versio
1580 3067 1737 3114 latina
1768 3065 1945 3112 Hiero-

115 3137 255 3200 nymi
294 3155 402 3201 pag.
431 3142 463 3191 8
488 3147 536 3186 et
562 3140 676 3192 158.
750 3140 839 3187 His
879 3139 1018 3187 addit
1044 3157 1201 3186 annos
1231 3139 1334 3193 942
1360 3155 1387 3185 a
1414 3138 1610 3185 Diluvio
1640 3137 1703 3184 ad
1726 3133 1947 3183 Abrahae

117 3207 454 3256 nativitatemz
493 3227 606 3274 ergo
635 3217 751 3257 sunt
775 3211 834 3258 ab
851 3209 1037 3258 Adamo
1062 3210 1124 3257 ad
1141 3209 1391 3257 Abraham
1415 3211 1539 3256 αηηιὲ
1560 3207 1713 3266 3184,
1750 3205 1825 3252 uti
1850 3205 1945 3251 do—

119 3285 232 3325 cent
257 3279 496 3343 Georgius
518 3299 568 3345 p.
592 3284 674 3333 86.
699 3283 785 3333 87.
814 3285 898 3334 92.
935 3284 1053 3333 111.
1082 3283 1202 3334 326.
1236 3280 1570 3345 Hieronymus
1595 3295 1654 3324 ac
1679 3276 1794 3324 Tiro
1823 3275 1950 3322 Pro-

119 3363 231 3411 sper
254 3349 289 3396 l.
314 3367 382 3412 c.,
421 3358 570 3415 atque
594 3350 703 3416 ipse
728 3350 967 3398 Eusebius
990 3350 1044 3397 in
1067 3350 1322 3416 prooemio
1347 3351 1410 3399 ad
1435 3348 1757 3416 posteriorem
1782 3345 1943 3394 Chro-

119 3417 349 3466 nicorum
388 3420 572 3469 librum
608 3421 852 3470 versionis
887 3421 1070 3468 latinae
1094 3439 1143 3485 p.
1186 3422 1279 3483 553
1318 3438 1431 3468 nam
1459 3421 1510 3467 in
1549 3417 1747 3465 Graecis
1774 3416 1951 3463 ultima

119 3487 270 3537 huius
309 3493 552 3554 prooemii
584 3493 779 3541 desunt.
816 3518 883 3528 --
922 3492 982 3539 ln
1020 3492 1179 3558 priori
1214 3492 1413 3555 quidem
1438 3491 1582 3556 libro
1604 3486 1846 3537 versionis
1869 3487 1951 3534 la-
