2222 3938
669 201 771 257 ET
806 198 1396 260 ANNOTATIONES.
1818 191 1946 255 547

118 333 333 376 exeunte
346 326 508 378 Probo
534 327 598 378 ad
619 327 883 397 imperium
908 339 1106 395 vocato,
1133 331 1238 380 eius
1260 345 1450 380 menses
1464 337 1680 396 quatuor
1699 348 1848 398 supra
1860 351 1947 383 sex

119 415 277 452 annos
288 398 447 446 Taciti
466 401 718 450 mensibus
739 420 845 466 sex,
872 411 920 452 et
932 403 1155 453 Floriani
1175 401 1335 452 tribus
1359 401 1582 451 adiuncti
1602 419 1787 452 annum
1807 421 1946 454 com-

116 476 337 534 ponant:
374 467 508 535 ὅμοῦ
529 472 752 538 γίνονται
774 473 858 540 ἔτη
885 469 935 535 ζ’.

267 542 348 609 Τῷ
381 541 527 610 τρίτω
569 540 663 593 ἔτει
688 540 938 611 Πρόβου.]
975 545 1094 592 Post
1116 541 1356 593 foliorum
1389 543 1543 592 trium
1573 541 1850 607 defecatam,
1885 543 1949 596 de

118 625 219 675 quo
255 611 511 675 superius,
547 612 607 659 ab
632 613 739 661 istis
761 615 926 663 verbis
950 615 1110 662 codex
1137 613 1317 677 Regius
1350 629 1626 662 sermonem
1645 614 1911 664 instaurat.

257 681 372 745 Pag.
406 684 530 734 386.
567 678 792 750 Ἐσφάγη
824 685 878 736 ἐν
911 680 1186 753 Ἀπαμείᾳ]
1221 685 1384 732 Locus
1417 685 1474 732 in
1506 686 1622 748 Reg.
1657 693 1943 772 corruptus,

113 750 346 800 vitiosior
369 769 395 799 a
425 752 672 817 Scaligeio
700 756 930 804 redditur
950 773 1060 820 pag.
1079 760 1163 809 72.
1191 751 1472 821 ἐπαναστὴς
1489 758 1553 843 τῆ
1575 754 1828 821 Ῥωμαίων
1855 776 1942 824 αρ-
1969 763 2020 810 P.
2051 764 2108 808 83

114 824 182 892 χῇ
201 816 414 888 ἐσφάγη.
486 859 500 872 .
571 859 584 871 .
659 861 672 874 .
747 825 802 877 ἓν
825 827 1044 910 Σερμίῳ.
1071 825 1219 875 Barb.
1241 833 1290 872 et
1317 827 1480 874 PereZ.
1503 805 1562 885 ὃς
1586 822 1799 912 ὕστερον
1823 825 1947 877 ἐπα-

112 889 300 952 ναστας
331 894 397 962 τῇ
427 890 679 976 Ῥωμαίων
719 891 876 966 ἀρχῇ,
913 891 1108 963 ἐσφάγη
1145 895 1201 946 ἒν
1230 889 1472 975 Ἀπαμείᾳ
1512 892 1614 946 ’ὑπὸ
1644 899 1746 946 τῶν
1783 897 1943 947 ἰδίων.

118 958 329 1028 Πρόβος
343 942 539 1029 ἐσφαγη
565 963 619 1014 ἐν
642 967 859 1035 Σερμίῳ.
896 967 1083 1015 Locum
1103 965 1173 1014 ita
1194 965 1484 1014 restitutum
1503 965 1685 1032 probat
1704 967 1946 1015 Eusebius

114 1033 338 1082 Latinus.
387 1035 702 1082 Saturninus
725 1038 979 1101 Magister
1013 1038 1256 1084 exercitas
1282 1054 1378 1085 ηοι
1380 1054 1466 1084 am
1495 1036 1800 1085 Antiochiae
1826 1040 1950 1086 eiai-

116 1111 271 1151 tatem
297 1121 503 1151 exorsus
529 1115 602 1152 est
624 1105 846 1168 condere,
874 1109 964 1171 qui
975 1116 1158 1171 postea
1179 1109 1444 1171 imperium
1464 1108 1675 1154 molitus
1696 1106 1947 1169 invadere,

115 1173 373 1239 Apamiae
394 1173 660 1226 occiditur.
714 1177 779 1225 Et
804 1176 951 1225 infra.
998 1176 1190 1226 Probus
1212 1178 1436 1225 tumultu
1455 1177 1659 1226 militari
1680 1179 1815 1244 apud
1839 1179 1948 1226 Sir-

116 1245 272 1295 mium
301 1245 356 1293 in
376 1252 543 1308 turre,
582 1263 707 1312 quae
736 1246 923 1295 dicitur
943 1247 1170 1309 Ferrata,
1209 1247 1475 1295 occiditur.

254 1312 465 1381 Κόσμον
504 1316 586 1382 ἔτη
622 1312 816 1385 εψοεῖ]
855 1317 1001 1365 Α11110
1042 1317 1102 1365 ab
1140 1316 1271 1365 orbis
1310 1316 1630 1367 incunabulis
1658 1318 1812 1371 5770.
1839 1325 1889 1366 et
1919 1337 1947 1366 a

113 1384 376 1435 christiin
400 1387 645 1435 mundum
670 1389 889 1437 adventu
914 1391 1037 1443 270.
1074 1387 1476 1435 Diocletianum
1461 1387 1657 1452 imperii
1681 1389 1948 1454 110111.Ρο-

109 1464 336 1505 testatem
364 1466 684 1523 assequutum
709 1459 987 1507 communis
1010 1466 1114 1506 erat
1135 1457 1268 1506 inter
1290 1451 1566 1505 Historicos
1598 1459 1797 1522 Georgii
1818 1461 1950 1523 Syn-

111 1527 229 1576 celli
252 1536 477 1593 tempore
494 1531 634 1577 notio
651 1548 665 1577 ε
702 1538 751 1578 et
774 1546 836 1577 ex
859 1546 914 1577 ea
943 1527 1269 1594 Theophanes
1295 1528 1495 1591 Georgii
1520 1545 1729 1576 coaevus
1756 1537 1804 1576 et
1829 1546 1948 1577 con-

109 1598 334 1646 tinuator
370 1601 547 1647 mundi
584 1600 739 1654 5770.
777 1599 960 1648 Christi
984 1605 1103 1653 270.
1131 1606 1179 1647 et
1209 1598 1502 1647 Diocletiani
1532 1600 1752 1663 primum
1778 1599 1947 1648 statim

112 1668 167 1716 in
210 1668 444 1717 historiae
485 1670 657 1718 limine
692 1671 842 1719 simul
876 1669 1125 1718 devinxit.
1177 1686 1240 1717 ex
1279 1669 1446 1716 eadem
1474 1686 1646 1717 ruisus
1683 1669 1792 1718 Caii
1831 1687 1946 1718 cum

110 1739 270 1788 filiis
254 1740 455 1805 imperii
487 1741 759 1807 primordia
796 1741 850 1788 in
887 1757 1044 1788 annos
1077 1739 1254 1788 mundi
1273 1740 1521 1788 relatulus
1547 1739 1788 1818 Georgius
1825 1740 1950 1804 ipse,

111 1811 373 1859 confestim
398 1828 460 1859 ex
478 1810 863 1877 praeiudicato
847 1829 900 1859 111
924 1810 1100 1859 mundi
1124 1811 1278 1863 5775.
1318 1805 1483 1878 (annis
1508 1809 1639 1856 enim
1666 1810 1804 1858 stetit
1831 1817 1950 1858 tan·-

110 1889 219 1929 tum
243 1878 460 1950 duobus)
500 1882 731 1932 coniecit.
780 1881 995 1929 Calculis
1017 1889 1183 1929 tamen
1205 1880 1423 1946 propriis
1445 1879 1708 1944 decipitur.
1757 1881 1949 1929 Probus

110 1969 358 2016 namque,
409 1952 492 2000 cui
529 1970 719 2001 menses
760 1960 973 2017 quatuor
997 1959 1046 1999 et
1077 1950 1195 1998 anni
1230 1966 1320 1999 sex
1354 1950 1411 1997 in
1440 1949 1650 2016 imperio
1689 1950 1950 2013 debentur,

112 2040 243 2071 anno
271 2023 447 2070 mundi
473 2023 624 2077 5770.
657 2031 867 2071 exeunte
893 2023 955 2071 ad
986 2021 1252 2087 imperium
1278 2028 1516 2083 vocatus,
1557 2021 1619 2068 ad
1646 2022 1800 2073 5776.
1827 2038 1952 2069 ver-

110 2101 298 2142 tentem
337 2101 385 2140 et
418 2094 697 2141 absolutum
734 2093 922 2142 tenuit:
974 2109 1127 2157 quare
1158 2093 1341 2152 Carus,
1377 2091 1706 2138 Numerianus
1733 2098 1782 2138 et
1806 2091 1948 2139 Cari-

112 2181 210 2213 nus
236 2181 367 2211 anno
396 2165 552 2217 5777.
575 2164 782 2212 ineunte
806 2165 897 2212 illo
921 2163 1070 2229 potiti
1106 2169 1407 2227 postssannos
1429 2160 1553 2208 duos
1570 2197 1583 2221 ,
1621 2161 1674 2207 id
1699 2168 1771 2207 est
1792 2164 1948 2215 5778.

112 2234 292 2296 finito,
328 2235 574 2298 imperare
610 2234 887 2282 desierunt:
939 2249 1089 2297 quare
1127 2230 1421 2279 Diocletiani
1451 2230 1696 2295 auspicia,
1733 2230 1777 2278 si
1812 2247 1948 2278 con-

114 2313 307 2354 stanter
345 2305 580 2368 loquatur
615 2304 882 2367 Georgius,
928 2304 982 2350 in
1015 2302 1188 2350 mundi
1221 2302 1375 2354 5779.
1420 2317 1679 2348 removere
1728 2308 1945 2349 tenetur.

113 2377 241 2425 Aera
281 2392 433 2439 porro
469 2374 764 2422 Diocletiani
792 2393 819 2421 a
844 2373 1044 2421 Graecis
1066 2371 1385 2432 authoribus,
1422 2371 1509 2435 qui
1535 2370 1906 2418 Christianam
1891 2388 1948 2419 111

115 2446 293 2495 mundi
327 2447 481 2499 5500.
520 2446 815 2510 conserunt,
851 2444 916 2492 ad
948 2443 1121 2492 mundi
1143 2443 1298 2496 5777.
1332 2442 1521 2506 posita,
1561 2442 1804 2504 colligunt
1822 2442 1947 2505 ple-

113 2518 262 2582 rique
287 2523 574 2580 computum
596 2516 798 2565 illorum
823 2515 883 2562 ab
913 2515 1097 2575 altero,
1133 2512 1275 2560 iuxta
1304 2528 1449 2576 quem
1485 2509 1668 2560 Christi
1705 2512 1880 2559 natalis
1919 2529 1949 2559 a

115 2587 290 2635 mundi
316 2587 918 2652 5493.p1aeoccupatur‚
953 2550 1154 2634 1111111111]
1173 2582 1353 2630 habere
1373 2582 1655 2630 discrimen.
1725 2581 1830 2630 Hac
1855 2599 1948 2630 au-

113 2666 215 2706 tem
258 2658 714 2720 argumentatione,
768 2673 916 2721 quam
950 2655 1058 2720 pari
1094 2652 1329 2701 methodo
1379 2653 1625 2700 sexcentis
1663 2669 1948 2700 accommo-

115 2729 240 2777 dant
275 2727 429 2788 locis,
480 2728 744 2775 consilium
778 2743 829 2774 se
866 2724 1162 2773 stabilivisse
1194 2723 1513 2772 arbitrantur.
1587 2723 1712 2770 Aera
1744 2723 1948 2770 Diocle·-

113 2799 240 2847 tiani
269 2797 474 2864 propria
503 2815 605 2845 non
637 2815 792 2845 annos
816 2797 975 2845 solum
999 2799 1115 2849 277.
1142 2811 1169 2840 a
1193 2792 1380 2840 Christi
1407 2792 1558 2840 natali
1581 2800 1820 2855 numerat,
1859 2793 1948 2841 sed

114 2871 333 2933 integros
358 2869 477 2921 284.
508 2876 771 2933 computus
805 2867 955 2931 igitur
980 2866 1065 2913 ille
1091 2865 1389 2912 Graecorum
1414 2864 1555 2911 annis
1584 2868 1633 2917 7.
1668 2879 1831 2911 errare
1855 2880 1947 2910 ar-

117 2940 320 3005 guitur:
359 2946 409 2987 et
438 2938 772 2987 emendationi
807 2936 1120 3002 accipiendae
1149 2934 1270 2982 alios
1295 2951 1450 2981 annos
1479 2939 1528 2987 7.
1552 2935 1866 2998 expostulat.
1901 2933 1943 2980 is

116 3026 238 3059 vero
266 3016 341 3057 est
362 3009 447 3073 qui
474 3008 658 3057 Christi
688 3016 853 3057 ortum
874 3005 1050 3055 mundi
1076 3005 1232 3058 5500.
1259 3003 1542 3066 consignat:
1581 3020 1732 3067 quare
1758 3010 1817 3051 ut
1839 3002 1944 3049 sine

116 3080 242 3130 vitio
279 3079 539 3145 procedat,
575 3080 630 3127 in
666 3079 911 3144 priorem,
963 3076 1050 3142 qui
1079 3082 1245 3122 ortum
1286 3041 1493 3122 eundem
1530 3074 1674 3120 annis
1708 3077 1757 3125 7.
1795 3078 1944 3119 ante-

119 3150 296 3211 vertit,
346 3156 395 3197 et
426 3149 600 3197 mundi
637 3151 790 3204 5493.
829 3148 1039 3208 addicit,
1089 3144 1342 3207 incurrat,
1394 3152 1443 3192 et
1484 3143 1547 3190 ad
1582 3143 1686 3190 eius
1718 3157 1942 3189 normam

119 3220 401 3284 corrigatur
428 3235 678 3267 necessum
710 3228 798 3268 est
859 3218 1173 3267 Potissimum
1200 3214 1327 3276 hoc,
1347 3231 1465 3294 ..quo
1490 3213 1747 3271 nituntur,
1782 3211 1943 3259 ratio-

118 3291 198 3338 nis
221 3307 391 3338 eorum
413 3289 568 3337 robur
594 3306 769 3354 parum
794 3289 926 3354 apud
950 3305 1027 3335 me
1054 3287 1269 3347 valeret,
1307 3283 1404 3332 nisi
1428 3283 1563 3347 quod
1589 3282 1795 3329 validius
1817 3297 1940 3345 pro-

118 3367 320 3426 ponunt
348 3358 723 3408 indictionum
710 3378 762 3408 111
785 3358 882 3407 hoc
909 3366 957 3406 et
977 3358 1064 3405 illo
1087 3322 1353 3436 comptito,
1391 3352 1557 3418 quoad
1589 3350 1772 3398 Christi
1796 3357 1940 3397 nata-

118 3431 218 3478 lem
243 3429 386 3477 annis
407 3435 595 3493 septem
617 3430 735 3478 totis
763 3431 1019 3478 observata
1041 3426 1255 3475 varietas
1293 3423 1440 3490 (quae
1462 3421 1600 3469 nulla
1621 3429 1785 3467 tamen
1808 3420 1941 3467 inter

121 3500 463 3563 chronologos
502 3514 607 3548 esse
648 3499 903 3563 debuerat)
952 3497 1091 3563 quod
1134 3494 1467 3553 meditantur,
1515 3490 1789 3540 evinceret:
1841 3506 1940 3554 qua
