2222 3938
315 146 443 208 536
663 200 671 207 ,
910 151 1489 209 EMENDATIONES

317 287 475 335 leuia-s
506 302 621 335 cum
652 303 736 348 ea,
773 301 905 350 quae
938 292 1011 332 est
1047 280 1299 350 (eiusdem
1326 280 1581 349 Africani)
1619 281 1766 350 apud
1788 282 2059 334 Eusebium
2092 287 2147 334 in

315 359 404 406 lib.
432 353 655 418 ἄποδείξ.
695 366 995 421 'quanquam
1030 352 1165 401 idem
1200 355 1270 400 sit
1302 363 1672 418 argumentum.
1750 357 1966 404 Omnino
2003 357 2144 419 Ιιαεο,

315 437 373 476 ut
394 428 481 476 lzic
506 436 699 489 extant,
736 443 876 473 nemo
901 425 1209 489 assequitur.
1280 423 1511 472 Petavius
1539 425 1600 472 de
1622 426 1892 474 Doctorum
1932 427 2147 492 Tempo-

314 515 428 547 rum
449 499 549 547 lib-
565 502 646 550 12.
678 513 782 560 cap.
803 499 888 550 30.
921 494 1127 545 eandem
1154 493 1381 542 Africani
1407 495 1726 558 sententiam,
1764 503 1874 544 tum
1900 495 2002 559 hic,
2035 504 2146 545 tum

313 568 446 617 libro
480 574 686 627 octavo,
726 567 787 615 de
809 567 950 615 Dem.
988 566 1173 629 Evang.
1204 564 1313 613 aliis
1338 564 1504 615 verbis
1537 567 1672 632 apud
1692 566 1960 616 Eusebium
1983 583 2149 631 expo-

317 639 462 688 sitam
492 644 719 685 testatur.

454 708 569 771 Pag.
608 707 728 760 324.
761 701 873 756 Ἐπὶ
897 701 951 756 τὸ
974 699 1147 765 πάθος
1181 699 1364 773 προῄει
1392 703 1533 765 ε’τους
1571 700 1642 756 ιθ’
1647 705 1689 772 .]
1728 707 2002 756 Numerum
2033 723 2149 756 mu-

315 777 423 827 tavi
449 778 504 826 in
534 773 614 843 ιη’.
640 776 838 826 Eusebii
870 783 1083 837 mentem
1113 792 1217 823 eam
1247 792 1349 823 esse
1379 775 1672 839 arbitratus,
1712 777 1801 841 qui
1837 777 2147 826 succedentis

315 848 522 914 paginae
559 847 736 912 primis
774 846 939 896 verbis
974 833 1172 896 scribit:
1221 842 1341 910 μετοέ
1376 843 1432 897 τὸ
1467 843 1536 898 ιε’.
1576 846 1684 908 ἔτος
1714 849 1943 916 Τιβερίου
1981 851 2148 915 τριετῆ

317 915 501 985 χρόνον
519 922 609 983 τῆς
632 917 953 977 διδασκαλίας
977 912 1138 968 αὐτοῦ
1175 913 1437 983 (Χριστοῦ)
1477 917 1808 983 διαγενέσθαι.
1877 922 2003 966 Post
2042 919 2148 966 Ti-

316 989 441 1036 berii
472 1006 667 1036 annum
703 987 952 1036 decimam
986 990 1221 1053 quintam
1250 985 1650 1051 praedicationis
1689 988 1880 1036 Christi
1906 990 2148 1036 tliennale

314 1061 543 1123 spatium
560 1058 801 1109 durasse.-
826 1073 978 1122 quare
993 1065 1224 1106 octavum
1249 1066 1297 1106 et
1313 1058 1553 1105 decimum
1571 1058 1755 1106 Tiberii
1775 1076 1879 1107 non
1893 1076 2150 1125 superasse

317 1130 570 1179 Christum
595 1130 807 1178 Eusebio
833 1130 1017 1176 Graece
1036 1128 1264 1192 loquenti
1289 1128 1396 1193 ipse
1427 1129 1637 1176 dialecto
1658 1129 1832 1176 Latina
1855 1128 2150 1194 Hieronymi

316 1197 482 1249 studio
506 1200 721 1248 donatus
746 1199 939 1248 sibimet
967 1205 1230 1246 attestatur
1252 1215 1382 1246 anno
1411 1198 1596 1247 Tiberii
1624 1202 1704 1252 18.
1749 1198 1844 1247 Ad
1853 1203 2150 1264 passionem

316 1272 453 1317 venit
482 1288 614 1318 anno
653 1274 736 1323 18.
788 1271 908 1317 Eam
942 1269 1208 1317 lectionem
1238 1276 1410 1317 tuetur
1440 1276 1488 1316 et
1518 1268 1777 1317 certiorem
1804 1271 1984 1335 probat
2011 1272 2150 1319 Pon-

316 1348 489 1400 tacus,
527 1348 575 1388 et
607 1340 850 1388 Anastasii
883 1339 1111 1388 Vaticani
1148 1337 1293 1405 (quae
1323 1340 1384 1387 de
1411 1339 1560 1402 Regio
1593 1347 1759 1404 potest
1795 1357 1898 1388 esse
1941 1349 2149 1390 senten-

316 1407 407 1475 tia)
445 1410 746 1459 authoritate
788 1411 842 1458 in
881 1410 1184 1459 contrarium
1225 1410 1407 1474 relata,
1445 1410 1751 1474 Librarium,
1793 1411 1882 1476 qui
1918 1415 2002 1465 19.
2037 1413 2150 1462 vice

319 1484 402 1535 18.
425 1481 759 1538 substituerit,
800 1481 981 1530 erroris
1000 1480 1240 1546 postulat.

458 1548 654 1639 Γραφει
678 1549 750 1602 δὲ
756 1571 840 1602 και
868 1549 1104 1638 Φλέγων.]
1143 1550 1360 1614 Scaliger
1392 1550 1676 1617 corruptius
1708 1568 1857 1617 quam
1883 1551 2003 1616 Reg.
2030 1571 2151 1619 γρα..

319 1640 406 1685 φει
442 1620 497 1673 δὲ
530 1622 617 1673 καὶ
654 1621 781 1691 λέγει
816 1620 845 1673 ὁ
877 1641 966 1682 τας
1002 1617 1316 1687 ὄλυμπιαδας
1388 1658 1830 1671 ......
1901 1621 2016 1687 περὶ
2046 1643 2151 1673 των

319 1688 507 1742 αὐτων.
543 1692 868 1741 Balberinum
895 1699 944 1740 et
970 1693 1134 1743 Perez.
1164 1691 1432 1741 emendate.
1468 1710 1652 1759 γραφει
1686 1690 1741 1743 δὲ
1774 1692 1860 1743 καὶ
1888 1693 2088 1760 Φλέγων
2119 1692 2150 1746 ὅ

315 1781 405 1821 τας
443 1757 775 1847 ὀλυμπιάδας,
821 1763 1003 1826 quibus
1045 1779 1158 1809 cum
1200 1762 1450 1810 Chronico
1487 1763 1759 1812 Alexandr.
1799 1763 1978 1828 pagina
2025 1765 2148 1817 520.

318 1832 474 1894 addo,
500 1828 821 1915 συναγαγών.
890 1833 1191 1898 Appositum
1229 1832 1438 1882 verbum
1471 1833 1657 1897 probat
1682 1833 1886 1881 Photius
1911 1835 2148 1885 scribens.

316 1898 621 1989 ἆνεγνωσθη
653 1901 929 1968 Φλέγοντος
970 1906 1278 1969 Τραλλιανου
1307 1897 1645 1968 απελευθέρου
1669 1908 1759 1953 τοῦ
1784 1900 2150 1971 αὐτοκράτορος

315 1966 578 2037 Ἀδριανοῦ
609 1968 1034 2038 Ὀλυμπιονικων,
1071 1971 1156 2022 καὶ
1189 1975 1432 2040 χρονικῶν
1472 1969 1754 2041 συναγωγή.
1823 1976 1983 2021 Lecta
2019 1976 2150 2023 milii

316 2040 613 2107 Phlegontis
662 2043 946 2100 Tralliani,
985 2045 1093 2091 eius
1130 2046 1222 2107 qai
1257 2044 1491 2106 Augusti
1526 2042 1757 2092 Adriani·
1791 2044 2002 2093 libertas
2025 2047 2149 2110 ficit

323 2113 790 2197 Olympionicarum
818 2122 865 2160 et
896 2113 1169 2160 Chronico]
1172 2130 1259 2160 am
1286 2114 1529 2161 collectio.

457 2185 571 2247 Pag.
610 2178 769 2237 325.
767 2179 868 2233 Ὀτι
894 2180 984 2248 μὲν
1007 2179 1174 2251 ,εφλαῖ
1201 2179 1313 2248 ου’χὶ
1347 2181 1402 2234 δὲ
1438 2178 1626 2250 stipis]
1668 2183 1974 2233 Graecorum
2005 2202 2147 2234 com-

315 2260 555 2317 putorum
599 2253 918 2317 reponendae
954 2253 1139 2302 rationi
1185 2253 1379 2302 disertis
1417 2254 1668 2302 illustrata
1724 2255 2146 2305 observationibus

316 2324 573 2388 sequentia
607 2324 781 2372 retulit
815 2324 1044 2372 Petavius
1077 2324 1139 2371 ad
1170 2324 1319 2374 Auct.
1360 2326 1526 2390 operis
1568 2324 1630 2373 de
1659 2324 1893 2374 Doctlina
1926 2326 2146 2392 Tempo-

158 2400 211 2444 P.
242 2401 296 2444 79
318 2411 434 2442 rum
468 2393 642 2442 Variai
647 2411 726 2441 um
752 2394 994 2445 dissertat.
1020 2394 1150 2442 libro
1178 2403 1381 2456 octavu,
1419 2400 1476 2442 eti
1492 2411 1552 2442 ex
1581 2394 1882 2465 authoritate
1914 2397 2146 2463 Evange-

263 2465 266 2469 ’
316 2464 417 2512 lica
437 2463 733 2512 Africanum
755 2464 918 2515 verbis
938 2465 1047 2513 istis
1077 2482 1224 2530 quam
1252 2473 1386 2513 recte
1409 2464 1642 2528 redargui
1666 2472 1892 2519 testatur.

88 2560 90 2562 >
148 2541 201 2586 V.
230 2543 289 2586 72
459 2531 562 2585 Δια
586 2553 639 2586 το
671 2533 937 2601 ειρημένον
963 2530 1151 2601 Ἰησους
1178 2533 1233 2586 δὲ
1255 2529 1358 2601 ἦν]
1394 2536 1452 2583 In
1474 2537 1624 2601 plano
1651 2553 1876 2601 puroque
1901 2538 2016 2586 loco
2043 2538 2145 2587 mi-

318 2620 407 2652 101·
438 2621 667 2653 errorum
702 2605 995 2654 colluviem.
1031 2605 1088 2653 in
1120 2607 1237 2669 Reg.
1277 2605 1478 2670 quidem
1507 2614 1556 2654 et
1578 2607 1740 2654 Perez.
1769 2603 1845 2658 σι’.
1876 2605 1930 2659 δὲ
1954 2602 2053 2674 viv:
2089 2609 2146 2656 111

318 2674 515 2722 Bar-‚ber
539 2691 656 2723 veio
683 2675 859 2723 diffuse
883 2675 1063 2724 scribi.
1099 2672 1444 2728 διακοσιοστὸν
1471 2675 1680 2728 δέκατον
1703 2669 1813 2728 δὲ
1774 2696 1857 2742 ην.
1897 2678 2020 2728 eum
2046 2680 2142 2728 Pe-

317 2751 420 2792 tav.
452 2744 669 2808 reposui.
702 2739 892 2827 Ἰησοῦς
914 2743 968 2796 δὲ
991 2739 1075 2811 ἦν.

458 2809 611 2864 Ἐτῶν
645 2809 729 2880 λγ’.
770 2814 856 2865 καὶ
883 2814 1071 2883 ἡμέρας
1107 2835 1224 2882 μιας
1256 2819 1325 2886 τῷ
1359 2813 1524 2884 εφλδ’.
1536 2815 1555 2880 ]
1606 2815 1806 2864 Annum
1842 2833 1906 2865 ex
1941 2817 2143 2883 Georgii

319 2892 555 2950 computo
596 2884 819 2948 passioni
856 2885 1044 2936 Christi
1077 2895 1450 2950 consecratum,
1503 2895 1551 2935 et
1590 2886 1760 2934 aetatis
1796 2886 1900 2935 eius
1935 2889 2140 2938 tertium

320 2972 379 3002 ac
411 2953 715 3004 tricesimum
749 2963 982 3019 putatum
1010 2973 1149 3004 aerae
1184 2957 1505 3005 Christianae·
1524 2956 1802 3005 secundum
1827 2975 1978 3037 supra
2008 2976 2139 3024 qua-

319 3025 645 3088 dragesimum
673 3040 774 3072 esse
802 3025 1020 3074 declarat
1039 3027 1267 3076 Petavius
1282 3027 1379 3074 hoc
1402 3034 1550 3091 pacto
1577 3026 1679 3073 loci
1704 3026 1843 3075 citati
1862 3033 2137 3093 pagg.298.

319 3102 367 3143 et
400 3098 520 3148 302.
560 3095 714 3141 Aerae
749 3094 1057 3162 Christianae
1086 3114 1243 3144 annus
1267 3097 1350 3150 42.
1376 3096 1418 3143 is
1443 3103 1736 3144 numeratur
1760 3096 1816 3144 in
1844 3099 1984 3147 cuius
2009 3099 2138 3148 diem

315 3165 485 3214 Martii
503 3167 588 3218 23.
612 3163 799 3211 decima
821 3175 994 3227 quarta
1020 3166 1243 3213 Paschali
1269 3165 1447 3213 incidit
1472 3166 1593 3214 feria
1614 3175 1767 3230 sexta,
1795 3176 1855 3215 ut
1878 3186 1939 3217 ex
1965 3169 2137 3218 Astro-

317 3234 531 3283 nomicis
565 3233 746 3281 tabulis
782 3243 997 3284 constat:
1036 3236 1177 3300 isque
1207 3236 1337 3282 idem
1368 3253 1524 3288 annus
1553 3244 1653 3298 est,
1691 3238 1776 3301 qui
1805 3240 2050 3288 Panodori
2088 3250 2136 3288 et

318 3304 644 3353 Alexandrini
667 3305 885 3369 computi
906 3306 1239 3352 monumentis
1268 3305 1673 3357 Clu-istiDmnini
1697 3308 1870 3356 tertius
1898 3326 1956 3356 ac
1978 3310 2134 3357 trice-

320 3376 473 3423 simus
501 3375 560 3422 ab
594 3374 699 3422 cius
726 3374 877 3421 natali
909 3375 1081 3422 mundi
1113 3375 1264 3428 5493.
1295 3377 1580 3440 consignato
1616 3379 1925 3426 aestimatur:
1966 3381 2132 3428 Geor-

318 3446 425 3509 gius
451 3463 601 3511 porro
629 3445 771 3494 annis
793 3444 899 3493 aliis
926 3452 1039 3494 octo
1066 3444 1244 3494 Christi
1271 3448 1481 3496 natalem
1515 3464 1698 3496 annum
1724 3449 1774 3496 in
1803 3451 1955 3505 5501.
1982 3450 2130 3498 nimi-
