2222 3938
293 182 422 246 454
909 174 1499 248 EMENDATIONES'

294 324 471 385 fidem,
507 341 724 375 errorem
746 321 953 390 perinde
986 321 1405 388 exprobraturus,
1440 321 1635 371 incusat
1667 320 1920 386 Scaliger?
1957 322 2123 388 Caput

295 396 626 444 accusationis
652 403 753 457 est,
790 393 923 458 quod
947 410 1120 457 regum
1145 392 1462 457 Assyriorum
1486 411 1744 441 numerum
1778 401 1827 440 et
1849 410 2003 441 annos
2038 394 2123 442 de-

293 466 576 532 scripturus
618 465 859 514 Eusebius
899 463 1126 512 Africani
1161 463 1404 511 laterculo
1451 464 1598 512 fuerit
1630 481 1774 512 usus:
1831 464 2122 511 Africanum

293 554 446 603 porro
480 553 615 600 reges
649 537 734 588 41.
783 543 1128 584 numerantem
1169 534 1350 582 deserit
1396 534 1660 595 Eusebius,
1713 542 1763 582 et
1799 550 1862 581 ex
1896 534 2123 582 Africani

293 608 436 670 albo,
474 618 597 671 quos
617 607 757 667 vult,
791 606 987 670 regibus
1022 604 1315 671 expunctis,
1352 605 1482 652 solos
1524 608 1606 659 36.
1638 612 1889 666 recenset,
1927 612 1976 652 et
2009 621 2123 669 per-

290 678 409 726 :inde
453 685 689 741 sequutus
726 677 1044 734 Africanum,
1093 675 1319 724 Africani
1352 675 1532 723 deserit
1565 676 1933 724 authoritatem.
2005 676 2123 735 Quo

291 756 440 809 teste,
480 765 577 812 quo
615 748 766 795 nixus
791 747 1035 808 authore,
1074 763 1137 795 ex
1174 746 1397 794 Africani
1430 747 1760 794 monumentis
1797 745 2124 810 Assyriorum

287 834 460 881 regum
501 817 801 882 diagramma
843 818 1100 882 digessisse
1144 817 1412 865 Eusebium
1453 817 1671 880 Scaliger
1718 817 1969 864 asseruit?
2024 815 2124 863 Ubi

287 888 515 937 Africani
535 889 870 938 laterculum?
909 888 1134 936 Contulit
1161 905 1276 935 cum
1298 887 1496 935 Eusebii
1532 888 1904 951 diagrammate,
1941 895 2000 935 ut
2024 886 2125 934 hoo

289 976 352 1007 ex
381 959 477 1006 alio
509 959 781 1008 deductum
803 959 1094 1008 attestetur?
1130 959 1204 1006 Ita
1228 958 1462 1016 coniecit,
1498 957 1568 1005 ita
1603 959 1809 1023 placuit.
1881 959 1947 1005 At
1973 975 2123 1022 quam

286 1030 509 1078 incertus
535 1031 707 1093 testis,
745 1038 793 1078 et
819 1047 1055 1096 praeceps
1081 1029 1235 1077 iudex
1262 1029 1556 1077 sententiam
1583 1030 1762 1076 tulerit
1795 1029 1964 1093 paucis
1997 1029 2122 1076 edo-

290 1108 369 1148 cet
401 1109 570 1149 noster
607 1101 877 1164 Georgius,
918 1102 1005 1166 qui
1040 1117 1143 1148 non
1168 1099 1419 1161 Africani,
1463 1101 1549 1147 sed
1578 1099 1798 1146 Castoris
1823 1098 2123 1147 authoritate

284 1171 418 1218 solos
452 1173 537 1225 36.
577 1172 894 1236 Assyriorum
940 1187 1077 1233 reges
1127 1171 1433 1218 recensuisse
1472 1169 1551 1217 his
1586 1170 1754 1217 verbis
1787 1169 2018 1218 affirmat.
2091 1168 2124 1220 ὅ

284 1240 540 1306 Εὐσέβιος
559 1246 632 1312 τῷ
656 1237 879 1307 Κάστορι
905 1245 1094 1306 μᾶλλον
1119 1235 1476 1304 ἀκολουθήσας
1493 1280 1507 1302 ,
1545 1233 1607 1290 οὗ
1627 1260 1710 1289 και
1732 1236 1825 1303 τὴν
1849 1240 2123 1324 μαρτυρίαν

283 1307 583 1394 προήγαγεν.
643 1312 783 1375 Regii
808 1313 981 1360 saltem
1005 1311 1276 1374 marginem
1303 1311 1731 1357 animadvertisset
1755 1311 1995 1374 Scalige13
2045 1307 2123 1361 ὅτι

283 1386 351 1450 τῷ
377 1377 598 1448 Κάστορι
624 1377 899 1432 ακολουθεῖ
922 1377 1190 1447 Εὕσέβιος.
1262 1381 1398 1429 Haec
1420 1380 1608 1445 paliter
1635 1381 1674 1429 si
1701 1381 2008 1429 observasset
2030 1383 2122 1428 Pe-

283 1452 449 1500 tavius
482 1453 569 1502 lib.
614 1458 664 1507 9.
709 1453 770 1500 de
812 1454 954 1503 Doct.
991 1453 1161 1517 Temp.
1196 1467 1303 1516 cap.
1347 1457 1427 1504 12.
1463 1451 1655 1498 diversa
1699 1452 1896 1515 penitus
1936 1453 2035 1499 tela
2068 1452 2122 1499 in

281 1523 582 1586 Scaligerum
618 1523 960 1572 adversarium
993 1522 1328 1571 contorsisset.
1405 1522 1578 1569 Castor
1615 1539 1766 1585 porro
1802 1530 2122 1584 memoratus,

279 1592 351 1640 ait
388 1593 591 1653 SuidaS,
642 1590 986 1659 φιλορώμαιος
1026 1593 1343 1657 cognomine,
1398 1592 1459 1640 de
1496 1592 1772 1656 Babylone,
1819 1600 1867 1640 et
1903 1593 1993 1655 iis,
2033 1591 2121 1657 qui

279 1663 431 1712 maris
465 1664 792 1713 obtinuerunt
825 1665 1120 1728 imperium,
1174 1662 1447 1711 Chronicos
1486 1678 1703 1725 errores,
1753 1670 1802 1710 et
1840 1663 1937 1710 alia
1965 1664 2121 1711 edidit

281 1734 660 1798 commentaria,
699 1735 761 1783 de
800 1735 977 1800 quibus
1011 1734 1213 1797 Suidas,
1253 1742 1301 1782 et
1338 1733 1581 1782 Eusebius
1623 1734 1688 1781 ad
1725 1750 1909 1782 annum
1961 1735 2120 1782 Abra-

279 1803 373 1852 hae
410 1808 528 1857 881.

422 1875 536 1937 Pag
572 1877 688 1927 169.
722 1868 807 1924 Ἐν
830 1870 1044 1945 ουδεμιᾷ
1069 1894 1172 1925 των
1195 1892 1371 1941 τριχως
1401 1871 1719 1939 παραθέσει]
1759 1874 1819 1922 Ιη
1840 1873 1965 1922 haec
1994 1876 2121 1923 Sca-

281 1944 407 2007 liger
435 1944 697 1994 Animadv.
735 1961 845 2009 pag.
885 1946 1004 1999 254.
1076 1945 1284 1994 Acriter
1319 1962 1433 1991 cum
1458 1945 1677 1993 Eusebio
1708 1945 1949 2008 Georgius
1975 1963 2120 2010 expo-

280 2014 473 2075 stulat,
512 2013 651 2079 quod
671 2017 952 2079 propositis·
986 2015 1152 2063 tribus·
1188 2013 1524 2076 editionibus,
1568 2016 1767 2063 Graeca
1798 2021 1882 2069 70.
1959 2017 2120 2064 Inter-

270 2053 498 2152 pretuni,
533 2085 794 2132 Hebraica
821 2084 1151 2148 Iudaeorum,
1179 2086 1442 2133 Hebraica
1469 2088 1880 2147 Samaritarum,
1917 2087 2120 2134 nullam

281 2165 452 2202 tamen
472 2173 650 2202 earum
669 2157 916 2219 sequitur.
987 2159 1258 2204 Praeterea
1283 2155 1424 2221 quod
1445 2174 1583 2221 reges·
1606 2156 1943 2219 Assyriorum
1965 2159 2118 2204 muti.

279 2227 490 2286 laverit,
537 2230 846 2292 utfrationes
870 2244 998 2273 suas
1020 2235 1273 2290 aequaret.
1311 2226 1446 2274 Haec
1468 2227 1553 2274 ille
1584 2226 1852 2290 Georgium
1880 2228 2116 2290 referem,

276 2313 370 2345 nec
397 2296 663 2344 Eusebium
688 2314 714 2343 a
741 2297 950 2358 Georgio
980 2297 1268 2344 damnatum
1309 2297 1368 2343 ab
1399 2296 1791 2344 hallucinatione
1831 2299 2116 2350 vendicans.

276 2367 412 2414 Idem
435 2366 697 2415 Animadv.
720 2384 829 2431 pag.
860 2367 944 2420 35.
971 2367 1238 2414 Eusebiani
1271 2367 1494 2432 computi
1519 2368 1578 2414 ab
1606 2367 1717 2416 aliis
1741 2367 2116 2432 Chronologicis

275 2437 331 2484 in
353 2454 512 2484 cmnos
538 2436 602 2483 ab
627 2455 679 2483 eo
704 2439 916 2484 omissos
933 2447 1142 2502 propter
1175 2441 1380 2487 Καϊνᾶυ
1414 2434 1645 2504 δεύτερον
1662 2474 1676 2495 ,
1715 2447 1772 2485 et·
1788 2440 1927 2486 alias·
1953 2441 2117 2487 ratio·-

278 2525 392 2566 nes,
443 2525 575 2571 quas
605 2506 847 2571 producit
899 2509 1149 2572 Georgius
1186 2508 1351 2556 reiicit
1390 2507 1744 2574 differentiam.
1805 2512 2116 2559 Praeter-lvii

277 2580 408 2624 enim
441 2578 640 2625 Cainan
667 2578 884 2624 alterum
900 2615 914 2639 ,
953 2581 1045 2643 qui
1066 2579 1256 2642 legitur
1280 2581 1411 2626 inter
1426 2588 1656 2643 posteros·
1682 2580 1789 2627 ,Noe
1816 2581 1872 2626 in
1897 2579 2115 2627 editione

277 2652 366 2700 70.
404 2649 683 2696 Seniorum.
755 2648 947 2730 Itaque
985 2657 1058 2695 est
1094 2645 1347 2714 ἀλογιστία
1378 2650 1682 2710 familiaris
1723 2650 1974 2707 Eusebio,
2021 2653 2114 2714 qui

278 2734 378 2764 non
404 2721 684 2766 meminerit
713 2737 764 2766 se
796 2721 1024 2766 omisisse
1058 2719 1207 2765 illum
1242 2716 1467 2782 Cainan,
1506 2728 1553 2767 et
1589 2729 1758 2768 tamen
1783 2717 1912 2767 dicit
1935 2738 2115 2768 ‹secun-

279 2785 403 2834 dum
432 2790 847 2854 7OInte1pretes
870 2807 1137 2838 numerum
1163 2792 1241 2836 ita
1264 2789 1458 2837 habere.
2112 2822 2116 2830 ι

424 2853 629 2908 Ου’κουν
649 2855 903 2926 ποόὸηλον
927 2857 1037 2923 ότι.]
1078 2860 1295 2923 seatium·
1321 2860 1578 2909 Animadv.
1604 2877 1712 2925 pag.
1747 2858 1829 2914 14.
1890 2859 2110 2909 Videbat

277 2926 558 2994 (Eusebius)
594 2929 729 2976 hunc
752 2933 870 2992 fere
904 2933 1127 2979 omnium
1160 2933 1462 2994 scriptorum
1489 2949 1779 2979 consensum
1803 2948 1929 2993 esse,
1971 2932 2109 2980 Teu-

277 3008 455 3059 ιαηεη,
504 3001 607 3047 Sive
653 3001 926 3047 Teutamon,
964 3004 1048 3055 27.
1099 3000 1430 3064 Assyriorum
1464 3019 1626 3065 regem
1660 3003 1922 3065 suppetias
1955 3004 2112 3064 ivisse

276 3071 520 3130 Priamo,·
555 3077 601 3115 et
623 3078 789 3117 tamen
811 3071 875 3117 ab
897 3074 1005 3119 eius
1028 3073 1174 3118 initio
1199 3078 1269 3116 aw'
1294 3069 1543 3118 excidium
1566 3072 1750 3118 Troiae
1775 3073 2107 3120 intervallum

278 3157 380 3186 esse
421 3139 538 3193 246.
577 3156 634 3186 ex
677 3138 1079 3188 dinumeratione
1118 3139 1378 3202 Africani.
1455 3140 1714 3204 Quomodo
1753 3144 1918 3206 igitur
1960 3152 2104 3191 tanto

273 3209 682 3259 Anaclzronismo
714 3220 990 3258 occurreret
1027 3212 1189 3257 aliam
1223 3212 1363 3258 viam
1395 3228 1497 3257 non
1532 3207 1740 3275 reperit,
1781 3230 1939 3276 quam
1972 3215 2020 3260 si
2054 3213 2108 3266 4.

278 3299 416 3345 reges
429 3316 445 3341 ,
486 3282 576 3345 qui
589 3288 708 3345 post
740 3282 995 3327 Teutanen
1017 3288 1322 3344 regnarunt,
1362 3291 1672 3346 expungeret,
1709 3291 1754 3329 et
1778 3286 1854 3330 ita
1879 3293 2106 3347 tempora

286 3352 506 3398 Troiana
530 3367 681 3415 regno
723 3353 961 3400 Teutanis
984 3349 1394 3398 accommodaret.
1465 3353 1606 3399 Iiinc
1642 3352 1832 3402 accidit
1847 3356 1849 3359 ’
1855 3356 2109 3417 primum,

277 3431 335 3467 ut
379 3438 572 3468 atinum
608 3422 735 3469 N'ini
773 3421 857 3474 43.
895 3438 994 3484 quo
1033 3420 1301 3468 Abraham
1345 3429 1523 3469 natum
1560 3423 1661 3470 sihi
1685 3426 1949 3488 persuasit
1981 3424 2102 3478 243.

275 3493 427 3540 annis
444 3501 616 3558 postea
618 3510 696 3540 ιο)
698 3509 770 3540 em
780 3493 991 3556 saciat
1020 3488 1201 3542 deinde
1226 3500 1285 3540 ut
1301 3508 1399 3557 pro
1425 3494 1506 3548 41.
1531 3511 1619 3559 rge
1591 3493 1738 3543 aibas
1771 3493 2101 3560 Assyriorwn
