2222 3938
671 180 771 235 ET
807 179 1398 240 ANNOTATIONES.
1823 170 1948 232 359

263 312 374 375 Pag.
402 314 486 366 29.
521 307 666 361 Κατοῖ
684 307 738 361 δὲ
759 305 1023 377 ἰσόψηφον
1039 305 1273 378 Σελήνῃ]
1301 305 1550 376 ’Ῑσόψηφα
1566 311 1723 373 Sunt,
1752 309 1822 359 ait
1836 313 1949 359 Sca-

123 382 271 447 liger,
312 398 525 446 quorum
554 382 729 429 literae
767 381 1042 430 secundum
1058 392 1360 448 potestatem
1394 398 1713 429 numerorum
1742 380 1948 429 eandem

122 470 372 500 summam
395 453 684 517 conficiunt.
722 453 797 499 At
815 448 1048 504 θάλασσα
1072 463 1192 501 sunt
1207 454 1325 507 441.
1350 451 1542 520 (melius
1560 457 1783 518 putasset
1798 449 1946 521 442.)
1975 461 2028 506 P.
2053 465 2106 510 11

121 518 304 588 σελήνη
334 532 501 570 autem
537 527 658 576 291.
699 522 915 587 (reperio
946 541 1031 588 ego
1059 527 1196 588 301.)
1234 522 1483 589 quomodo
1517 525 1678 587 igitur
1711 517 1951 588 ἰσόψηφοι

119 610 222 640 esse
247 593 358 641 ait?
396 592 497 641 Sed
510 595 746 656 fortasse
775 593 1052 642 Clzaldaice
1075 604 1193 642 sunt
1213 590 1462 659 ἰσόψηφοι.
1517 595 1593 642 Ne
1617 594 1693 639 aio
1717 591 1949 658 quidem.-

121 672 167 711 et
194 681 294 728 quo
318 665 523 728 longius
552 681 587 709 α
610 681 722 711 vero
750 664 1027 728 recedetur,
1065 683 1117 712 eo
1142 667 1362 730 propius
1388 663 1463 711 ad
1480 682 1647 729 nugas
1671 662 1950 714 accedetur.

117 734 374 798 Nugarum
403 751 516 798 ergo
553 742 732 782 metam
770 735 988 798 Scaliger
1020 736 1209 800 attigit,
1247 735 1336 800 qui
1366 730 1598 801 ἰσόψηφοι
1628 735 1681 782 in
1711 734 1950 798 numeris,

119 812 170 853 et
198 822 302 853 non
329 805 382 852 in
409 821 579 853 sensus
609 805 822 870 paritate
849 805 1056 870 quaerit.

259 876 374 939 Pag.
411 879 497 928 31.
541 870 622 925 'Ev
661 881 766 935 τοῖς
809 875 1142 943 Κορκυραίων
1194 870 1332 940 ὄρεσι
1370 877 1460 939 τῆς
1493 867 1807 941 Ἀρμενίας]
1863 870 1949 938 Τό,

121 947 488 1012 Κορκυραίων,
523 946 814 995 mendosum
842 955 942 1008 est,
982 945 1121 994 cuius
1145 944 1258 994 vice
1282 945 1624 1010 reponendum
1649 961 1714 993 ex
1734 945 1950 1010 Iosepho

117 1017 452 1083 Κορδυαίων,
488 1033 552 1063 ex
568 1016 848 1082 Epiphanio
874 1015 1151 1084 Καρδυέων
1167 1052 1182 1077 ,
1220 1022 1270 1063 et
1297 1032 1359 1063 ex
1383 1014 1586 1064 Petavio
1610 1015 1666 1062 in
1685 1015 1947 1067 Animadv-

118 1085 182 1135 ad
205 1085 539 1153 Epiphaniam
568 1087 862 1153 Γορδιαίου,
900 1087 1037 1152 quod
1061 1084 1293 1133 Chaldaei
1316 1084 1658 1151 pronunciant
1688 1085 1875 1136 Corda.

256 1156 558 1223 Διαμένειν.]
598 1159 877 1206 Attestatur
900 1156 1137 1223 Iosephus
1170 1156 1256 1204 lib.
1291 1160 1340 1209 1.
1378 1174 1490 1222 cap.
1518 1159 1569 1209 4.
1607 1155 1661 1206 οἱ
1690 1151 1950 1223 ἐπιχώριοι

21 1243 31 1250 “
112 1221 364 1295 Ἀρμένιοι
396 1225 456 1278 τὰ
491 1229 707 1291 λείψανα
743 1232 837 1293 τῆς
868 1230 1086 1294 κιβωτοῦ
1122 1221 1507 1278 ἐπιδεικνύουσι.
1555 1225 1744 1293 λέγεται
1775 1224 1830 1277 δὲ
1863 1224 1951 1277 καὶ

115 1302 209 1349 τοῦ
235 1300 415 1349 πλοίου
441 1297 494 1349 ἒν
517 1302 580 1368 τῇ
604 1294 836 1368 Ἀρμενίᾳ
859 1296 984 1367 πρός
1009 1302 1078 1366 τῷ
1105 1294 1211 1364 ὅρει
1233 1300 1337 1347 τῶν
1371 1298 1671 1363 Κορδυαίων
1708 1295 1778 1346 ἔτι
1800 1295 1951 1365 μέρος

116 1368 161 1419 τὶ
202 1364 359 1431 εἶναι,
395 1368 477 1419 καὶ
505 1370 725 1434 κομίζειν
750 1366 892 1429 τινὰς
914 1373 1002 1434 τῆς
1034 1363 1295 1432 οἷσφᾶλτου
1323 1361 1687 1434 ἀφαιροῦντας.
1733 1370 1950 1434 χρῶνται

119 1437 175 1490 δὲ
214 1435 426 1504 μάλιστα
459 1441 511 1491 οἱ
530 1437 814 1503 ’ἄνθρωποι
847 1443 920 1508 τῷ
954 1438 1261 1506 κομιζομένῳ
1301 1434 1428 1504 πρός
1462 1433 1580 1498 τούς
1614 1432 1950 1503 ἀποτροπιασ-

118 1506 264 1576 μούς.
309 1510 522 1558 Armeni
543 1511 737 1558 incolae
754 1511 1005 1574 reliquias
1027 1527 1176 1556 arcae
1203 1508 1566 1560 demonstrant,
1613 1509 1797 1555 Fertur
1817 1509 1949 1555 enim

117 1590 164 1628 et
200 1583 405 1646 navigii
440 1581 601 1627 leuius·
631 1598 761 1644 pars
787 1579 862 1627 ad
899 1589 1114 1627 montem
1156 1577 1534 1641 Gordyaeorum
1581 1595 1832 1642 superesse
1850 1614 1865 1641 .‚
1903 1586 1951 1624 et

116 1650 370 1716 quosdam
395 1651 617 1698 bitumen
642 1650 758 1698 inde
785 1651 1028 1698 abrasum
1052 1659 1333 1714 reportare:
1369 1667 1464 1713 quo
1489 1651 1594 1697 vice
1618 1648 1828 1695 amuleti
1848 1649 1967 1695 loei‘

115 1724 223 1769 eius·
266 1721 490 1769 homines
526 1724 607 1768 uti
638 1722 811 1772 solent.
895 1720 1207 1785 Epiphanius
1243 1719 1410 1767 statim
1446 1718 1590 1766 initio
1625 1717 1834 1767 Panarii.
1890 1717 1949 1769 ἐν

112 1798 219 1852 τοῖς
244 1789 377 1858 ὄρεσι
402 1796 494 1843 τοῦ
517 1787 728 1858 Ἀραρόιτ
761 1787 1014 1857 ἅναμέσον
1043 1786 1313 1856 Ἀρμενίων
1348 1788 1432 1839 καὶ
1467 1786 1746 1855 Καρδυέων
1784 1787 1840 1838 ἐν
1875 1789 1949 1856 τῷ

113 1860 326 1928 Λουβοῖρ
356 1859 462 1929 ὄρει
487 1861 794 1931 καλουμένῳ.
861 1861 923 1910 In
949 1861 1172 1909 Arar-ati
1201 1860 1458 1907 montibus
1483 1859 1781 1909 Armeniam
1818 1859 1948 1908 inter

114 1942 161 1980 et
189 1931 430 1982 Cardieos
466 1935 522 1980 in
560 1933 769 1981 Labare
802 1933 938 1981 colle.
1011 1931 1201 1980 Luban
1238 1947 1397 1996 prave
1437 1929 1638 1994 scripsit
1677 1929 1946 1977 Cedrenus.

111 2004 306 2052 Massia
333 2003 558 2051 moderni
585 2010 771 2051 vocant
800 2002 1021 2064 incolae,
1061 2009 1110 2050 et
1133 2002 1264 2048 inter
1290 2008 1507 2065 aggestas
1539 1999 1678 2047 nives
1706 1998 1946 2062 reliquias

113 2075 225 2122 illas
256 2074 498 2123 asservari
530 2074 845 2139 praedicant:
897 2072 1080 2120 montis
1117 2071 1381 2133 verticem,
1421 2087 1612 2135 quaqua
1646 2086 1736 2134 per
1765 2086 1945 2133 gyrum

113 2145 296 2193 eminet
323 2153 372 2192 et
409 2144 744 2208 conspicitur,
780 2143 858 2191 illi
890 2150 1221 2192 venerantur:
1275 2141 1335 2188 ab
1371 2157 1574 2188 accessu
1610 2139 1710 2187 loci
1752 2147 1944 2186 secreta

110 2215 328 2275 virtute,
367 2213 439 2261 sic
468 2214 544 2260 illi
579 2222 850 2274 testantur,
889 2231 940 2261 se
969 2212 1250 2278 prohiberi:
1298 2211 1561 2275 solumque
1587 2209 1735 2256 Iacob
1765 2210 1942 2256 Mous-

110 2290 278 2352 pono‘e
323 2283 657 2346 Catholicum,
703 2284 756 2330 id
797 2291 871 2330 est
906 2283 1164 2330 Armeniae
1199 2281 1487 2341 Primatem,
1525 2280 1646 2342 ligni
1687 2280 1941 2342 fragmen-

110 2365 221 2404 tum
248 2355 306 2402 ab
338 2355 520 2417 Angelo
543 2361 800 2418 acceptum
826 2354 880 2399 in
905 2353 1091 2417 oppido
1118 2351 1290 2414 Aquiri
1316 2351 1379 2398 ad
1404 2349 1588 2397 montis
1622 2348 1815 2397 radices
1846 2348 1940 2395 de-

111 2426 362 2492 posuisse,
417 2441 494 2471 me
538 2424 792 2484 audiente,
844 2423 1111 2470 narrabant
1147 2420 1350 2468 Armeni
1401 2421 1492 2472 PP.
1538 2418 1742 2466 Ordinis
1783 2418 1938 2466 Prae-

113 2497 394 2545 dicatorum
415 2493 511 2541 soli
545 2494 659 2542 fidei
687 2493 1008 2542 Orthodoxae
1033 2508 1190 2556 usque
1213 2490 1366 2539 hodie
1401 2506 1496 2556 per
1521 2489 1807 2538 Armeniam
1834 2505 1939 2537 au·-

111 2566 350 2616 thoritate
374 2566 660 2629 Apostolica
687 2580 976 2629 praecones.

253 2638 364 2700 Pag.
401 2641 484 2689 32.
522 2632 618 2685 Διό
651 2633 737 2685 καὶ
758 2631 819 2683 τοὶ
845 2632 1086 2700 περὶτῶν
1118 2625 1379 2696 circatorum]
1415 2629 1505 2678 His
1527 2630 1660 2678 inter
1691 2627 1936 2677 Animad-

110 2707 364 2758 versiones
390 2722 501 2772 pag.
525 2706 643 2759 246.
674 2723 701 2751 a
728 2705 974 2767 Scaligero
1011 2702 1204 2763 relatis,
1242 2701 1423 2749 Auiani
1457 2708 1505 2748 et
1537 2699 1785 2748 Panodori
1819 2716 1936 2747 sen-

112 2779 263 2827 tentia
291 2795 393 2825 non
426 2776 724 2840 reprobatur
746 2774 977 2840 penitus,
1020 2772 1260 2836 Georgius
1295 2788 1414 2821 vera
1448 2771 1628 2820 validis
1663 2769 1937 2819 rationibus

117 2865 223 2898 eam
241 2849 509 2896 insectatus
534 2846 782 2894 laudatur.

258 2922 408 2969 Ποιεῖ
427 2917 532 2976 ἔτος
555 2917 638 2975 ἓν,
677 2916 763 2967 καὶ
784 2918 947 2981 μῆνας
973 2909 1121 2975 ἔπτὰ,
1155 2909 1240 2962 καὶ
1265 2904 1549 2977 ἑβδομάδας
1570 2907 1738 2975 τρεῖς]
1778 2908 1935 2981 Aliter

115 2989 318 3052 Regium
343 2997 391 3036 et
416 2988 623 3035 obscure
653 2987 851 3052 penitus
867 3023 880 3048 ,
916 2986 1013 3032 hoc
1037 2990 1186 3048 pacto
1212 2985 1364 3046 νῆρος
1389 2975 1447 3045 χ’.
1468 2979 1649 3047 ἡμέραι
1670 2984 1808 3030 ποιεῖ
1826 2978 1932 3037 ἔτος

110 3060 282 3110 ἓνυ.
310 3053 366 3124 γ’.
406 3074 529 3122 quae
559 3074 774 3123 expanse
799 3064 848 3103 et
871 3054 1102 3103 nonnihil
1125 3060 1344 3101 correcte
1378 3051 1562 3116 scripta
1588 3051 1811 3098 referunt
1843 3051 1932 3112 νῆ-

118 3148 206 3194 ρος
253 3127 519 3188 ἑξακοσίων
549 3126 751 3194 ἡμερῶν
789 3131 926 3176 ποιεῖ
962 3125 1066 3184 ἔτος
1096 3124 1182 3186 ἓν,
1212 3122 1296 3172 καὶ
1326 3117 1511 3186 ἥμισυ,
1547 3119 1631 3170 καὶ
1658 3112 1929 3186 τριμόριον.

115 3200 295 3247 Notam
318 3199 592 3263 ·quippeQ
627 3195 709 3259 τὰ,
758 3193 914 3262 ἥμισυ
965 3194 1241 3259 significare
1281 3192 1372 3240 soli
1422 3199 1651 3239 notarum
1700 3187 1932 3236 nesciunt

117 3268 302 3334 ignari:
339 3264 424 3330 τό,
460 3263 518 3333 γ’.
557 3263 839 3334 τριμόριον,
877 3267 980 3314 sive
1017 3266 1182 3330 τρίτον
1214 3262 1361 3330 μέρος
1402 3266 1785 3327 repraesentare.
1855 3256 1928 3303 Ita

117 3339 303 3405 quippe
338 3347 688 3401 comparantur
717 3337 909 3385 numeri
947 3335 1114 3400 plures
1147 3333 1358 3382 invicem
1385 3350 1436 3380 se
1468 3337 1723 3394 sequentes
1756 3335 1813 3373 ut
1845 3341 1926 3373 se-

118 3412 306 3459 cundus
342 3408 407 3455 sit
442 3409 619 3472 primi,
665 3408 841 3455 tertius
869 3406 1071 3453 secundi
1106 3404 1313 3467 fractio:
1353 3403 1426 3449 sic
1461 3399 1564 3466 ὥρα
1597 3399 1711 3462 μία,
1750 3389 1829 3447 ια’.
1855 3389 1925 3445 δ”.

116 3477 199 3545 aym.
236 3479 360 3527 hora
384 3495 502 3539 una,
543 3474 636 3531 11'.
662 3473 739 3531 4⁰.
759 3473 845 3530 8'''.
873 3477 1047 3524 horam
1069 3492 1246 3537 unam,
1283 3474 1471 3524 minuta
1490 3467 1748 3529 undecim,
1780 3481 1925 3515 scru-
