2112 3854
202 211 286 267 36
840 213 909 267 G.
948 214 1019 268 G.
1055 213 1397 271 BREDOVII

197 345 422 396 infinitae
457 345 791 396 multitudinis
813 361 918 394 non
945 343 1138 394 amissa.
1211 345 1396 394 Eodem
1441 343 1590 394 modo
1615 344 1664 393 et
1687 345 1900 395 aliorum
1921 362 2022 396 nu-

198 432 449 466 merorum
490 417 690 464 nomina
733 425 842 465 orta
885 432 988 463 esse
1025 415 1284 464 videntur:
1323 408 1475 487 52:312,
1516 416 1647 478 duo,
1684 434 1713 463 a
1751 421 1885 485 3:322,
1919 417 2023 466 ite-

199 489 358 550 ravit3
392 487 637 535 secundus
657 506 685 534 a
708 486 869 551 sequi3
908 483 1064 547 ἐννέα,
1101 503 1286 547 novem,
1310 490 1447 549 neas,
1472 501 1617 547 nean,
1651 503 1679 532 a
1700 505 1854 534 nouo.-
1890 487 2026 535 unde

199 559 310 623 quis
331 575 435 606 non
470 559 593 605 falso
626 557 850 620 colligat,
887 556 1065 604 seriem
1091 573 1409 604 numerorum
1439 556 1703 620 originitus
1731 556 1785 604 in
1816 574 2024 605 numero

199 637 374 678 octavo
411 627 605 675 finitam
639 628 817 689 fuisse3
855 626 1105 692 paulatim
1138 644 1256 675 vero
1287 643 1475 675 novam
1506 643 1771 676 numerum
1799 627 2025 676 additum

197 716 326 762 esse,
364 699 445 746 cui
468 698 584 745 inde
608 714 789 745 nomen
820 714 880 745 ex
907 714 1033 745 novo
1059 697 1310 746 manserit.

337 768 499 816 Imber
532 768 708 832 igitur,
748 767 835 833 qui
867 768 1056 814 multos
1083 785 1173 833 per
1205 767 1310 816 dies
1339 767 1392 815 in
1426 774 1610 815 terram
1650 766 1827 829 irruit,
1866 766 2027 815 imber

198 837 544 903 quadraginta
584 839 775 886 dierum
812 846 911 892 est.·
987 839 1050 886 Et
1087 837 1438 902 quadraginta
1476 840 1601 885 anni
1646 841 1822 908 γενεᾷ,
1861 837 2026 899 αἰῶνι,

196 909 518 971 generationi,
554 909 750 957 saeculo
775 909 1089 973 respondent.
1162 909 1323 957 David
1346 908 1612 973 imperavit
1634 911 1726 977 μιᾷ
1746 911 1893 977 γενεᾷ
1919 907 1953 954 i.
1985 924 2029 956 e.

195 996 259 1026 ex
293 979 581 1027 Hebraismo
627 980 950 1043 quadraginta
973 996 1063 1043 per
1091 996 1260 1029 annos.
1347 979 1430 1026 Sic
1453 979 1623 1026 locum
1648 978 1811 1026 Exodi
1842 983 1891 1030 2.
1935 981 2026 1030 11:

181 1074 185 1076 ·
194 1066 381 1113 „quum
408 1050 565 1097 Moses
590 1051 1007 1114 magnusfactus
1028 1057 1156 1096 esset
1177 1043 1349 1117 (52:32)
1363 1087 1375 1110 ,
1415 1066 1634 1112 egressus
1662 1056 1736 1096 est
1760 1048 1824 1096 ad
1847 1049 2028 1096 fratres

194 1118 346 1167 suos’'
384 1119 669 1184 Stephanus
700 1120 755 1167 in
791 1120 926 1168 Actis
963 1120 1184 1184 Apostol.
1218 1125 1267 1172 7.
1307 1123 1392 1172 23.
1432 1110 1624 1168 reddit:
1660 1119 1827 1178 Quum
1862 1118 2024 1166 Moses

192 1188 549 1255 quadraginta
586 1208 837 1237 annorum
868 1198 1017 1250 esset,
1057 1206 1276 1252 egressus
1309 1196 1398 1238 est.
1473 1190 1537 1236 Et
1564 1189 1803 1252 Georgius
1833 1196 2025 1250 noster,

193 1276 338 1323 quem
375 1257 483 1325 pag.
514 1264 630 1314 121.
663 1261 721 1307 D.
757 1256 1082 1326 ἀνδρωθέντα
1106 1259 1327 1320 dixerat,
1364 1259 1588 1306 eumdem
1609 1259 1783 1308 Mosen
1801 1276 1911 1325 pag.
1942 1276 2024 1307 se-

190 1329 364 1394 quenti
406 1334 522 1382 122.
546 1330 605 1377 Α.
631 1331 960 1394 quadraginta
986 1347 1142 1376 annos
1167 1336 1338 1376 natum
1363 1328 1503 1376 dicit.

331 1399 492 1447 Etiam
532 1417 594 1447 ex
628 1399 721 1448 hac
758 1401 950 1451 numeri
979 1399 1277 1462 quadrageni
1300 1407 1477 1446 natura
1507 1404 1740 1463 apparet,
1779 1405 2024 1462 quantum

192 1470 505 1518 auctoritatis
541 1470 683 1518 libris
718 1469 1033 1534 Apocryphis
1066 1469 1120 1516 in
1149 1470 1294 1518 rebus
1316 1469 1568 1517 historicis
1591 1468 1914 1516 tribuendum
1940 1468 2023 1519 sit.

334 1542 445 1604 Pag.
482 1541 529 1594 5.
568 1548 617 1589 et
652 1545 700 1594 6.
740 1542 983 1604 Georgius
1023 1541 1199 1589 Vitam
1224 1539 1423 1588 Adami
1445 1540 1596 1599 citat,
1633 1556 1696 1586 ex
1736 1556 1833 1603 qua
1866 1540 2024 1586 refert

189 1626 453 1658 numerum
481 1610 700 1671 dierum,
739 1611 917 1676 quibus
946 1611 1131 1658 bestiae
1157 1610 1359 1657 nomina
1388 1609 1591 1658 sortitae
1614 1609 1745 1671 sint,
1787 1626 1886 1673 quo
1914 1610 2022 1657 Eva

188 1681 428 1743 formata,
465 1690 562 1745 quo
584 1682 829 1742 Adamus,
868 1681 1066 1745 quoque
1091 1680 1171 1728 die
1195 1681 1301 1729 Eva
1322 1679 1376 1727 in
1399 1679 1685 1728 Paradisum
1710 1678 1915 1726 inducta
1942 1679 2021 1731 sit.

186 1751 379 1799 Nullibi
415 1759 612 1816 praeter
637 1752 901 1816 Georgium
939 1751 1239 1799 mentionem
1270 1749 1416 1798 huius
1451 1750 1566 1798 libri
1604 1751 1785 1810 factam
1813 1766 1917 1798 esse
1942 1766 2020 1798 re·

186 1821 356 1886 peri0,
393 1829 470 1887 et,
506 1822 559 1869 ni
598 1822 765 1885 fallor,
803 1839 917 1887 pars
956 1821 1195 1886 quaedam
1221 1821 1412 1886 saepius
1442 1821 1616 1868 citatae
1639 1837 1823 1886 parvae
1848 1821 2022 1868 Gene-

176 1904 292 1939 ‘seos
315 1891 431 1940 fuit.
502 1892 680 1940 Modus
720 1892 955 1940 narrandi
987 1893 1042 1939 in
1077 1899 1287 1956 utroque
1330 1892 1461 1939 libro
1497 1891 1629 1939 idem
1665 1899 1769 1953 est3
1805 1898 1954 1955 atque
1993 1906 2022 1938 e

155 1978 339 2027 ,parva
384 1962 590 2024 Genesi,
627 1963 680 2011 in
724 1980 822 2027 qua
858 1970 992 2010 certe
1031 1965 1217 2009 creatio
1249 1961 1464 2009 hominis
1499 1970 1547 2009 et
1577 1962 1684 2010 vita
1707 1961 1761 2008 in
1785 1961 2019 2009 Paradiso

181 2047 289 2079 non
324 2033 504 2080 omissa
531 2033 657 2096 fuit,
698 2032 943 2081 Adamum
987 2050 1116 2080 anno
1157 2040 1333 2080 octavo
1360 2049 1386 2080 e
1419 2031 1648 2080 Paradiso
1672 2031 1884 2080 eiectum
1916 2047 2019 2080 esse

181 2103 450 2167 eodemque
477 2120 607 2150 anno
638 2120 846 2152 uxorem
869 2105 1025 2152 Evam
1057 2103 1346 2166 cognovisse
1373 2110 1634 2164 narratur,
1671 2119 1833 2166 neque
1853 2103 2017 2150 ullum

179 2173 391 2239 verbum
429 2173 490 2221 de
515 2173 690 2221 Adami
730 2174 1213 2224 creationezomnia
1239 2190 1389 2236 vero,
1427 2190 1552 2238 quae
1579 2173 1632 2220 in
1654 2190 1807 2237 parva
1835 2172 2017 2221 Genesi

181 2241 542 2305 desiderantur,
579 2261 606 2291 e
637 2244 741 2292 vita
766 2245 939 2300 Adam-i
964 2244 1221 2308 desumpta
1242 2244 1379 2306 legis.
1439 2244 1582 2291 *Huic
1607 2260 1710 2290 non
1738 2250 2014 2308 oppugnat,

179 2313 315 2376 quod
340 2314 579 2377 Georgius
602 2314 693 2362 hos
719 2322 956 2379 tanquam
973 2315 1068 2362 duo
1083 2314 1234 2362 libros
1262 2313 1498 2361 discernit
1524 2332 1572 2379 p.
1587 2314 1635 2366 5.
1655 2314 1711 2360 A.
1740 2311 1814 2377 (ἐκ
1830 2317 1919 2378 τῆς
1939 2318 2015 2364 λε..

175 2385 306 2447 πτῆς
345 2382 581 2450 γενέσεως
625 2385 735 2436 καὶ
777 2389 869 2435 τοῦ
923 2383 1189 2450 λεγομένου
1235 2385 1351 2450 βίον
1394 2378 1586 2450 Ἀδάμ.)
1668 2383 1831 2432 Etiam
1881 2384 2013 2432 scri-

175 2459 346 2515 ptores
374 2453 709 2518 diligentiores
744 2463 911 2520 partes
953 2455 1073 2503 libri
1111 2471 1224 2503 cum
1259 2454 1671 2519 inscriptionibus
1703 2453 1857 2501 totius
1892 2454 2012 2502 libri

176 2521 513 2586 coniungunt,
549 2526 840 2589 praesertim
877 2526 921 2573 si
954 2528 1007 2573 in
1042 2542 1136 2573 usu
1172 2532 1275 2588 est,
1309 2533 1501 2590 partem
1531 2523 1692 2589 operis
1714 2523 2011 2573 nobiliorem

167 2591 324 2652 ‚titulo
362 2609 451 2640 suo
475 2594 778 2657 distinguere
814 2594 901 2662 ¹4).
974 2597 1036 2643 Et
1062 2596 1199 2659 quod
1221 2595 1359 2643 litem
1391 2595 1604 2644 dirimit:
1642 2592 1857 2641 Michael
1886 2594 2008 2660 Gly-

175 2676 259 2708 cas
303 2678 410 2726 pag.
435 2667 551 2716 211.
576 2665 768 2723 eadem,
806 2682 932 2729 quae
956 2666 1194 2729 Georgius
1223 2672 1394 2713 noster
1420 2681 1447 2714 e
1471 2664 1574 2714 vita
1599 2663 1776 2712 Adami
1797 2664 1941 2729 citat,
1980 2681 2008 2714 e

171 2747 331 2796 parva
358 2733 531 2780 Genesi
554 2736 821 2799 sumpsisse
840 2743 1061 2783 testatur.

313 2802 528 2865 Longius
569 2804 896 2867 fragmentum
920 2803 1157 2866 Georgius
1193 2802 1336 2852 nobis
1368 2802 1588 2852 servavit
1616 2819 1641 2851 e
1662 2803 1820 2865 libro,
1856 2821 2005 2869 quem

169 2872 266 2919 En
282 2872 479 2919 ochus
501 2874 752 2938 scripsisse
777 2875 1037 2935 ferebatur,
1066 2873 1240 2937 cuique
1264 2881 1402 2920 tanta
1429 2875 1697 2922 auctoritas
1715 2875 1847 2922 inter
1863 2874 2003 2923 Chri-

170 2941 360 2990 stianos
387 2942 755 3006 antiquissimos
781 2945 906 3007 fuit,
943 2952 1002 2993 ut
1025 2944 1362 2992 Tertullianus
1382 2943 1434 2990 in
1467 2943 1599 2991 libro
1624 2944 1685 2991 de
1713 2945 2003 2993 Idololatria

171 3028 280 3077 cap.
325 3012 407 3065 15.
461 3013 700 3078 Spiritum
728 3022 955 3063 sanctum
982 3031 1071 3079 per
1093 3012 1388 3079 prophetam
1413 3013 1671 3061 Enochum
1694 3031 1774 3063 res
1806 3016 2001 3064 futuras

167 3081 523 3146 praececinisse
553 3092 791 3147 censeret,
828 3101 1128 3149 quamquam
1162 3099 1318 3146 neque
1343 3083 1473 3147 apud
1498 3084 1720 3146 Iudaeos,
1758 3102 1917 3149 neque
1944 3085 2000 3134 in

167 3151 402 3199 Ecclesiis
429 3152 711 3200 christianis
745 3172 837 3219 pro
878 3155 1051 3203 divino
1078 3154 1207 3202 libro
1234 3153 1432 3200 habitus
1461 3161 1547 3201 est.
1619 3154 1909 3218 Saepissime
1935 3172 2000 3204 ex

169 3238 226 3268 eo
255 3221 474 3270 narratio
499 3221 558 3269 de
584 3225 861 3289 Egregoris
884 3225 1078 3273 citatur.
1159 3224 1268 3271 Hoc
1304 3222 1503 3271 nomine
1544 3232 1790 3272 vocarunt
1826 3225 2000 3273 Iudaei

166 3291 405 3356 Angelos,
431 3308 457 3341 e
482 3292 682 3342 Daniele
711 3311 817 3360 cap.
839 3295 888 3349 4.
912 3311 1040 3343 vers.
1069 3298 1160 3347 10:
1187 3310 1336 3357 „ecce
1363 3305 1448 3359 ’ναξ
1473 3301 1521 3341 et
1545 3302 1744 3343 sanctus
1769 3295 1828 3342 de
1856 3297 1997 3343 coelo

224 3397 303 3455 14)
334 3400 535 3444 Occurrit
562 3401 676 3444 forte
711 3401 781 3444 hic
803 3402 919 3446 locus
954 3398 1378 3460 Epiphanih'Exag
1408 3398 1461 3446 δὲ
1490 3401 1567 3446 καὶ
1603 3401 1784 3448 τούτων
1805 3402 1892 3462 τὴν
1915 3404 1992 3460 ἔμ-

280 3471 424 3511 φασιν
445 3455 502 3527 {v
532 3461 597 3517 τῇ
618 3457 858 3506 Γενέσει
882 3460 980 3505 καὶ
1002 3459 1417 3519 πρώτῃβίβλῳ
1441 3458 1599 3515 παρὰ
1622 3464 1848 3522 Μωῦσῇ
1871 3458 1994 3508 οὕτω

277 3529 521 3574 φασκουσῃ
539 3532 579 3560 κ.
603 3532 642 3561 τ.
669 3519 708 3562 λ.
