2112 3854
264 144 345 203 44
900 151 968 205 G.
1005 149 1072 204 G.
1111 151 1454 209 BREDOVll

264 257 411 331 etiam
435 281 710 348 Ephraemo
732 281 838 330 solo
860 287 1065 328 auctore
1089 287 1278 344 narret,
1314 296 1438 345 quae
1460 279 1514 327 in
1541 296 1678 328 sacra
1703 280 1948 346 scriptura
1975 292 2103 338 non*

261 354 520 417 leguntur·
509 391 522 417 ,
547 353 680 417 quod
701 370 819 402 vero
843 369 871 398 a
894 367 1039 398 sensu
1063 347 1369 400 caeterorum
1392 353 1593 399 Patrum
1615 351 2105 411 Ecclesiasticorumb.

261 440 572 489 nequaquam
603 423 802 472 recedit.
836 448 908 460 —
955 420 1256 486 Ephraemus
1289 422 1485 470 Nisibae
1525 421 1578 468 in
1607 421 1984 486 Mesopotamia,
2021 420 2078 467 in

262 495 410 543 domo
444 511 657 559 pagana,
695 491 1016 540 Constantino
1051 492 1227 556 Magno
1266 499 1528 555 regnante,
1565 499 1737 553 natus,
1774 508 1887 538 cum
1916 507 2078 555 neque

259 581 290 612 a
317 580 564 629 quoquam
590 565 765 612 doctus
786 570 928 624 esset,
946 579 1105 626 neque
1129 570 1412 627 expectaret
1431 579 1482 610 se
1500 561 1651 608 talem
1671 578 1932 621 evasurum
1955 577 2074 622 esse,

232 630 461 699 'repente
496 634 698 699 spiritus
724 633 883 682 divini
918 634 1072 696 gratia
1103 640 1289 681 tantam
1325 631 1655 681 eruditionem
1687 631 1744 678 in
1783 632 1953 694 lingua
1977 633 2076 694 Sy-

259 705 392 759 riaca
417 711 705 768 assequutus
733 711 819 766 est,
845 711 904 751 ut
936 721 1121 751 summa
1143 702 1484 768 philosophiae
1500 709 1759 767 praecepta
1783 701 2075 766 perceperit,

262 783 310 823 et
347 792 450 822 non
482 776 641 822 solum
683 774 915 822 orationis
938 774 1172 822 facilitate
1194 782 1339 843 atque
1372 772 1642 836 elegantia,
1679 773 1765 820 sed
1787 772 1932 819 etiam
1955 788 2078 819 sen-

259 845 526 897 tentiarum
568 845 830 892 crebritate
855 861 913 891 ac
951 845 1189 924 sapientia
1222 839 1434 894 Graecos
1473 843 1738 908 scriptores
1758 841 2078 921 praestantis-

261 915 411 963 simos
447 916 707 979 superarit.
779 916 844 963 Et
882 916 1018 980 quod
1041 915 1221 963 mirum
1238 915 1464 975 videtur,
1510 930 1623 961 cum
1652 915 1868 965 Graecus
1879 912 2079 977 scripta

262 986 365 1034 eius
395 985 450 1032 in
481 987 724 1034 Graecum
753 1002 1026 1033 sermonem
1058 1003 1199 1034 versa
1222 986 1344 1049 legit
1368 985 1574 1050 perinde
1600 1002 1654 1032 ea
1677 984 1968 1044 admiratur,
2004 990 2082 1034 at-‚

262 1073 357 1119 que
389 1056 435 1108 ,si
475 1058 627 1120 Syrus
663 1064 792 1103 esset
832 1063 882 1104 et
917 1056 1119 1120 Syriaca
1160 1073 1212 1104 ea
1248 1057 1445 1119 legeret.
1516 1055 1591 1102 [ta
1626 1057 1927 1102 Sozomenus
1962 1052 2078 1101 hist.

259 1127 396 1175 Eccl.
421 1129 471 1179 3.
500 1145 541 1175 c,
572 1128 651 1180 15.
718 1126 874 1190 Igitur
904 1134 954 1174 et
974 1126 1190 1191 plurima
1224 1126 1327 1174 eius
1350 1125 1534 1190 scripta
1557 1142 1726 1188 graece
1749 1142 1894 1174 versa
1921 1130 2078 1185 erant,

262 1215 322 1244 ac
351 1197 476 1244 tanti
506 1197 920 1258 aestimabantur,
959 1204 1015 1244 ut
1050 1197 1353 1260 Hieronymo
1386 1204 1511 1243 teste
1546 1204 1660 1260 post
1695 1194 2079 1260 praelectionem

260 1284 427 1315 sacrae
450 1267 724 1331 scripturae
746 1267 947 1331 publice
969 1267 1019 1312 in
1044 1267 1338 1330 quibusdam
1366 1266 1584 1314 ecclesiis
1609 1265 1870 1330 Ephraemi
1893 1264 2082 1329 scripta

261 1353 456 1400 quoque
492 1337 673 1384 recita}
675 1345 835 1384 entur
923 1336 1043 1385 Vide
1087 1337 1314 1384 Bollandi
1358 1337 1481 1383 Acta
1521 1338 1569 1387 S.
1607 1335 1786 1383 Mensis
1824 1333 2080 1384 Februalii

259 1408 398 1474 Το111.
427 1406 463 1455 Ι.
499 1424 608 1471 pag.
634 1406 758 1459 49-
782 1410 865 1460 78.
904 1433 975 1444 —
1009 1407 1145 1454 Inter
1173 1407 1360 1472 scripta
1395 1406 1683 1472 Ephraemi,
1722 1423 1848 1471 quae
1882 1405 2084 1470 Syriace

259 1469 474 1536 exstant,
495 1484 612 1524 sunt
631 1494 827 1541 quoque
847 1477 899 1524 in
923 1477 1176 1525 codicibus
1199 1477 1526 1525 Nitriensibus
1546 1477 1649 1526 VII.
1671 1485 1720 1525 et
1742 1477 1868 1526 VIII.
1889 1476 2080 1541 Hymni

260 1549 321 1596 de
344 1547 605 1608 Paradiso,
644 1555 706 1609 et,
749 1556 990 1611 quantum
1017 1564 1042 1594 e
1066 1547 1351 1611 fragmentis
1376 1548 1592 1595 iudicare
1615 1548 1748 1609 licet,
1785 1564 1907 1611 quae
1929 1548 2080 1595 Asse-

258 1635 470 1666 mannus
493 1617 546 1664 in
568 1617 875 1665 Bibliotheca
903 1618 1146 1675 Orientali
1168 1619 1306 1666 Tom.
1329 1618 1366 1666 I.
1392 1635 1442 1682 p.
1472 1617 1556 1670 84.
1585 1619 1670 1672 85.
1708 1618 1891 1680 edidit,
1924 1617 2080 1666 Geor-

260 1689 367 1752 gius
405 1705 467 1735 ex
500 1687 620 1735 his
606 1687 727 1752 ipsis
764 1706 850 1736 sua
878 1687 1066 1735 hausit:
1114 1696 1229 1753 post
1252 1688 1581 1769 Ephraemum
1620 1689 1814 1751 quidem
1841 1687 2081 1736 Historici

263 1758 564 1822 Orientales,
605 1758 691 1822 qui
726 1759 807 1807 vel
841 1759 1048 1806 Arabice
1070 1759 1149 1807 vel
1176 1759 1374 1823 Syriace
1400 1760 1665 1824 scripsere,
1705 1759 1870 1822 eadem
1895 1759 1955 1807 de
1981 1759 2080 1806 Pa-

258 1829 425 1878 radiso
456 1830 668 1893 dequeo
643 1829 1038 1877 venerationibus
1066 1829 1204 1877 Sethi
1233 1838 1282 1876 et
1309 1829 1447 1877 Caini
1478 1830 1700 1877 tradunt.
1777 1825 2080 1898 (Editionem

258 1899 549 1966 Ephraemi,
589 1865 668 1946 ab²³
675 1899 973 1947 Assemanno
1000 1900 1309 1962 adornatam,
1349 1901 1574 1948 conferre
1602 1917 1704 1947 non
1729 1897 1975 1969 contigit).

398 1970 491 2018 His
526 1969 766 2034 expositis
798 1970 1028 2017 coniiciat
1051 1970 1151 2018 iam
1185 1971 1392 2033 aliquis,
1444 1971 1708 2034 Georgium
1743 1971 1899 2018 libros
1935 1970 2081 2035 Apo-

259 2041 471 2106 cryplzos
501 2042 692 2089 Veteris
719 2041 1022 2096 Testamenti
1047 2058 1148 2088 non
1169 2041 1457 2103 neglexisse.
1485 2069 1553 2078 —-
1591 2040 1803 2101 Esdrae‚
1839 2045 1933 2091 τοῦ
1954 2037 2082 2092 θεό-

258 2131 475 2178 φρονος,
513 2117 641 2176 (pag.
679 2113 799 2164 236.
835 2112 910 2175 A.)
950 2111 1147 2176 scriptis
1188 2112 1339 2160 sacris
1376 2119 1423 2159 et
1460 2114 1718 2160 canonicis
1752 2108 2082 2179 (ἐνδιαθέτοις

220 2227 222 2231 ,
259 2200 370 2247 pag.
400 2185 519 2235 223.
545 2182 630 2238 A..
671 2181 788 2234 249.
815 2180 886 2247 C.)
915 2181 1283 2245 diligentissime
1303 2199 1420 2230 usus
1442 2190 1514 2246 est
1533 2201 1583 2247 p.
1613 2186 1731 2235 216.
1756 2183 1839 2242 Ι).,
1875 2183 1994 2236 225.
2023 2182 2080 2230 A.

261 2253 322 2303 B.
363 2253 445 2313 C.‚
482 2256 601 2306 229.
643 2251 739 2312 D.,
777 2255 895 2306 233.
929 2253 1003 2314 C.,
1043 2253 1161 2306 241.
1203 2261 1252 2300 et
1282 2270 1407 2316 seq.‚
1446 2254 1562 2307 253.
1601 2253 1659 2302 A.
1685 2253 1768 2301 B.:
1803 2269 1961 2316 neque
1996 2270 2074 2300 so-

259 2323 367 2370 lum
391 2322 520 2370 libro
548 2323 795 2384 secundo,
833 2322 920 2386 qui
941 2323 1074 2371 solus
1102 2323 1230 2371 inter
1255 2323 1410 2371 libros
1437 2323 1704 2390 canonicos
1724 2331 1955 2389 receptus
1979 2339 2083 2371 esse

261 2393 445 2442 dicitur
472 2390 543 2457 26)
562 2429 575 2454 ,
613 2392 700 2439 sed
723 2394 945 2451 *maxime
975 2394 1105 2440 libro
1137 2393 1326 2458 primo,
1370 2393 1451 2442 cui
1480 2412 1508 2441 a
1538 2393 1765 2442 Patribus
1792 2393 2084 2441 ecclesiasti-

263 2464 333 2512 cis
360 2480 521 2528 neque
552 2462 736 2543 graecis
773 2481 933 2528 neque
965 2464 1132 2511 latinis
1159 2465 1429 2512 auctoritas
1463 2465 1696 2523 canonica
1735 2481 1963 2511 concessa
1992 2471 2081 2526 est,

262 2533 574 2599 (Hieronym.
618 2533 673 2580 in
714 2536 919 2598 praefat.
967 2535 1029 2581 ad
1071 2535 1257 2582 librum
1294 2535 1478 2583 Esdrae
1520 2543 1568 2582 et
1605 2534 1883 2596 Neemiae)‚·
1936 2550 2081 2598 quem

263 2603 502 2666 Georgius
526 2620 643 2650 vero
665 2605 899 2653 ultimum
925 2608 1023 2654 τῶν
1048 2605 1350 2655 ἐνδιαθέτων
1379 2606 1585 2670 βιβλίων
1611 2608 1701 2669 τῆς
1725 2608 1942 2663 παλαιᾶς
1963 2610 2082 2655 θεο-

259 2669 506 2724 πνεύστου
542 2677 739 2738 γραφῆς
767 2682 940 2736 vocat,
988 2676 1124 2739 quod
1158 2683 1390 2741 receptus
1425 2682 1530 2723 erat
1562 2674 1617 2722 in
1647 2675 1987 2723 collectionem
2013 2675 2082 2722 li-

261 2744 461 2793 brorum
488 2744 787 2790 Graecorum
810 2764 913 2794 των
939 2740 994 2794 o'.

402 2815 563 2861 Etiam
599 2811 837 2861 Iaditlzae
865 2815 1135 2861 historiam
1170 2815 1232 2863 ad
1263 2823 1460 2881 tempus
1497 2817 1809 2865 commodum
1847 2833 2082 2865 revocare

263 2884 455 2947 studet,
491 2900 650 2946 neque
686 2892 918 2949 apparet,
963 2885 1226 2949 Georgium
1255 2886 1315 2933 de
1354 2888 1649 2936 auctoritate
1685 2887 1802 2935 libri
1842 2887 2080 2935 canonica

263 2955 512 3003 dubitasse
538 2971 647 3018 pag.
677 2959 798 3009 236.
828 2956 911 3013 G..
961 2959 1079 3010 237.
1109 2958 1194 3018 A.‚
1232 2957 1350 3010 241.
1385 2958 1467 3019 A.,
1509 2959 1626 3012 251.
1658 2959 1748 3020 Α.,
1785 2974 2080 3022 quamquam

261 3026 488 3072 hebraice
515 3024 700 3089 scripta
736 3042 795 3073 ne
821 3026 951 3074 inter
974 3025 1298 3092 Apocryphos
1337 3029 1531 3091 quidem
1563 3036 1692 3091 erat,
1732 3029 1932 3091 Origine
1957 3035 2081 3075 teste

262 3096 318 3144 in
344 3096 483 3162 epist.
522 3096 586 3143 ad
618 3095 931 3146 Africanum.
989 3096 1093 3144 Iam
1133 3114 1250 3145 vero
1288 3099 1514 3162 Synodus
1545 3099 1759 3147 Nicaena
1789 3098 1844 3145 in
1871 3115 2078 3146 numero

319 3232 400 3306 26)
428 3232 537 3289 Pag.
566 3230 664 3277 249.
695 3233 745 3276 Β.
778 3232 828 3275 C.
858 3233 980 3288 lego:
1013 3231 1098 3285 ἕως
1121 3235 1205 3290 μὲν
1231 3232 1456 3280 τούτου
1481 3231 1655 3290 ’Έσδρα
1679 3234 1757 3279 καὶ
1788 3236 1993 3305 Νεεμίου
2025 3234 2077 3279 αἱ

377 3287 644 3334 ἐνδιάθετοι
658 3286 895 3361 Εβραῑκαὶ
915 3292 1116 3346 γραφαὶ,
1149 3291 1208 3336 αἳ
1235 3289 1603 3365 ἐκκλησιαζεσθαι
1625 3290 1972 3364 παρεδόθησαν.
2022 3291 2080 3337 τοὶ

378 3345 430 3392 δὲ
453 3345 568 3403 μετὰ
589 3348 738 3391 ταῦτα
760 3344 785 3392 ὀ
819 3344 1039 3420 Ἰώσηπος
1066 3349 1259 3422 ἱστορεῖ,
1291 3352 1367 3396 καὶ
1395 3347 1665 3418 Ἀφρικανὸς
1694 3348 1814 3406 μετ’
1850 3348 1994 3395 αὐτὸν
2033 3348 2081 3394 ἐν

375 3404 590 3462 ἐπιτόμῳ.
620 3428 677 3437 -
683 3402 927 3477 Legitur⁶
900 3421 986 3457 εως
1005 3422 1103 3478 μεν
1107 3401 1228 3460 οὖν,
1268 3422 1494 3466 pronomen
1516 3408 1740 3451 relativum
1762 3409 1819 3453 αι
1851 3408 2080 3459 omittitur3

381 3465 560 3519 ,ηὐμετ
581 3459 726 3508 αὐτὸν
752 3467 818 3506 est
837 3478 938 3519 μεν
960 3460 1169 3519 αὐτόν,
1199 3472 1272 3509 aut
1293 3467 1331 3509 si
1354 3466 1542 3510 Goarum
1563 3466 1702 3518 audis,
1723 3463 1826 3521 μὲν
1854 3463 2048 3516 αὐτὸς.
