2222 3938
645 167 745 222 ET
782 167 1369 250 ANNOTATIONES.
1799 160 1925 224 519

99 295 405 360 Scaligerum
428 295 722 362 praemissa,
760 297 824 346 ad
849 297 1180 364 Demetrium,
1217 298 1358 365 quasi
1380 296 1442 349 ab
1469 314 1526 352 eo
1553 305 1716 366 gesta,
1749 317 1927 370 perpe·

96 385 204 417 ram
221 368 510 417 referuntur
532 385 642 433 pag.
666 376 837 418 textus
858 369 1126 425 Eusebiani
1151 371 1238 425 57.

237 438 350 502 Pag.
386 441 506 492 292.
550 442 652 489 Τοῦ
686 437 742 490 δὲ
775 435 968 506 κόσμου
1005 437 1176 511 ,ms-2]
1217 440 1498 490 Antiochus
1524 441 1713 490 Sidetas
1743 458 1927 492 novem

13 517 16 520 ’
98 507 240 556 annis
272 524 482 572 regnans
512 509 675 574 coepit
705 527 835 559 anno
865 512 1042 560 mundi
1075 513 1229 566 5347.
1258 529 1517 562 successor
1551 513 1720 578 itaque
1749 513 1928 561 Deme-

97 578 228 627 ttius
250 595 380 627 anno
408 579 561 634 5356.
595 580 649 628 in
680 597 887 645 reguum
921 590 995 630 est
1015 583 1293 631 restitutus.

241 650 440 700 Κτείνει
470 645 534 713 η’.
571 647 835 718 χιλιάδας.]
895 653 1129 701 Praesens
1168 652 1478 714 emendatio,
1514 660 1564 702 et
1596 653 1804 702 lacunae
1841 669 1926 702 se-

98 720 299 786 quentis
318 719 566 785 reparatio
590 722 694 786 peti
721 730 887 787 potest
910 740 971 770 ex
994 723 1205 789 Iosepho
1230 724 1346 773 Ant.
1378 723 1485 772 Iud.
1515 724 1602 772 lib.
1632 727 1714 778 13.
1744 741 1851 788 cap.
1871 728 1922 778 8.

239 791 355 854 Pag·
390 793 511 844 293.
549 789 692 843 Κατοέ
722 791 776 843 δὲ
800 790 982 856 ἄλλους
1004 790 1169 860 ψμη’.]
1208 794 1364 842 Addit
1389 795 1626 843 Eusebius
1654 795 1719 843 ad
1745 794 1927 860 Olym-

95 860 294 927 piadem
323 862 439 914 158.
500 862 565 909 Ut
587 880 700 912 vero
724 864 822 911 alia·
846 865 1116 928 affirmant
1138 865 1327 914 habens
1353 883 1388 912 α
1410 863 1693 912 conditione
1728 867 1811 913 sui
1838 881 1932 913 an-

97 949 190 980 nos
210 935 330 986 668.
364 930 621 982 Videndus
642 933 841 983 Author
863 951 978 1001 pag.
1005 940 1124 992 172.
1153 935 1212 987 A.
1252 938 1369 999 181.
1397 935 1456 987 Α.
1484 943 1535 984 et
1566 939 1684 990 183.
1710 936 1769 987 D.
1797 943 1847 985 et
1871 935 1927 983 in

97 1019 209 1051 eum
239 1009 491 1051 annotata.

218 1070 344 1139 ’Έτη
365 1068 454 1130 κέ.
482 1075 804 1142 στρατηγῶν]
842 1074 1002 1124 Habet
1025 1092 1136 1141 pag.
1165 1079 1285 1132 289.
1309 1075 1367 1127 A.
1395 1075 1624 1141 Hyrcani
1658 1075 1805 1124 istius
1835 1092 1931 1124 an-

92 1159 186 1192 nos
213 1146 301 1198 30.
361 1143 563 1194 Eusebii
599 1162 864 1195 numerum
903 1147 968 1196 ad
1000 1147 1350 1214 Olympiadem
1381 1151 1498 1203 169.
1530 1145 1730 1196 Author
1749 1147 1931 1195 incau-

90 1221 174 1262 tus
205 1214 442 1263 exaravit.
1509 1221 1522 1234 ·

233 1285 347 1348 Pag.
383 1283 503 1339 294.
548 1288 654 1336 Τοῦ
677 1284 731 1338 δὲ
750 1281 944 1354 κόσμου
966 1282 1149 1357 lami]
1188 1288 1477 1338 Praecessor
1505 1287 1689 1353 Gripus
1715 1287 1776 1336 ab
1797 1303 1931 1335 anno

92 1354 271 1403 mundi
294 1356 448 1409 5360.
482 1355 664 1419 viginti
690 1374 779 1405 sex
807 1358 951 1406 annis
972 1359 1225 1422 regnavit:
1263 1376 1526 1409 successor
1550 1359 1718 1424 itaque
1744 1357 1930 1408 Antio-

97 1425 218 1474 chus
245 1426 521 1490 Cyzicenus
547 1444 676 1475 anno
704 1429 858 1482 5386.
886 1429 1098 1494 excepit.
1782 1475 1785 1478 ,

233 1490 489 1548 Ἰουδαίων
533 1493 591 1549 κ’.
634 1492 1011 1566 ἄρχιερᾶτευσεν
1053 1495 1325 1564 Ἰανναῖος.]
1385 1498 1667 1548 Praemittit
1711 1498 1930 1562 Scaliger

91 1565 259 1632 pagin.
301 1574 470 1615 textus
508 1568 594 1621 58.
636 1563 890 1620 Ἰουδαίων
921 1565 1298 1637 ἄρχιεράτευσεν
1323 1564 1703 1636 Ἀριστόβουλος
1727 1569 1836 1629 ἔτος
1859 1568 1928 1620 ἕν.

91 1637 286 1690 Merito.
323 1637 602 1686 Aristobuli
626 1639 812 1705 quippe
835 1641 890 1690 F.
918 1640 1142 1705 Hyrcani
1176 1639 1493 1689 pontificatui
1516 1657 1607 1705 per
1631 1656 1818 1687 annum
1845 1655 1929 1702 ge·-

92 1715 169 1757 sto
201 1715 464 1757 attestatur
489 1709 725 1775 Iosephus
753 1711 860 1760 Iud.
888 1709 1006 1760 Ant.
1030 1710 1119 1761 lib·
1148 1713 1228 1764 13.
1269 1727 1380 1775 cap.
1412 1715 1492 1765 19,
1530 1710 1766 1757 Eusebius
1796 1726 1929 1774 quo-
1999 1707 2011 1717 '

94 1795 191 1843 que
223 1779 287 1827 ad
326 1779 674 1844 Olympiadem
715 1785 834 1836 169.
885 1781 1246 1844 Λνίειοῦιιίαε,
1282 1780 1474 1844 inquit,
1499 1780 1658 1843 filius
1685 1779 1930 1829 Ionathae

94 1851 203 1898 Rex
215 1851 418 1914 pariter
447 1859 493 1899 et
512 1853 780 1914 Pontifex,
807 1853 1011 1917 primus·
1032 1849 1179 1916 apud
1210 1850 1429 1899 Iudaeos
1456 1849 1767 1897 diadematis
1791 1867 1928 1897 sum·

83 1923 195 1985 psit
222 1922 438 1985 insigne.
480 1923 616 1985 quod
644 1922 808 1970 verius
831 1922 891 1970 de
911 1930 1054 1989 patre
1078 1921 1287 1971 Ionatha
1322 1920 1564 1985 Georgius
1588 1928 1759 1969 noster
1784 1920 1929 1969 affir-

92 1998 197 2039 mat
221 2008 370 2056 supra
392 2007 503 2056 pag.
530 1995 648 2046 288.
678 1993 734 2043 D.

235 2063 347 2125 Pag.
383 2062 506 2116 295.
544 2061 807 2128 Δαῖρῤαν.]
843 2061 979 2126 Legit
1001 2061 1218 2124 Scaliger
1231 2056 1431 2125 Δώραν.
1466 2060 1707 2126 Iosephus
1727 2059 1813 2108 lib.
1841 2062 1924 2112 13.

92 2132 209 2182 Ant.
245 2149 351 2196 cap.
379 2135 464 2184 23.
485 2129 701 2199 Ἄδωρα.
766 2133 917 2191 Quod
951 2132 1037 2180 ille
1062 2128 1252 2198 Δώραν
1287 2129 1380 2195 τήν
1421 2128 1548 2197 πρός
1575 2136 1679 2189 τοῖς
1711 2133 1924 2198 θερμοῖς

91 2199 242 2254 ὕδασι
269 2201 550 2266 scripserit,
584 2203 738 2250 verba
762 2201 1038 2266 intercepta
1068 2218 1118 2248 se
1145 2201 1458 2265 praeteriisse
1483 2201 1712 2248 declarat.

235 2269 372 2339 Πρὸς
401 2277 506 2331 τοῖς
520 2269 717 2339 ’Ἄραψι
746 2270 987 2336 Πέλλαν.]
1039 2271 1219 2318 Omisit
1241 2271 1471 2333 Scaliger.
1520 2268 1758 2333 Iosephus
1794 2267 1922 2316 cita-

92 2350 194 2394 tus.
232 2342 286 2393 ἔν
315 2339 368 2392 δὲ
397 2346 463 2412 τῇ
487 2344 718 2412 μεσογείᾳ
755 2339 880 2391 κατα
912 2339 1007 2406 τήν
1039 2337 1564 2407 Ἰδουμαίαν”Λδωρα,
1605 2335 1835 2406 Γάδαρα,
1873 2345 1925 2386 et

92 2421 211 2478 post
247 2429 403 2477 pauca
441 2411 654 2462 Πέλλαν.
727 2412 1039 2477 Scriptorum
1070 2411 1154 2458 hic
1190 2412 1418 2459 locorum
1448 2411 1594 2475 plura
1625 2409 1769 2457 aliter
1797 2425 1923 2475 pro-

92 2485 189 2532 fert
213 2483 477 2548 Iosephus:
511 2477 872 2545 Ἀπολλωνίαν,
910 2478 1216 2548 Μάρισσαν,
1254 2474 1473 2545 Γάβαλα.

84 2603 86 2606 ,
207 2550 348 2616 ⁴Pag.
387 2557 507 2607 296.
545 2551 649 2602 Καὶ
682 2548 768 2602 τόν
788 2548 1027 2617 Ὑρκανόν
1052 2546 1238 2614 ταύτης
1265 2544 1622 2615 κληρονόμον.]
1668 2547 1806 2596 Finit
1837 2546 1923 2595 hic

94 2623 311 2687 Scaliger
340 2640 447 2688 pag.
485 2625 570 2676 58.
607 2630 654 2670 et
683 2622 922 2687 appositis
948 2621 1153 2670 stellulis
1185 2620 1331 2684 fingit
1359 2621 1415 2668 iu
1439 2627 1583 2668 textu
1606 2635 1657 2668 se
1687 2617 1922 2667 nonnihil

94 2694 401 2756 desiderare,
436 2693 571 2757 quod
596 2692 702 2759 ipse
731 2699 1033 2757 spontaneus
1057 2691 1235 2743 omisit.

233 2766 346 2828 Pag.
382 2768 500 2818 299.
523 2759 624 2813 ”sav
646 2761 678 2814 ὁ
701 2756 979 2830 νεώτερος]
1013 2762 1168 2810 Error
1194 2759 1479 2823 Librarius,
1513 2757 1610 2807 hac
1638 2757 1808 2807 eadem
1831 2774 1922 2824 pa-

96 2835 210 2899 gina
234 2829 564 2900 πρεσβύτερος
582 2833 832 2882 laudatur.

238 2901 510 2970 Πομπήϊος
536 2897 628 2954 οὖν
651 2902 915 2971 πολιορκίᾳ
942 2895 1150 2965 λαβών]
1192 2897 1683 2964 chronographicum
1719 2896 1919 2960 Georgii

98 2975 316 3040 Syncelli
344 2974 734 3039 manuscriptum
754 2974 887 3020 aliud
918 2989 947 3019 a
984 2972 1135 3035 Regio
1169 2970 1416 3034 integrum
1443 2970 1527 3019 vc}
1561 2985 1589 3016 a
1623 2967 1775 3032 Regio
1814 2983 1918 3014 non

97 3053 388 3109 excerptum
414 3044 654 3092 litteraria
677 3043 891 3108 Respub.
922 3058 1045 3106 pene
1072 3042 1334 3105 ignoravit,
1369 3040 1452 3089 vel
1487 3046 1656 3087 extare
1682 3055 1784 3085 non
1807 3053 1920 3083 cer-

96 3123 150 3163 to
179 3115 338 3164 novit.
397 3114 559 3162 Habet
585 3115 821 3163 Vaticana
844 3110 1147 3160 Bibliotheca
1168 3129 1196 3158 a
1220 3111 1382 3161 verbis
1405 3109 1543 3156 hisce
1566 3106 1784 3170 Pompeii
1805 3106 1912 3152 Ro·
1943 3109 1998 3155 V.
2019 3111 2077 3156 66

98 3200 454 3247 manci-umque
479 3202 556 3233 res
585 3192 740 3247 gestas
774 3182 1109 3249 spectantibus
1139 3179 1441 3246 Syncelliani
1462 3177 1694 3226 Chronici
1725 3182 1918 3239 partem

99 3273 202 3302 non
229 3254 473 3303 modicam
501 3254 697 3313 codice,
735 3271 761 3301 e
800 3253 1048 3317 quondam
1077 3251 1338 3313 Palatinis,
1376 3264 1580 3297 numero
1605 3245 1722 3298 246.
1746 3244 1917 3308 signa-

101 3333 183 3373 to:
220 3342 335 3389 pars
371 3324 539 3372 eadem
578 3325 631 3371 in
669 3323 842 3372 codice
878 3340 982 3370 non
1018 3322 1285 3370 admodum
1321 3325 1516 3369 vetusto
1559 3313 1915 3362 Bibliothecam

101 3395 264 3444 lllust.
301 3395 362 3442 Ι).
400 3394 549 3441 Ρει·έΖ
579 3410 741 3458 nuper
778 3393 1072 3455 illustravit5
1111 3409 1257 3457 quem
1299 3406 1411 3437 cum
1435 3385 1582 3449 Regio
1618 3400 1915 3449 comparan-

106 3465 225 3514 dum
263 3464 518 3513 laboribus
555 3462 690 3513 hisce
727 3463 848 3512 meis
883 3462 1137 3512 litterariis
1185 3470 1235 3512 et
1271 3457 1526 3508 conatibus
1561 3453 1911 3520 promovendis
