2112 3854
234 152 319 212 42
865 161 934 216 G.
972 159 1044 215 G.
1079 160 1422 219 BREDOVII

234 290 506 341 clarissime
550 292 789 351 ostendit,
827 290 882 343 ἐν
911 294 1022 352 ταῖς
1052 292 1296 359 Κυρανὶσι
1317 290 1389 358 ²1)
1426 291 1572 340 etiam
1609 290 1827 340 Chimica
1851 291 2052 357 pertra-

235 372 369 412 ctata
401 364 568 413 fuisse.
619 366 718 414 Cfr.
743 362 958 411 Fabricii
976 362 1101 411 Bibl.
1124 364 1215 418 Gr.
1236 364 1349 412 Vol.
1376 363 1412 411 Ι.
1443 380 1556 429 pag.
1582 366 1665 416 63.
1701 390 1772 399 -
1808 362 2050 425 Georgius

234 435 270 483 l.
302 452 346 485 c,
373 435 587 483 duorum
622 433 867 483 Hermetis
894 432 1132 481 librorum
1155 434 1438 482 testimonia
1467 432 1753 496 coniungit,
1790 437 1888 483 τῶν
1917 437 2053 483 Γενι-

233 509 343 556 κῶν
384 504 471 555 καὶ
503 509 604 555 τῶν
641 505 962 572 Κυρανίδων,
1002 521 1185 568 neque,
1223 505 1266 552 si
1302 504 1497 567 Georgii
1533 502 1684 552 verba
1724 519 1832 567 pag.
1869 503 1953 556 52.
1995 503 2051 550 B.

231 575 528 640 incorrupta
553 583 694 636 sunt,
734 574 976 622 coniicere
998 575 1140 636 licet,
1176 593 1330 624 unum
1361 575 1548 622 librum
1572 573 1762 621 duobus
1789 572 1950 620 titulis
1972 572 2052 619 in·-

231 646 405 708 scribi3
442 646 621 710 legitur
645 645 802 694 enim:
840 641 1002 712 ὥσπερ
1025 665 1055 696 κ
1070 645 1130 696 αὶ
1153 645 1206 697 ἐν
1226 652 1329 706 τοῖς
1355 649 1577 704 Γενικοῖς
1598 646 1689 694 τοῦ
1705 643 1907 709 Ἑρμοῦ,
1943 636 2052 693 καὶ

232 716 287 768 ἔν
322 722 428 775 ταῖς
455 717 701 783 Κυρανίσι
741 717 932 782 βίβλοις
969 717 1170 781 εἴρηται.
1241 718 1305 764 Et
1326 713 1386 766 τά
1413 711 1591 766 Γενικᾶ
1613 714 1714 762 sive
1738 714 1790 764 οἷ
1806 708 1944 779 λόγοι
1965 731 2052 781 γε·

229 787 366 838 muci
405 786 601 851 saepius
641 787 885 845 citantur,
925 795 974 835 et
999 786 1158 835 ubivis
1185 787 1291 835 sine
1319 787 1508 835 adiecto
1534 786 1683 833 titulo
1707 787 1807 833 τῶν
1833 783 2054 851 Κυρανί-

233 857 351 908 δων.
422 857 536 920 Egit
575 858 777 906 Hermes
811 858 866 905 in
892 858 1089 906 Genicis
1124 858 1186 906 de
1217 858 1462 906 creatione
1493 873 1662 905 rerum
1686 853 1928 918 generali,
1967 872 2052 904 πε-

234 926 288 992 ρὶ
316 923 446 978 ὅλων
483 924 648 994 ἆρχῶν
686 928 831 996 (vide
856 929 967 977 loca
994 929 1253 994 probantia
1274 929 1327 976 in
1350 927 1565 977 Fabricii
1586 923 1819 975 Biblioth.
1846 941 1917 988 gr.
1942 924 2052 973 Vol.

232 999 273 1049 I.
302 1015 411 1063 pag.
427 997 684 1064 77—79),
722 999 801 1047 cui
822 1017 922 1047 non
952 1000 1112 1048 aliena
1135 1007 1207 1047 est
1229 999 1390 1047 finitio
1410 997 1675 1063 temporis,
1714 1012 1814 1061 quo
1837 995 2052 1043 mundus

233 1071 427 1117 creatus
463 1069 540 1118 sit.
609 1070 719 1118 Hoc
756 1070 923 1118 finivit
945 1071 1009 1118 ad
1035 1070 1378 1134 astrologicam
1410 1070 1652 1118 rationem
1679 1066 2050 1131 Aegyptiorum,

230 1157 384 1204 quam
406 1147 454 1188 et
482 1141 695 1188 Graecos
720 1148 955 1204 sequutos
977 1158 1079 1188 esse
1103 1140 1340 1204 Georgius
1364 1147 1606 1188 testatur:
1643 1138 1883 1186 mundum
1909 1153 2051 1184 crea—

228 1207 342 1259 tum
382 1228 485 1258 esse
522 1219 638 1259 ante
669 1212 886 1275 quinque
923 1219 971 1258 et
1008 1211 1187 1274 viginti
1221 1211 1457 1258 circuitus
1495 1208 1707 1258 Zodiaci.
1778 1207 2053 1255 Circuitum

227 1279 353 1329 'vero
386 1281 611 1343 Zodiaci,
650 1276 1048 1332 ἀποκατάστασιν
1082 1278 1330 1346 κοσμικήν
1363 1297 1446 1328 seu
1475 1283 1568 1331 τοῦ
1612 1279 1881 1340 ζωδιακοῦ,
1918 1295 2044 1326 com-

230 1350 386 1416 plecti
418 1368 571 1399 annos
597 1352 729 1404 1461
746 1389 760 1414 ,
799 1351 978 1416 quibus
1006 1351 1190 1399 exactis
1217 1351 1584 1415 aequinoctium
1617 1349 1678 1396 ad
1699 1347 1915 1414 primum
1940 1365 2054 1413 gra-

227 1421 350 1468 dum
380 1421 507 1485 signi
541 1421 723 1470 Arietis
755 1422 917 1470 redire
941 1420 1035 1492 ²²).
1110 1421 1386 1485 Quinquies
1409 1438 1529 1470 vero
1549 1419 1752 1484 vigesies
1778 1420 1911 1472 1461
1933 1419 2054 1468 red-

231 1491 362 1540 dunt
385 1510 542 1540 annos
568 1493 751 1540 solares
777 1491 985 1554 36‚525,
1023 1494 1340 1556 eamdemque
1368 1509 1608 1540 annorum
1637 1507 1873 1538 summam
1897 1490 1953 1538 V
1944 1500 2055 1537 etas·

227 1579 428 1627 quoque
468 1563 750 1610 Clzronicon
775 1559 905 1631 (pag.
931 1563 1016 1615 51.
1052 1564 1102 1612 C.
1122 1561 1211 1628 D.)
1247 1562 1451 1626 triginta
1476 1560 1726 1628 Dynastiis
1748 1577 1917 1624 regum
1954 1561 2056 1609 Ae·-

228 1633 519 1698 gyptiorum
541 1633 732 1681 tribuit.
761 1661 823 1669 —
864 1634 1103 1697 Georgius
1127 1642 1292 1682 autem
1310 1631 1409 1681 hoc
1430 1633 1538 1681 fieri
1557 1649 1698 1698 posse
1718 1639 1880 1695 negat,
1918 1632 2055 1696 quod.

226 1711 344 1751 ante
384 1703 630 1751 diluvium
669 1703 723 1754 ἐν
770 1703 836 1773 τῇ
867 1700 1190 1773 θεοπνεύστῳ
1228 1708 1404 1774 γραφῇ
1436 1704 1624 1752 nullius
1660 1701 1799 1766 regni
1831 1702 1885 1749 in
1920 1710 2055 1751 terra

227 1773 415 1822 mentio
460 1775 589 1822 facta
624 1774 714 1837 sit3
754 1774 914 1839 quid?
954 1774 1095 1840 quod
1126 1775 1250 1822 llaec
1281 1784 1456 1823 nostra
1499 1784 1633 1824 terra
1656 1782 1772 1821 ante
1799 1771 2055 1822 diluvium

282 1925 370 1981 21)
397 1926 650 1971 Rectissime
670 1927 781 1971 hanc
805 1928 951 1972 vocem
980 1943 1005 1971 e
1031 1928 1179 1983 lingua
1201 1927 1386 1971 Arabica
1417 1926 1604 1971 deducas
1624 1930 1669 1970 et
1701 1927 1964 1970 collectiones
1987 1925 2055 1969 in-

344 1985 626 2040 terpreteris:
658 1985 818 2028 citatur
841 1985 1023 2042 Cyranis
1044 1986 1207 2042 prima,
1237 1986 1446 2037 secunda,
1488 1985 1725 2041 Cyranides
1755 1983 1972 2040 antiquae.
1996 2008 2055 2016 —

343 2041 395 2084 In
417 2042 558 2084 aliena
579 2044 736 2086 abeunt
757 2043 952 2098 Scaliger
967 2049 1010 2086 et
1034 2045 1217 2085 Goarus.
1329 2044 1410 2096 22)
1439 2043 1558 2084 Haec
1583 2038 1948 2092 ἀποκατάστασις
1969 2042 2057 2085 τοῦ

340 2100 573 2152 ζωδιακοῦ
601 2115 682 2142 non
712 2100 785 2142 ille
819 2115 982 2143 annuus
1013 2115 1209 2142 recessus
1247 2100 1361 2142 Solis
1394 2100 1438 2141 in
1463 2099 1630 2155 Eclipsi
1664 2107 1751 2151 est,
1783 2114 1865 2156 quo
1893 2100 1966 2149 fit,
2004 2103 2055 2141 ut

343 2157 447 2209 Sol,
487 2156 561 2213 qui
585 2157 630 2199 in
658 2157 838 2199 saeculis
871 2162 970 2200 ante
999 2157 1215 2200 Christum
1250 2161 1392 2199 natum
1421 2156 1466 2199 in
1500 2157 1623 2211 signo
1657 2157 1818 2200 Arietis
1851 2155 2053 2213 aequino-

341 2214 472 2255 ctium
494 2214 667 2258 vernale
690 2215 868 2267 fecerit,
898 2219 1043 2257 nostro
1065 2220 1256 2271 tempore
1282 2214 1326 2257 in
1353 2214 1486 2256 stellis
1512 2213 1699 2256 Piscium
1725 2214 1885 2256 faciat:
1909 2214 1989 2270 'qui
2009 2213 2053 2255 in

340 2270 540 2313 circulum
561 2271 730 2314 rediens
760 2287 954 2315 recessus
975 2276 1222 2328 punctorum
1247 2271 1612 2328 aequinoctialium
1630 2273 1754 2314 annis
1768 2272 1934 2322 25:716
1953 2285 2054 2313 con-

340 2335 583 2370 summatur.
641 2329 770 2371 Hunc
795 2344 947 2372 annum
971 2330 1264 2381 Platonicum,
1294 2344 1417 2386 quem
1449 2330 1690 2371 Astronomi
1721 2333 1899 2379 vocant,
1929 2342 1954 2371 a
1978 2343 2055 2371 ve-

341 2385 505 2428 teribus
528 2386 822 2442 percognitum
843 2387 1001 2438 fuisse,
1032 2401 1114 2428 non
1137 2386 1323 2442 reperio.
1381 2386 1498 2428 Illum
1521 2386 1631 2428 enim
1648 2401 1858 2442 magnum
1881 2401 2055 2437 annum,

340 2452 468 2499 quem
499 2443 649 2496 Plato,
680 2444 934 2487 Aristoteles
964 2444 1119 2500 aliique
1153 2443 1402 2500 Philosophi
1441 2448 1484 2486 et
1515 2443 1756 2485 Astronomi
1791 2444 2055 2485 Graecorum

341 2501 631 2556 quaerebant,
660 2501 804 2543 reditu
829 2506 1074 2544 cunctorum
1102 2505 1324 2553 astrorum,
1354 2504 1430 2543 aut
1453 2505 1569 2543 ce‘rte
1586 2498 1722 2551 Solis,
1751 2500 1911 2551 Lunae,
1940 2500 2054 2542 Ter-

339 2570 418 2599 rae
443 2571 494 2598 ac
534 2562 799 2600 caeterarum
829 2559 1122 2610 Planetarum,
1154 2559 1207 2600 ad
1241 2559 1376 2610 idem,
1407 2557 1519 2599 unde
1552 2557 1679 2599 semel
1718 2557 1912 2612 profecta
1951 2557 2054 2608 sint,

343 2612 486 2655 metiri
510 2615 650 2655 conati
676 2621 788 2657 sunt.
824 2616 1014 2670 (Cicero
1035 2617 1177 2658 Somn.
1200 2615 1413 2670 Scipionis
1443 2629 1480 2655 c.
1504 2616 1531 2657 7
1542 2629 1556 2665 ;
1587 2614 1841 2655 Plutarchus
1865 2613 1927 2668 (si
1949 2615 2056 2657 Plu-

340 2670 514 2712 tarchus
539 2671 676 2725 esset)
704 2671 759 2713 de
788 2672 964 2714 Placitis
986 2673 1232 2727 Philosoph.
1256 2674 1298 2716 3.
1329 2686 1367 2713 c.
1389 2674 1461 2717 32.
1478 2670 1750 2727 ‚Censorinus
1779 2685 1816 2713 c.
1845 2671 1944 2726 18.)
1967 2674 2055 2714 Ae-

342 2727 496 2782 gyptia
515 2728 822 2782 apocatastasis
844 2729 1025 2771 Zodiaci
1046 2729 1251 2783 originem
1270 2728 1390 2771 duxit
1413 2742 1439 2771 a
1467 2742 1600 2784 prave
1629 2727 1748 2770 finito
1770 2741 1942 2771 numero
1962 2728 2056 2771 die-

340 2786 431 2826 ru'm
465 2785 578 2825 anni.
641 2786 1000 2841 Computaverant
1034 2785 1142 2827 enim
1175 2785 1219 2827 in
1253 2785 1351 2828 anni
1386 2785 1567 2841 spatium
1598 2785 1683 2829 365
1718 2784 1810 2827 dies
1832 2786 1923 2828 sine
1946 2799 2054 2842 qua-

343 2842 511 2882 drante.
572 2841 668 2884 Hac
696 2842 862 2884 ratione
892 2842 1058 2898 posita,
1090 2855 1276 2884 errorem
1303 2842 1455 2884 calculi
1482 2842 1606 2885 brevi
1636 2848 1828 2898 tempore
1851 2842 2054 2901 cognosci

339 2912 515 2940 necesse
553 2903 641 2950 est3
672 2914 882 2956 quumque
911 2899 1116 2956 Aegyptii
1144 2900 1304 2942 coelum
1327 2901 1556 2942 observare
1584 2905 1798 2951 amarent,
1826 2900 1938 2941 haud
1971 2900 2053 2942 im-

341 2954 488 3011 pedita
522 2956 834 3012 computatione
871 2971 976 3012 opus
1011 2957 1114 3008 fuit,
1145 2961 1195 2998 ut
1225 2972 1250 2999 e
1279 2957 1511 2999 mutatione
1552 2956 1836 3012 aequinoctii,
1867 2956 2052 3013 quaein

338 3011 463 3054 annis
494 3012 651 3066 viginti
681 3013 798 3057 facta
831 3019 945 3066 erat,
976 3014 1272 3069 colligeretur,
1313 3029 1396 3070 quo
1431 3013 1632 3069 temporis
1668 3013 1806 3069 spatio
1846 3014 2051 3071 aequino-

339 3068 469 3111 ctium
495 3069 549 3110 ad
571 3069 745 3125 primum
765 3070 923 3113 Arietis
945 3071 1122 3127 gradum
1138 3068 1224 3126 (o')
1244 3071 1478 3113 rediturum
1499 3074 1627 3113 esset.
1688 3071 1802 3113 Nam
1814 3087 1943 3129 quum
1974 3086 2049 3113 an-

341 3125 410 3167 nis
436 3131 617 3181 quatuor
636 3128 800 3170 exactis
828 3142 934 3170 unus
958 3128 1048 3170 dies
1070 3128 1262 3180 deesset,
1286 3135 1343 3170 ²ut
1365 3129 1427 3171 sol
1450 3128 1504 3170 ad
1524 3127 1656 3178 idem,
1686 3128 1798 3171 unde
1830 3130 2050 3186 profectus

340 3186 460 3234 erat,
487 3183 714 3236 rediisset3
744 3199 870 3240 quum
904 3191 1002 3241 post
1037 3190 1133 3228 octo
1158 3196 1290 3228 annos
1327 3185 1525 3228 duo'dies
1549 3185 1746 3228 deessent
1770 3192 1881 3229 eta:
1912 3186 2050 3228 circu-

342 3239 424 3282 lum
470 3240 708 3283 absolutum
757 3257 851 3284 esse
887 3257 1061 3285 necesse
1097 3247 1214 3295 erat,
1257 3246 1355 3299 post
1388 3248 1539 3299 quater
1582 3243 1667 3286 365
1699 3257 1829 3286 almos
1851 3241 2051 3290 :146st

339 3297 468 3347 Quod
492 3311 593 3340 vero
612 3296 821 3355 Aegyptii
841 3299 941 3341 huic
963 3299 1124 3341 circulo
1149 3302 1258 3344 1461
1292 3314 1423 3342 annos
1443 3300 1714 3351 tribuerunt,
1745 3315 1800 3343 ex
1828 3316 1878 3343 eo
1915 3315 2052 3357 appa-

338 3358 435 3406 ret,
462 3369 490 3398 a
520 3369 626 3397 vera
658 3355 902 3410 cognitione
935 3357 1238 3411 magnitudinis
1264 3356 1364 3400 anni
1396 3372 1468 3399 eos
1493 3356 1619 3413 longe
1643 3356 1860 3401 abfuisse:
1888 3358 2051 3401 rectius

342 3411 451 3453 enim
473 3426 602 3454 unum
625 3416 777 3456 annum
799 3412 1049 3464 eiecissent‚
1078 3414 1273 3470 quoniam
1298 3414 1398 3456 anni
1430 3419 1596 3470 tempus
1620 3413 1754 3457 minus
1783 3429 1907 3473 quam
1925 3415 2049 3472 3652}

338 3467 432 3511 dies
458 3469 777 3527 complectitur3
807 3472 889 3516 111
913 3467 970 3516 14
981 3470 1009 3497 ‘¹
1029 3471 1147 3516 30¹⁰
1171 3470 1400 3529 quadranti
1421 3471 1592 3516 desunt.
