2222 3938
664 202 765 256 ET
803 197 1392 258 ANNOTATIONES·
1829 189 1952 256 469

122 333 239 384 dere
264 329 654 394 Chronologieae
680 330 922 381 Authoris
943 331 1143 382 tabulae
1169 332 1525 381 demonstrant.
1595 329 1828 380 Errorem
1851 333 1956 382 Au-

120 403 282 452 thoris
317 410 481 466 tegere
513 402 598 451 vel
632 401 848 450 inficiari
891 419 996 450 non
1029 419 1311 467 possumus.
1383 401 1744 468 Aegyptiorum
1781 419 1957 467 regum

119 473 264 522 annis
295 473 480 520 inscius
509 479 558 520 et
593 472 807 520 oscitans
845 480 1063 537 quatuor
1098 473 1316 522 detraxit
1352 490 1538 521 annos:
1588 479 1648 521 ut
1672 473 1770 521 iam
1803 475 1954 523 semel

118 543 408 607 collegimus
441 543 497 590 in
523 542 678 590 Aseth
709 550 891 606 aetate,
929 544 989 592 de
1022 560 1121 608 quo
1155 560 1265 608 pag.
1299 544 1384 597 41.
1426 542 1651 608 superius
1684 550 1952 592 tractatum

109 621 211 664 est.
281 612 435 663 Aseth
463 612 633 677 itaque
667 612 722 659 in
760 613 883 660 alios
917 620 1136 678 quatuor
1173 614 1328 661 an'nos
1356 622 1512 663 aetate
1546 613 1821 679 producta,
1857 631 1952 663 nec

117 700 224 734 non
252 684 562 748 singulorum
588 699 761 746 regum
797 683 1002 747 singulis
1037 684 1090 732 in
1125 692 1342 748 quatuor
1373 702 1532 734 annos
1565 684 1952 748 Chronologicos

117 754 300 819 gradus
338 753 608 816 submotis,
647 753 879 817 quintum
919 754 1139 802 Roboam
1175 771 1362 802 annum
1403 764 1462 803 ut
1502 755 1558 802 in
1587 755 1764 803 mundi
1791 755 1946 809 4514.

120 841 443 887 concurrere,
490 823 559 871 ita
603 824 822 871 Susacim
855 824 1058 872 tertium
1092 841 1241 888 supra
1274 825 1578 874 tricesimum
1614 825 1949 874 collateralem

118 895 312 960 assequi
340 895 713 958 comperiemus.
786 894 879 943 Vel
911 894 1154 943 eiusmodi
1183 895 1465 943 mutatione·
1488 896 1693 959 omissa,
1727 896 1948 944 Susacim

117 961 228 1032 (qui
254 967 399 1013 Sesac
421 966 607 1028 Regum
633 965 715 1018 14.
750 981 800 1013 v.
832 962 938 1030 25.)
973 981 1181 1028 regnum
1211 965 1274 1012 ad
1298 966 1473 1013 mundi
1494 966 1647 1019 4514.
1683 966 1727 1013 si
1757 965 1953 1031 produ·

114 1035 249 1084 xeris
269 1052 360 1101 per
380 1053 535 1083 annos
561 1043 678 1097 tres,
715 1034 803 1098 qui
833 1035 934 1082 eius
958 1034 1197 1100 septimus
1221 1052 1370 1100 supra
1395 1036 1699 1084 tricesimum
1721 1053 1950 1084 numera·

115 1107 279 1167 bitur,
333 1107 566 1171 quintum
607 1106 825 1173 Roboam
866 1113 1248 1154 concurrentem
1286 1105 1551 1169 obtinebit,
1589 1106 1726 1173 apud
1752 1107 1947 1155 tabulas
1976 1109 2027 1155 P.
2057 1109 2115 1158 53

116 1176 413 1227 emendatas.
1016 1216 1017 1219 ,

256 1248 368 1311 Pag.
411 1250 527 1300 187.
571 1249 674 1296 Τοῦ
695 1243 749 1296 δὲ
774 1239 967 1310 κόσμου
991 1239 1058 1310 ἦν
1083 1244 1188 1305 ἔτος
1213 1241 1368 1313 ,δχδᾙ
1415 1247 1580 1295 Ioram
1613 1253 1726 1294 octo
1763 1245 1946 1294 dunta—

117 1325 206 1366 xat
227 1317 439 1382 imperat
465 1316 607 1364 annis
638 1333 666 1362 a
692 1315 863 1362 mundi
886 1315 1042 1369 4596.
1068 1316 1131 1363 ad
1157 1316 1314 1369 4604.
1349 1334 1447 1382 quo
1475 1316 1746 1365 successori
1774 1316 1947 1365 Ocho-

116 1388 220 1436 ziae
259 1405 467 1451 regnum
507 1386 737 1451 reliquit:
788 1380 942 1456 fixe&
987 1385 1144 1452 igitur
1188 1386 1366 1436 adiisse
1413 1389 1646 1437 mendose
1691 1386 1945 1436 Librarius

115 1458 332 1524 scripsit.
976 1492 977 1495 =
1462 1473 1463 1479 ¹
1534 1454 1551 1467 '

261 1527 482 1579 Γοθολία
503 1525 584 1591 ἔτη
611 1521 667 1587 ζ’.
694 1529 788 1578 τοῦ
816 1523 871 1576 δὲ
893 1522 1079 1592 κόσμου
1109 1523 1189 1590 &svn
1210 1521 1365 1594 Ιδχε’.]
1409 1525 1695 1575 Gotlioliam
1716 1528 1947 1592 tyranni-

117 1599 195 1647 dis
226 1598 280 1647 in
317 1599 468 1647 Iudae
492 1614 700 1660 regnum
724 1604 992 1661 usurpatae
1031 1613 1160 1643 anno
1189 1596 1398 1660 septimo
1434 1613 1620 1644 caesam
1655 1599 1863 1662 legimus
1895 1598 1945 1651 4.

114 1670 233 1733 Reg.
274 1686 316 1722 c,
343 1673 426 1722 11.
464 1685 514 1717 v.
541 1668 590 1721 4.
624 1675 674 1715 et
700 1667 913 1729 ultimo,
955 1674 1003 1715 et
1035 1672 1084 1720 2.
1127 1666 1338 1730 Paralip.
1374 1683 1481 1731 cap.
1514 1670 1597 1721 23.
1628 1684 1680 1719 v.
1717 1672 1762 1720 1.
1800 1684 1945 1732 pares

116 1757 275 1788 annos
310 1738 505 1787 Author
538 1737 779 1801 assignat,
815 1753 1020 1800 regnum
1055 1735 1175 1783 licet
1202 1735 1506 1801 auspicatam
1543 1755 1569 1785 a
1591 1738 1767 1785 mundi
1788 1738 1944 1791 4616.

116 1811 205 1874 qui
233 1817 305 1858 est
325 1810 479 1863 4605.
505 1809 788 1856 constituat.
840 1807 1081 1855 Eusebius
1097 1805 1301 1854 Latinus
1328 1806 1390 1853 ad
1413 1823 1597 1854 annum
1629 1811 1779 1861 1116.
1810 1807 1944 1855 solos

116 1879 381 1929 Gotholiae
419 1887 603 1944 septem
639 1895 794 1926 annos
826 1879 1016 1943 pariter
1041 1876 1231 1932 scribit.
1306 1876 1471 1936 Quare
1500 1877 1800 1940 Scaligerum
1828 1884 1942 1926 octo

113 1958 401 2017 putantem,
437 1949 524 1998 ubi
558 1949 700 1997 nulla
734 1949 915 1998 erroris
961 1946 1184 2009 occasio,
1230 1947 1402 1994 mirari
1449 1947 1567 1995 satis
1604 1964 1816 2012 nequeo.
1899 1946 1944 1995 A

112 2021 292 2070 mundi
317 2019 517 2085 quidem
551 2020 707 2072 4605.
747 2036 846 2083 quo
890 2017 1126 2066 Gotholia
1157 2017 1477 2082 tyrannidem
1510 2017 1695 2066 invasit
1728 2018 1793 2066 ad
1827 2017 1938 2066 Ioas

113 2092 391 2155 legitimum
417 2089 682 2155 imperium
706 2107 835 2136 anno
862 2090 1015 2142 4613.
1051 2088 1368 2136 statuendum
1395 2105 1552 2135 annos
1581 2095 1693 2135 octo
1716 2087 1936 2138 interce-

116 2162 234 2210 dere
271 2160 627 2208 animadverto.
700 2160 887 2209 Verum
926 2158 1122 2221 Georgii
1155 2156 1468 2205 oscitantiam
1502 2157 1807 2220 Scaligerum
1842 2173 1934 2204 suo

116 2231 309 2280 calculo
333 2231 591 2295 probasse,
630 2236 679 2276 et
703 2229 937 2276 mendum
964 2228 1019 2275 in
1042 2227 1184 2274 annis
1213 2226 1387 2274 mundi
1409 2234 1660 2292 repertum
1687 2227 1750 2274 ad
1777 2243 1934 2274 annos

116 2301 410 2362 Gotholiae,
445 2300 603 2346 invita
645 2299 930 2363 Scriptura,
967 2297 1276 2362 extendisse,
1317 2296 1428 2360 quis
1465 2314 1568 2344 non
1603 2296 1935 2344 condemnet?

115 2375 375 2420 Caeterum
402 2369 636 2418 Authoris
662 2386 799 2417 error
821 2385 924 2415 non
947 2367 1070 2415 adeo
1097 2366 1553 2414 condemnationem
1575 2382 1723 2430 quam
1740 2366 1935 2415 veniam

115 2449 361 2491 meretur:
414 2439 551 2487 aliud
596 2439 783 2503 quippe
822 2438 1017 2501 gravius
1051 2437 1285 2484 mendum
1320 2434 1578 2499 hucusque
1614 2444 1937 2502 prorogatum

115 2512 330 2562 feliciter
372 2518 528 2558 sanat.
611 2507 892 2557 Meminisse
932 2507 1180 2571 siquidem
1231 2506 1371 2554 decet
1418 2506 1591 2570 primis
1637 2505 1936 2555 Genearchis

117 2585 230 2631 Sem
250 2581 461 2647 posteris
486 2579 634 2627 citius
664 2596 792 2626 anno
820 2594 966 2642 quam
990 2585 1120 2624 aetas
1160 2592 1330 2624 eorum
1357 2577 1602 2640 exigeret,
1633 2577 1821 2624 natales
1845 2593 1934 2624 eo-

116 2671 233 2704 rum
259 2652 361 2699 dies
386 2651 440 2698 in
465 2649 605 2698 annis
629 2648 803 2696 mundi
827 2646 1210 2712 deprompsisse:
1247 2653 1399 2708 utque
1414 2684 1427 2709 ,
1466 2646 1602 2710 quod
1638 2663 1740 2694 non
1773 2646 1935 2694 infre-

118 2730 328 2789 quenter
355 2721 659 2769 inculcatum
684 2726 760 2767 est
782 2734 921 2783 pagg.
951 2717 1193 2782 superior.
1223 2715 1382 2764 obiter
1405 2724 1697 2780 repetamus,
1732 2715 1933 2782 Arpha-

118 2793 222 2843 xad
250 2792 460 2840 natalem
490 2790 619 2838 diem·
650 2806 779 2836 anno
807 2788 1049 2835 diluvium
1088 2785 1391 2850 excipiente,
1431 2802 1547 2834 cum
1570 2803 1931 2851 nonnunquam

120 2862 416 2923 constituat,
454 2861 648 2925 saepius
669 2860 724 2907 in
749 2859 913 2923 ipsum
935 2856 1112 2905 diluvii
1135 2873 1319 2903 annum
1341 2855 1549 2904 retrahit
1570 2873 1763 2907 sursum
1777 2894 1790 2919 ,
1829 2873 1929 2921 quo

120 2935 180 2982 fit
206 2940 264 2980 ut
294 2940 610 2997 posterorum
641 2929 923 2978 nativitates
960 2926 1219 2992 proprium
1259 2933 1454 2991 tempus
1479 2943 1581 2975 uno
1611 2927 1931 2991 praeveniant

122 3020 277 3052 anno:
315 3003 436 3049 Tam
469 3001 707 3063 insignem
738 2999 890 3062 igitur
922 2996 1350 3045 anachronismum
1381 2997 1530 3061 longo
1559 2997 1930 3060 generationum

119 3079 285 3122 tractu
300 3109 313 3133 ,
349 3087 439 3119 ceu
459 3071 610 3119 vellet
634 3070 740 3135 ipse
764 3068 958 3117 Author
982 3083 1236 3131 reparare,
1273 3065 1600 3115 desideratum
1631 3068 1811 3116 adiecit
1834 3082 1927 3113 an·-

121 3159 243 3193 num
258 3177 273 3201 ,
312 3149 369 3187 ut
392 3141 762 3202 generationum
786 3146 964 3187 aetates
994 3154 1107 3185 cum
1127 3136 1267 3184 annis
1288 3136 1460 3184 mundi
1481 3137 1670 3185 nullam
1698 3136 1934 3199 deinceps*

123 3209 422 3262 discordiam
464 3217 736 3258 exerceant.
821 3207 1093 3256 Authorem
1129 3206 1341 3271 graviter
1387 3207 1581 3272 lapsum
1632 3207 1753 3253 felix
1787 3220 1927 3251 casus

124 3280 333 3346 excepit.
405 3281 671 3345 Corruptae
693 3287 741 3327 et
762 3278 1042 3327 emendatae
1068 3276 1453 3342 Chronologieae
1479 3277 1675 3325 tabulae
1703 3292 1806 3323 rem
1841 3282 1927 3322 to·

124 3362 226 3402 tam
250 3367 349 3398 uno
374 3349 562 3397 intuitu
583 3349 948 3414 percipiendam
974 3347 1204 3397 offerunt.

272 3422 372 3471 Τοῦ
387 3415 546 3471 Ἰούδα
571 3414 636 3484 η’.
660 3419 968 3484 ἐβασίλευσεν
990 3413 1160 3482 'Ic-³079]
1182 3416 1472 3481 Appositum
1499 3414 1551 3460 in
1576 3411 1792 3476 margine
1815 3429 1927 3460 mo·-

125 3493 289 3543 nitum
314 3490 558 3543 defectum
593 3497 640 3539 et
662 3490 890 3539 lacunam
925 3488 1024 3539 MS.
1045 3487 1339 3538 subindicat.
1378 3485 1597 3551 repletur
1616 3483 1704 3532 illa
1727 3482 1927 3532 nomine
