2222 3938
665 185 765 240 ET
803 183 1388 269 ANNOTATIONES.
1824 173 1949 237 457

206 325 211 330 “
266 317 371 368 Τοῦ
409 312 464 366 δὲ
501 299 689 381 κόσμου
721 311 841 384 δτμ.’
846 318 880 383 .]
918 313 1155 366 Eusebius
1193 334 1323 366 anno
1356 315 1533 365 Troiae
1550 315 1950 366 devastationem

118 396 330 453 sequuta
360 386 582 452 primum
613 388 803 435 Aeneae
841 389 981 452 regni
1005 389 1179 436 statuit
1206 405 1421 450 3111111111,
1461 388 1595 452 quod
1618 388 1759 435 nulla
1785 395 1952 452 potest

117 459 313 508 ratione
341 457 606 513 affirmari,
646 474 758 505 cum
781 458 836 505 in
862 459 1055 507 Italiam
1082 460 1409 524 quaerendam
1443 459 1580 522 longi
1616 459 1807 506 suerint
1843 459 1949 506 eius

115 529 230 578 viae
250 545 457 589 errores,
492 527 622 575 bella
649 529 964 578 diuturniora
984 532 1211 594 tolerata,
1241 548 1365 594 quae
1387 497 1558 577 nulloU
1557 530 1813 578 interiecto
1841 548 1951 594 spa-

117 600 190 648 iio
217 617 319 648 una
349 606 496 646 nocte
523 615 628 646 non
653 606 923 664 potuerunt
953 601 1151 651 confici.
1227 601 1316 648 llis
1353 601 1616 665 explendis
1638 599 1834 649 Author
1859 601 1953 648 de-

117 687 224 718 cem
250 687 407 719 annos
432 668 676 735 partitur,
715 671 798 733 qui
838 675 989 725 1170.
1027 673 1134 720 aliis
1159 673 1218 720 ab
1246 689 1413 720 eversa
1439 671 1587 720 Troia
1620 673 1680 719 ad
1709 671 1955 721 Christia—

115 757 233 790 nam
259 757 422 789 aeram
446 757 575 787 anno
614 741 772 793 5500.
811 743 1099 807 compositi,
1142 747 1294 796 1180.
1331 760 1572 790 summam
1598 742 1840 804 reddunt,
1880 744 1954 789 al.-

116 812 211 859 teri
249 829 397 876 quam
447 810 506 857 ab
553 810 774 863 eiusdem
813 813 951 861 urbis
990 813 1225 861 incendio
1270 831 1400 860 anno
1441 812 1689 862 Abraham
1730 817 1850 866 835.
1882 813 1954 860 -ad

117 881 369 940 Christum
389 889 564 929 natum
588 881 806 930 eiusdem
837 883 1062 932 Abrahae
1086 886 1240 937 2015.
1276 884 1514 931 Eusebius
1541 884 1750 947 asseruit
1778 901 1956 948 aequa-

114 953 230 1001 ]cm.
276 953 450 1000 Annos
484 970 635 1017 porro
661 954 854 1001 Aeneae
878 972 982 1002 non
1007 957 1092 1008 23.
1131 954 1217 1001 sed
1242 954 1370 1001 solos
1397 962 1496 1001 tres
1523 953 1608 1000 hic
1637 954 1953 1002 substituen-

116 1023 207 1071 dos
232 1023 448 1071 declarat
473 1023 674 1071 Ascanii
700 1024 791 1071 filii
819 1024 1006 1090 epocha
1031 1025 1095 1072 ad
1120 1043 1304 1072 annum
1329 1025 1506 1072 mundi
1532 1025 1688 1078 4343.
1721 1026 1951 1079 devincta

114 1094 324 1149 inferius
346 1112 398 1160 p.
435 1098 552 1148 177.
593 1095 645 1142 C.
684 1096 869 1142 Scribit
895 1095 1114 1160 Scaliger
1135 1090 1226 1163 κγ’.
1252 1113 1345 1143 nec
1367 1095 1635 1144 Eusebium
1664 1096 1828 1161 ipsum
1850 1103 1951 1145 tres

115 1165 364 1215 duntaxat
389 1165 644 1228 scripsisse
670 1166 1035 1216 animadvertit.

255 1237 366 1300 Pag·
406 1240 523 1289 172·
563 1233 868 1303 Καρχηδόνα
899 1237 1026 1303 φησὶ
1060 1237 1326 1303 Φίλιστος.]
1375 1238 1488 1285 Non
1527 1254 1790 1302 possumus
1830 1237 1954 1285 certi

114 1306 303 1370 aliquid
330 1306 390 1354 de
419 1305 728 1368 Carthaginis
759 1308 967 1355 conditu
990 1311 1349 1373 pronunciare,
1398 1308 1573 1356 scribit
1609 1325 1757 1372 sagax
1794 1307 1954 1355 Chro-

112 1377 374 1440 nologicus
406 1376 583 1424 author
608 1379 835 1426 Petavius
860 1379 990 1426 libro
1019 1383 1066 1433 9.
1098 1380 1157 1427 de
1183 1380 1328 1429 Doct.
1355 1379 1525 1444 Temp.
1564 1397 1671 1444 cap.
1710 1384 1792 1432 62.
1836 1385 1953 1444 post

104 1448 287 1495 -allatas
314 1447 374 1494 de
399 1464 454 1494 eo
477 1447 639 1496 varias
662 1449 982 1513 antiquorum
1012 1449 1319 1514 scriptorum
1346 1450 1642 1512 sententias,
1683 1450 1742 1497 de
1766 1466 1862 1513 quo
1888 1466 1951 1496 ne

113 1526 306 1567 veteres
335 1518 533 1582 quidem
556 1519 650 1583 ipsi
671 1527 959 1584 potuerunt.
1009 1520 1278 1568 Eusebium
1296 1519 1467 1584 itaque
1495 1520 1559 1567 ad.
1584 1537 1770 1567 annum
1796 1521 1952 1568 Abra-

112 1587 207 1637 hae
251 1592 369 1642 798.
408 1589 728 1652 scribentem,
777 1591 1037 1637 Philistus
1081 1591 1259 1638 scribit
1297 1608 1330 1636 a
1375 1593 1510 1638 Zaro
1550 1600 1597 1637 et
1636 1589 1952 1638 Carchedone

124 1661 317 1723 ἷὶζγνίίε,
353 1659 449 1706 hoo
471 1668 712 1724 tempore,
756 1661 1118 1727 Carthaginem
1150 1660 1435 1724 conditam,
1472 1660 1668 1709 Author
1692 1669 1950 1725 sequutus,

114 1731 179 1779 ad
208 1730 433 1794 quemvis
466 1738 581 1777 ante
617 1731 772 1785 4340.
809 1749 994 1779 annum
1035 1732 1373 1780 ascribendam
1402 1731 1606 1779 eandem
1644 1731 1950 1796 periocham,

113 1800 314 1863 retulit,
352 1807 402 1848 et
425 1800 612 1866 potiori
647 1802 757 1849 iure
791 1803 1023 1867 apposuit
1046 1799 1169 1853 κατὰ
1203 1806 1384 1853 τοῦτον
1419 1799 1504 1852 τὸν
1545 1798 1743 1868 χρόνον.
1787 1801 1952 1850 Phili-

113 1880 251 1919 stum
284 1871 370 1919 hic
404 1880 730 1921 memoratum
756 1891 783 1919 a
809 1873 1079 1922 Plutarcho
1106 1873 1161 1920 in
1189 1874 1298 1922 Dio.
1337 1871 1528 1938 Ioseph.
1564 1872 1651 1923 lib.
1691 1877 1740 1926 1.
1781 1881 1955 1921 contra

113 1943 259 2008 Apio.
295 1942 504 1991 Pausan.
539 1943 626 1991 lib.
668 1949 713 1996 1.
752 1944 936 2005 Suida‚
973 1944 1216 2009 Dionysio
1237 1943 1643 1992 Halicarnassaeo
1677 1944 1762 1993 lib.
1790 1948 1836 1997 1.
1868 1945 1954 1992 Ci-

115 2030 294 2061 cerone
329 2013 419 2063 lib.
461 2017 509 2067 1.
549 2014 610 2061 de
647 2014 784 2064 Orat.
814 2023 862 2063 et
882 2015 969 2066 lib.
1007 2021 1054 2070 2.
1093 2015 1235 2080 epist.
1273 2019 1356 2069 12.
1395 2015 1458 2062 ad
1480 2015 1725 2074 Quintum
1747 2015 1953 2064 fratrem

114 2083 370 2145 crebrum,
409 2091 638 2148 acutum,
676 2086 906 2149 brevem,
942 2103 1068 2151 pene
1089 2086 1331 2151 pusillum
1361 2085 1707 2149 Thucydidem
1738 2087 1955 2134 celebra..

114 2162 224 2202 tum
248 2156 405 2202 refert
429 2156 677 2203 Pontacus
704 2157 759 2204 in
787 2157 946 2208 Notis.
993 2159 1356 2222 Syracusanum
1381 2154 1623 2203 Aemilius
1654 2157 1845 2204 Probus
1868 2165 1950 2204 te-

115 2232 304 2286 statur3
353 2225 459 2273 eius
492 2242 555 2272 ex
590 2226 886 2291 Thucydide
917 2227 1185 2275 sententias
1220 2226 1622 2283 habet-Clemens
1648 2225 1950 2274 Alexandri-

111 2312 225 2345 nus.
272 2297 387 2344 Post
412 2295 535 2343 haec
561 2296 745 2361 scripta
770 2299 915 2362 plura
937 2297 1181 2360 suggessit
1207 2295 1415 2345 Vossius
1442 2296 1503 2344 de
1526 2296 1764 2360 Philisto,
1804 2314 1948 2362 quem

115 2366 254 2414 adire
278 2366 366 2414 lib.
392 2370 439 2419 1.
467 2366 528 2413 de
545 2366 670 2414 Hist.
702 2368 904 2415 Graecis
935 2385 1036 2415 non
1060 2367 1246 2431 pigebit
1266 2367 1517 2416 lectorem.

257 2433 400 2487 Κατοέ
427 2434 481 2486 δὲ
502 2433 682 2496 ἄλλους
702 2433 813 2502 υλ’.]
850 2438 1118 2486 Eusebium
1153 2445 1202 2485 et
1235 2453 1469 2501 sequaces
1493 2437 1727 2501 intellige.
1764 2437 1949 2486 Scribit

114 2506 248 2555 enim
282 2508 347 2554 ad
384 2524 571 2555 annum
609 2508 836 2556 Abrahae
871 2512 990 2562 810.
1061 2509 1305 2556 Herculea
1336 2525 1548 2572 agonem
1592 2509 1949 2573 Olympiacam

113 2580 407 2640 constituit,
444 2597 479 2625 a
517 2596 614 2642 quo
650 2578 725 2626 ad
745 2581 976 2644 primam
1013 2596 1172 2643 usque
1214 2577 1567 2643 Ogympiadem
1594 2589 1949 2644 supputantur

114 2650 242 2696 anni
254 2648 374 2702 430.
405 2649 487 2697 Ex
509 2648 588 2697 his
613 2666 812 2713 gravem
838 2650 1076 2713 Scaligeri
1100 2666 1316 2699 errorem
1342 2657 1512 2697 textus
1534 2651 1707 2698 Euseb.
1733 2654 1945 2715 pag.31.
1994 2644 1997 2648 ἢ

115 2727 372 2768 exaratum
398 2720 598 2784 collige:
637 2721 699 2768 ad
724 2720 846 2768 haec
865 2721 994 2768 enim
1023 2721 1209 2769 Graece
1233 2720 1530 2785 conscripta,
1566 2721 1746 2785 puncti
1771 2721 1943 2786 perio-

116 2789 220 2838 dici
250 2790 373 2838 falsa
411 2791 525 2839 sede
559 2791 833 2855 assignata,
870 2791 1123 2841 diversum
1163 2790 1223 2839 ab
1265 2789 1502 2839 Authoris
1526 2799 1691 2840 mente
1726 2809 1942 2855 sensum,

114 2867 167 2909 et
207 2859 648 2910 hallucinationem
694 2862 890 2926 ingerit.
973 2859 1097 2913 κατὰ
1140 2881 1323 2913 τουτον
1364 2857 1448 2912 τὸν
1494 2859 1703 2927 χρόνον,
1753 2862 1943 2925 scribit,

112 2928 358 2998 Ἡρακλῆς
382 2927 466 2982 τὸν
487 2931 541 2982 ἐν
563 2928 806 3003 Ὀλυμπία
834 2928 1020 3002 ἄγωνα,
1058 2940 1152 2980 etc.
1193 2932 1510 2998 Olympicum
1539 2933 1670 2980 enim
1694 2941 1946 2981 certamen

114 3001 236 3065 ipsis
261 3002 448 3050 excidii
473 3003 675 3052 Troiani
708 2985 1016 3070 temporibus
1049 3002 1332 3051 institutum
1363 3003 1599 3052 Eusebius
1625 3021 1729 3051 non
1758 3004 1945 3066 asserit,

116 3071 207 3119 sed
234 3071 376 3119 annis
403 3073 486 3127 25.
512 3073 675 3139 prius.
720 3074 798 3124 Ad
821 3074 1195 3141 praecedentem
1223 3073 1392 3138 itaque
1418 3074 1691 3153 pericopen
1718 3074 1946 3121 addenda

114 3142 267 3191 verba
306 3161 431 3192 κατα
468 3148 648 3196 τοῦτον
679 3164 768 3198 τον
803 3142 1000 3227 χρόνρν.
1076 3143 1318 3208 Carthago
1363 3145 1494 3193 enim
1535 3145 1709 3193 Troiae
1746 3159 1946 3192 eveisae

117 3220 276 3260 aetate
299 3211 528 3276 condita3
567 3222 616 3263 et
645 3216 931 3265 Eusebius
917 3233 1022 3282 ipse
1045 3216 1250 3263 Latinus
1278 3214 1341 3263 ad
1367 3231 1551 3264 annum
1573 3213 1800 3263 Abrahae
1823 3216 1941 3266 798.

115 3282 355 3331 Philistus
385 3284 586 3334 scribit.
633 3285 679 3334 A
714 3288 837 3335 Zaro
881 3295 932 3335 et
967 3285 1287 3335 Carchedone
1321 3286 1514 3351 Tyriis,
1561 3285 1660 3333 hoc
1700 3291 1939 3349 tempore,

119 3351 346 3418 (observa
372 3352 498 3404 κατα
525 3359 703 3407 τοῦτον
729 3355 815 3408 τὸν
839 3353 1040 3423 χρόνον)
1081 3356 1426 3421 Carthaginem
1458 3354 1727 3403 conditam.

239 3419 394 3474 Ἴλιον
413 3420 519 3488 ἥλω
536 3430 607 3494 τῷ
631 3424 985 3496 φθινοπώρω]
1025 3428 1198 3476 Vaiias
1226 3428 1288 3476 de
1311 3427 1590 3478 destructae
1611 3424 1786 3472 Troiae
1810 3431 1942 3472 tem-

117 3501 306 3559 pestate
336 3495 603 3546 sententias
626 3495 773 3546 habet
798 3499 1035 3549 Clemens
1056 3498 1422 3548 Alexandrinus
1460 3500 1505 3547 1.
1546 3496 1730 3546 Strom.
1776 3495 1941 3544 Verna
