2112 3854
769 165 1267 223 DlSSERTATIO.
1820 187 1825 191 ’
1840 160 1924 221 89

102 316 166 348 ac
184 287 469 364 proditione
488 296 717 362 sumpsit,
756 300 845 363 Χη
862 300 941 364 μᾶ
963 306 1123 350 vocat.
1147 297 1214 364 16)
1283 296 1458 348 Suidas
1488 293 1757 366 χημευτικοῖ
1780 299 1923 349 Zosi-

102 386 240 419 mum
266 367 520 434 scripsisse
549 376 747 432 narrat,
788 386 815 416 a
841 368 1135 432 quibusdam
1159 387 1279 420 vero
1295 407 1309 433 ,
1345 369 1508 432 addit,
1547 370 1852 420 Chirocmeta
1873 378 1925 419 et

102 440 325 490 Platonis
348 439 505 488 vitam
531 437 751 488 inscribi.
823 439 1000 487 Suidas
1027 458 1152 505 opus
1174 441 1337 506 ipsum
1360 457 1463 489 non
1485 440 1756 508 inspexisse
1777 441 1924 490 vide-

101 518 214 573 tur,
251 527 426 559 verum
453 509 578 557 alios
599 508 854 573 sequitur,
891 509 977 575 qui
1002 511 1308 574 singulorum
1330 511 1571 560 librorum
1593 512 1767 560 titulos
1792 511 1922 560 cita-

101 588 310 642 verant,
361 579 540 644 quibus
579 579 688 644 ipse
722 587 884 628 totum
924 597 1048 645 opus
1080 581 1286 630 inscribi
1326 582 1536 647 putavit.
1572 608 1644 621 —
1688 582 1921 631 Attamen

103 651 275 718 plures
301 650 483 698 Zosimi
508 648 661 698 libros
695 650 907 698 maxime
935 659 1090 699 artem
1116 651 1383 700 Chimicam
1415 652 1686 702 illustrasse
1711 670 1736 701 e
1757 651 1921 701 titulis

107 721 342 786 colligere
366 737 654 786 possumus,
692 737 817 784 quos
844 720 1136 770 Beinesius
1122 740 1174 769 m
1199 723 1326 771 libro
1355 722 1445 774 111.
1467 723 1715 773 variarum
1740 723 1922 772 lectio-

102 809 226 840 num
257 790 569 858 (Altenburg'
555 808 572 837 1
605 791 754 844 1640.
780 789 853 856 4.)
877 808 985 856 pag.
1009 795 1114 847 380
1143 800 1191 840 et
1223 796 1325 846 381
1364 793 1686 860 conscripsit.
1722 795 1921 857 „Prae-

102 870 182 910 ter
201 862 358 911 libros
391 862 453 909 ad
479 860 799 909 Theosebiam
824 879 1042 911 sororem
1063 870 1112 911 et
1136 862 1469 927 Calliergiam,
1502 865 1722 914 eiusdem
1741 865 1923 914 Zosimi

100 932 227 981 liber
254 931 369 999 περὶ
390 934 702 997 χημευτικῆς,
725 931 838 1021 περὶ
856 933 1081 998 καμίνων
1103 932 1189 983 καὶ
1217 928 1457 1020 ὀργάνων,
1483 935 1598 1018 περὶ
1624 935 1919 1001 ἔξατμίσεως

100 1005 193 1054 τοῦ
207 1004 356 1054 θείου
371 1000 440 1066 17)
467 998 666 1062 ὕδατος,
698 1001 812 1070 περὶ
833 999 1101 1069 ποσότητος
1121 1023 1294 1068 πυρος,
1330 1003 1444 1071 περὶ
1464 1001 1711 1070 ποιήσεως
1732 1008 1918 1092 χαλκοῦ’

101 1075 321 1135 ξανθοῦ,
357 1071 471 1140 περι
490 1068 772 1133 λευκώσεως
791 1074 1105 1158 μαργαριτῶν
1131 1074 1345 1141 κιρῤὤν,
1371 1074 1484 1158 περὶ
1498 1072 1745 1142 ποιήσεως
1767 1070 1918 1142 ασβὲ-

101 1159 221 1194 στου
235 1162 375 1210 ,περι
401 1144 593 1227 βαφῆς,
642 1142 756 1210 περὶ
794 1138 1068 1209 ὀπτήσεως,
1107 1143 1220 1211 περὶ
1247 1139 1577 1208 ξανθῶσεως,
1614 1147 1787 1225 βίβλος
1817 1165 1919 1196 των

99 1215 324 1274 κλειδῶν,
339 1208 634 1280 χειρόκμητα
651 1221 699 1261 et
712 1212 806 1261 alia
819 1214 1055 1262 eiusmodi
1079 1213 1287 1262 chimica
1300 1214 1682 1280 hypomnemata
1699 1216 1919 1264 circum—

101 1286 381 1334 feruntur-'⁷
406 1285 469 1332 Et
482 1284 612 1332 liber
630 1285 999 1350 manuscriptus
1022 1301 1240 1349 graecus,
1257 1302 1354 1349 quo
1369 1286 1498 1334 idem
1510 1286 1767 1337 Reinesius
1781 1303 1917 1351 usus,

102 1373 163 1403 ac
187 1355 268 1403 cui
295 1354 472 1402 titulus
500 1362 597 1402 est:
635 1351 847 1415 Λεξικόν
873 1375 999 1405 κατα
1029 1360 1268 1421 στοιχεῖον
1291 1359 1387 1428 τῆς
1415 1358 1761 1422 χρυσοποιίας,
1796 1356 1919 1405 haec

101 1426 254 1475 verba
279 1424 541 1490 separatim
568 1432 766 1473 exarata
795 1423 967 1473 habet.
1004 1462 1035 1488 ‚‚
1061 1427 1308 1489 Γίνωσκε,
1345 1428 1384 1476 ὠ
1417 1427 1558 1490 φίλε,
1593 1427 1679 1478 καὶ
1701 1447 1762 1478 τα
1791 1420 1919 1479 ὄνθ’-

95 1515 232 1562 -ματα
269 1499 369 1546 τῶν
395 1514 647 1560 ποιητωνε
691 1493 819 1576 (non
855 1512 881 1543 e
919 1495 1275 1560 significatione
1309 1496 1533 1560 vulgari,
1567 1497 1655 1546 sed
1693 1498 1919 1585 appella-

99 1567 286 1615 bantur
322 1566 614 1655 ποιηταί,
652 1565 739 1628 qui
771 1582 960 1614 sacram
998 1573 1047 1613 et
1069 1582 1296 1628 magnam
1320 1574 1474 1614 artem
1505 1564 1805 1655 χημευτικην
1831 1566 1919 1619 καὶ

99 1641 207 1721 τῆς
214 1637 537 1720 χρυσοποιίας
553 1633 953 1700 profitebantur.)
1022 1631 1169 1703 Ἀρχη
1194 1633 1264 1724 18)
1304 1632 1537 1698 Πλατων,
1573 1633 1917 1720 Ἀριστοτέλης,

97 1703 369 1772 Ἰωαννης’“
348 1701 522 1773 ιἐρεύς,
538 1702 862 1790 Δημόκριτος,
891 1701 1143 1772 Ζώσιμο
1159 1726 1184 1767 ς
1207 1705 1236 1757 o‘
1264 1705 1481 1772 μέγας,
1504 1703 1918 1791 Ὀλυμπιόδωρος,

99 1777 358 1842 Στέφανος
396 1775 428 1828 o‘
461 1771 762 1840 φιλόσοφος,
801 1774 980 1843 Σοφαρ
1010 1775 1040 1828 0‘
1075 1776 1131 1828 ἐν
1169 1777 1408 1843 Περσίδι,
1445 1776 1715 1840 Συνέσιος,
1746 1773 1917 1829 Ὀστα-

100 1869 195 1914 νης
229 1843 324 1900 ἄπ’
354 1842 616 1914 Αἰγύπτου
653 1855 747 1897 etc.
766 1848 796 1872 ’⁷
867 1848 932 1896 Et
966 1846 1382 1913 olympiodorus,
1417 1845 1630 1914 ποιητής
1660 1867 1715 1900 το
1750 1844 1919 1914 ἐπιτη-

99 1921 282 1986 δευμα,
334 1918 431 1985 (uti
468 1917 674 1966 Photius
716 1917 826 1967 cod.
870 1921 956 1971 80.
991 1935 1101 1966 eum
1139 1916 1404 1984 appellat),
1449 1918 1505 1966 in
1538 1918 1694 1967 libros
1732 1918 1916 1967 Zosimi

99 1996 459 2039 commentatus
495 1996 594 2050 est,
631 1984 723 2039 όσα
748 2008 845 2040 απο
872 1987 1058 2054 Ἑρμοῦ
1083 2008 1168 2039 και
1200 1992 1301 2039 τῶν
1333 1983 1622 2053 φιλοσόφων
1655 1988 1771 2055 (hoc
1796 2007 1916 2054 quo-

99 2073 198 2124 que
226 2059 427 2108 nomine
466 2059 518 2109 οἷ
554 2059 846 2126 χρυσοποιοί
878 2055 1195 2128 dicebantur)
1233 2061 1365 2124 ησαν
1396 2058 1653 2126 εἰρημέναι
1703 2059 1918 2108 Reinesii

97 2129 214 2182 Var.
237 2133 370 2178 Lect.
392 2129 503 2179 libr.
518 2129 554 2177 Ι.
580 2146 690 2194 pag.
710 2134 744 2183 7
771 2137 818 2178 et
839 2133 888 2183 8.
899 2157 970 2167 -
987 2130 1125 2190 Quae
1144 2130 1280 2195 apud
1304 2130 1568 2194 Georgium
1591 2147 1617 2178 e
1639 2130 1833 2179 Zosimo
1853 2130 1920 2178 de

96 2202 281 2265 angelis
307 2200 454 2264 legis,
496 2216 522 2247 e
549 2199 726 2248 Genesi
752 2208 801 2248 et
837 2200 1033 2249 Enochi
1062 2200 1312 2250 vaticiniis
1336 2201 1547 2284 repetita
1572 2209 1703 2263 sunt,
1742 2197 1922 2265 σχεδὸν

97 2269 230 2332 ἅπας
258 2266 404 2337 λόγος
425 2267 644 2336 φανερὰς
677 2269 761 2321 και
789 2264 1087 2337 απόκρυφος
1115 2274 1263 2322 τοῦτο
1298 2266 1695 2336 ἐμνημόνευσεν.·
1731 2271 1915 2318 mulie-

96 2359 211 2391 rum
236 2340 469 2406 cupidine
505 2348 666 2388 tactos
701 2341 898 2404 angelos
940 2342 996 2389 in
1027 2349 1209 2390 terram
1246 2341 1578 2404 descendisse,
1615 2348 1920 2404 naturaeque

94 2413 254 2475 vires,
292 2428 370 2460 res
393 2427 572 2476 pravas
600 2419 647 2459 et
669 2411 832 2459 animo
860 2411 1116 2459 hominum
1140 2428 1444 2475 nequaquam
1467 2411 1644 2473 utiles,
1677 2411 1789 2458 illas
1817 2412 1914 2458 do-

97 2483 287 2532 cuisse:
323 2489 371 2530 et
399 2481 612 2546 primum
643 2481 844 2545 quidem
871 2499 948 2529 eas
967 2490 1110 2542 artes,
1147 2499 1265 2545 quas
1288 2481 1514 2546 Aegyptii
1541 2483 1694 2546 Χημᾶ
1714 2487 1912 2543 vocent,

96 2555 231 2603 unde
255 2561 304 2601 et
327 2569 508 2600 nomen
532 2555 622 2616 τῆς
637 2552 862 2616 Χημείας
894 2559 1059 2599 ortum
1081 2551 1145 2598 sit
1165 2548 1255 2618 1⁹).
1298 2579 1364 2587 —
1402 2552 1591 2599 Nomen
1613 2568 1797 2599 novum
1820 2558 1912 2612 est,

98 2626 160 2673 de
188 2642 286 2688 quo
319 2623 416 2670 iam
439 2640 588 2687 supra
606 2622 853 2669 diximus:
890 2639 1002 2670 nam
1026 2622 1080 2669 in
1105 2621 1391 2685 fragmentis
1411 2621 1758 2670 vaticiniorum
1783 2622 1914 2669 Eno-

98 2695 179 2743 chi
206 2703 334 2743 artes
364 2693 422 2740 ab
448 2693 632 2756 angelis
661 2692 836 2740 doctae
872 2692 1158 2740 nominibus
1175 2695 1380 2757 graecis
1409 2699 1678 2741 vocantur:
1719 2711 1914 2757 φαρμα-

96 2768 254 2828 κείαι,
289 2764 566 2825 ἐπαοιδίαι,
615 2763 866 2827 μαντείαι,
913 2764 1156 2829 γοητείαι»,
1193 2782 1254 2812 τα
1299 2759 1522 2828 βαφικα,
1566 2757 1916 2828 ἅστροσκοπία,

98 2832 426 2905 ἄεροσκοπία,
453 2837 561 2894 πῶς
573 2830 629 2884 τό
650 2829 1182 2901 χρυσίον-ἐργάσωνται
1206 2831 1291 2884 καὶ
1315 2829 1397 2885 τὸν
1422 2830 1640 2901 ἄργυρον
1664 2852 1708 2882 κ.
1720 2851 1761 2884 τ.
1779 2836 1820 2882 λ.
1836 2830 1912 2898 ²⁰)

156 2975 234 3028 16)
262 2971 311 3017 ἐν
332 2973 397 3030 τῷ
420 2969 565 3032 ἐνατῳ
590 2973 671 3028 τῆς
678 2967 844 3028 Ἰμοῦθ
864 2970 920 3029 βί
903 2972 959 3030 β
969 2973 1064 3028 λω
1093 2970 1156 3014 ita
1183 2970 1378 3027 Scaliger
1398 2969 1454 3013 ad
1476 2969 1776 3026 Eusebianap
1779 2968 1916 3021 .243;

211 3028 415 3072 Goarus
405 3044 449 3071 m
471 3018 662 3085 Georgio
683 3045 784 3097 pag.
802 3031 868 3073 13.
884 3029 958 3081 D„
988 3013 1032 3071 e't
1052 3027 1311 3071 Fabricius
1299 3043 1343 3070 m
1364 3028 1477 3070 Bibl.
1507 3028 1588 3070 Gr.
1618 3027 1714 3070 Vol.
1732 2984 1776 3069 Ip
1788 3042 1830 3083 p.
1842 3028 1912 3070 71.

210 3090 385 3153 βίβλος
391 3094 532 3130 autem
555 3087 744 3130 feminini
768 3085 938 3142 generis
961 3090 1049 3128 est:
1078 3085 1176 3142 lege
1199 3087 1229 3143 β
1243 3086 1429 3154 ιβλίῳ.
1566 3083 1644 3138 17)
1673 3086 1739 3127 An
1769 3084 1916 3139 legen-

209 3146 309 3187 dum
353 3143 409 3186 sit
454 3146 717 3213 θερμοῦ.
710 3147 726 3174 7
879 3143 957 3198 18)
994 3145 1060 3185 An
1103 3143 1327 3198 legendum
1378 3142 1437 3184 sit
1484 3137 1694 3199 ἀρχὴν,
1746 3139 1915 3196 primo?

212 3203 291 3256 19)
321 3203 427 3256 Pag.
452 3204 519 3247 13.
550 3202 606 3245 D.
637 3198 895 3268 φάσκουσιν
928 3199 978 3243 αὶ
1006 3199 1126 3253 ἱεραὶ
1157 3199 1357 3257 γραφαὶ,
1397 3196 1534 3254 ἤτοι
1561 3201 1617 3257 βι
1612 3201 1776 3264 β’λοι.
1835 3196 1915 3238 Ul-

209 3259 313 3300 tima
339 3259 474 3300 verba
503 3259 648 3301 deleo:
677 3258 812 3325 inepti
840 3257 1090 3312 glossatoris
1125 3261 1240 3300 sunt.
1269 3281 1326 3289 «-
1376 3258 1521 3300 Artem
1554 3270 1656 3298 vero
1682 3253 1913 3296 Chimicam

212 3315 257 3357 in
258 3315 475 3381 ‘Aegypto
503 3317 556 3358 ab
584 3314 885 3371 antiquissimis
914 3314 1172 3382 temporibus
1198 3314 1383 3357 maxime
1409 3314 1616 3356 excultam
1648 3311 1804 3362 fuisse,
1845 3308 1913 3351 di-

211 3370 363 3413 scimus
387 3387 438 3414 ex
443 3374 641 3444 antiquo
646 3378 822 3416 auctore
835 3371 946 3427 apud
966 3370 1169 3414 Suidam
1156 3385 1202 3413 m
1223 3386 1328 3414 voce
1341 3371 1534 3440 Χημεία.
1609 3369 1690 3422 20)
1719 3367 1825 3438 Pag
1842 3367 1912 3434 123

212 3428 269 3471 D.
296 3426 378 3472 -ἔτι
412 3427 463 3473 δε
496 3429 575 3473 καὶ
621 3426 646 3476 ὁ
683 3426 951 3486 πρώταρχος
989 3426 1197 3484 ἐδίδαξεν
1243 3426 1299 3473 εἴ
1305 3444 1401 3473 ναι
1445 3422 1616 3482 ὄργας
1661 3422 1781 3467 κατὰ
1823 3423 1912 3467 τοῦ

212 3481 348 3542 νοὸς,
375 3486 454 3532 καὶ
493 3485 620 3543 ῥίζας
649 3488 860 3545 βοτανῶν
894 3487 977 3544 τῆς
1006 3487 1103 3543 γῆς.
1170 3484 1349 3531 Goarus
1379 3488 1528 3527 contra.
1560 3482 1783 3526 verborum
1814 3495 1911 3524 seu-
