2112 3854
225 213 302 269 10
849 216 916 272 G.
956 216 1027 271 G.
1063 215 1404 273 BREDOVII

221 346 356 421 ,eym'
391 356 552 398 mutas
594 365 653 396 ac
680 347 981 413 transponis.
1052 348 1263 395 Textum
1300 365 1418 399 vero
1450 362 1678 411 graecum
1715 346 2040 411 depravatum

221 438 348 482 esse,
389 420 656 468 clarissime
681 420 826 468 docet
846 419 1007 468 versio
1042 418 1196 467 latina
1222 419 1543 484 Hieronymi,
1579 417 1634 464 in
1661 434 1755 482 qua
1781 418 1925 481 longe
1952 416 2040 465 di-

220 509 360 541 versa
393 492 627 554 leguntur
645 507 695 555 p.
723 491 850 542 158:

287 563 687 626 „Computantur
708 559 763 606 in
782 566 1089 624 praesentem
1109 576 1290 608 annum
1305 597 1322 622 ,
1357 559 1412 608 id
1435 565 1509 608 est
1539 557 1769 622 quintum
1793 556 2040 605 decimum

357 632 540 679 Tiberii
566 630 780 678 Caesaris

287 703 331 752 A
366 702 583 750 secundo
619 716 748 748 anno
779 699 1154 748 instaurationis
1177 700 1395 766 Templi,
1436 715 1562 765 quae
1594 699 1725 746 facta
1749 704 1824 745 est
1842 697 1934 746 sub
1962 697 2042 745 al—

353 780 461 824 tero
491 788 620 819 anno
646 770 780 818 Darii
802 771 930 834 regis
955 771 1215 819 Persarum
1265 805 1705 820 ......
1742 769 1861 818 anni
1885 768 2005 823 548.

286 843 331 892 Α
359 844 620 890 Salomone
647 849 811 889 autem
836 849 884 889 et
911 841 1251 890 aedificatione
1276 841 1471 907 Templi
1526 877 1538 889 .
1612 875 1625 888 .
1697 877 1709 889 .
1778 857 1824 888 a.
1855 843 2007 894 1060.

285 915 331 960 A
352 914 520 976 Moyse
547 919 595 959 et
620 926 812 976 egressu
842 911 1036 960 lsra‘elis
1060 929 1122 960 ex
1142 912 1367 978 Aegypto
1443 948 1454 960 .
1530 948 1543 960 .
1616 948 1628 961 .
1699 948 1713 960 .
1785 927 1828 961 a.
1855 911 2007 963 1538·

284 983 362 1031 Ab
381 982 631 1031 Abraham
659 991 709 1031 et
739 984 905 1046 Regno
931 983 1049 1031 Nini
1075 990 1124 1032 et
1148 983 1479 1033 Semiramidis
1527 1018 1540 1030 .
1614 1016 1626 1031 .
1699 1019 1711 1031 .
1783 998 1828 1029 a·
1852 979 2009 1035 2044-
2082 983 2083 987 ¹

285 1054 329 1101 A
352 1054 552 1102 Diluvio
574 1070 730 1117 usque
752 1054 814 1101 ad
838 1053 1086 1102 Abraham
1180 1089 1708 1105 .......
1816 1069 1858 1102 a.
1888 1052 2008 1104 942.

285 1123 360 1171 Ab
385 1124 540 1172 Adam
570 1141 724 1188 usque
748 1124 811 1172 ad
840 1125 1094 1174 Diluvium
1189 1160 1714 1175 .......
1784 1140 1826 1173 a.
1851 1121 2044 1177 2242?

216 1195 397 1243 Tribus
412 1195 601 1243 ultimis
624 1194 842 1244 numeris
859 1196 1157 1261 computatis
1178 1196 1405 1245 redditur
1425 1212 1614 1243 summa
1628 1211 1868 1243 annorum
1889 1194 2043 1254 5228,

217 1283 344 1330 quae
373 1283 485 1314 cum
510 1277 732 1327 numero,
770 1282 914 1330 quem
938 1283 993 1315 re
1015 1283 1135 1314 vera
1161 1267 1363 1315 Eusebii
1388 1283 1488 1314 esse
1510 1267 1724 1331 probare
1745 1264 2044 1325 studuimus,

214 1345 411 1402 praeter
449 1353 608 1384 unum
651 1350 834 1383 annum
867 1338 1118 1386 convenit.
1202 1337 1360 1400 Igitur
1398 1353 1710 1400 nequaquam
1751 1336 2046 1399 dubitarem,

217 1407 281 1454 ad
311 1406 692 1470 Chronologiam
717 1402 924 1454 Eusebii*
940 1408 1199 1472 probatam
1227 1408 1414 1456 Graeca
1437 1406 1697 1455 restituere
1716 1404 1783 1472 2).

358 1478 546 1525 Pluries
565 1478 660 1524 iam
688 1476 1144 1542 Chronographiam
1164 1479 1372 1542 Georgii
1387 1478 1605 1542 Syncelli
1631 1477 1908 1526 citavimus,
1950 1475 2047 1523 Hic

217 1548 349 1596 enim
389 1549 491 1596 sere
530 1549 711 1595 unicus
751 1544 879 1597 liber
912 1556 1012 1609 est,
1051 1565 1076 1595 e
1112 1566 1207 1612 quo
1249 1548 1632 1611 Chronologiam
1667 1547 1782 1594 Iulii
1820 1545 2047 1595 Africani

215 1619 422 1666 haurire
458 1634 752 1683 possumus»,
791 1628 838 1668 et
858 1618 1096 1684 Iosephus
1126 1619 1342 1682 Scaliger
1363 1620 1578 1685 priorem
1602 1618 1787 1666 librum
1811 1617 2048 1666 Chronici

217 1690 481 1738 Eusebiani
513 1689 726 1737 maxime
759 1707 784 1738 e
826 1689 1142 1753 fragmentis,
1179 1708 1207 1737 a
1249 1691 1458 1754 Georgio
1495 1690 1729 1750 servatis,
1771 1688 2046 1737 contexuit.

216 1761 306 1808 Est
340 1760 492 1823 igitur
525 1774 839 1824 nequaquam
875 1761 1021 1825 parvi
1049 1761 1406 1810 aestimandus:
1445 1778 1559 1807 nam
1588 1767 1784 1824 praeter
1816 1759 2048 1808 Chrono-

215 1832 376 1895 logica
401 1831 624 1879 Africani
642 1838 786 1895 atque
811 1830 1008 1879 Eusebii
1027 1832 1183 1878 multa
1208 1832 1576 1897 deperditorum
1593 1830 1895 1896 scriptorum
1920 1831 2048 1893 frag-

217 1910 384 1950 menta
418 1902 472 1949 in
511 1918 567 1949 eo
600 1902 858 1965 leguntur3
898 1910 946 1949 et
985 1902 1256 1950 dolendum
1295 1911 1396 1965 est,
1435 1919 1496 1950 ne
1524 1900 1673 1949 huius
1703 1901 1906 1967 quidem
1928 1899 2049 1949 libri

218 1974 442 2035 codices,
481 1982 779 2037 quamquam
819 1973 907 2021 vix.
934 1980 1046 2019 ante
1069 1973 1207 2021 mille
1232 1991 1386 2022 annos
1411 1972 1627 2038 scriptus
1657 1971 1722 2019 sit
1742 1971 1899 2038 (circa
1929 1988 2044 2022 ann.

217 2047 369 2108 800),
402 2044 634 2106 integros,
670 2044 775 2091 sine
797 2043 989 2091 lacunis
1009 2051 1056 2090 et
1084 2044 1518 2109 depravationibus
1544 2043 1608 2090 ad
1631 2059 1723 2090 nos
1746 2043 2045 2108 pervenisse.

215 2115 342 2163 Nam
374 2114 463 2162 etsi
499 2115 741 2178 Scaliger,
781 2113 909 2163 levia
944 2114 1181 2178 quaedam
1224 2115 1430 2164 dicteria
1457 2113 1658 2177 Georgii
1689 2113 1742 2160 in
1782 2114 2048 2162 Eusebium

217 2203 363 2234 suum
396 2185 595 2248 gravius
621 2186 807 2247 ferens,
859 2183 1302 2234 vehementissimis
1343 2184 1658 2234 contumeliis
1693 2183 1748 2232 in
1781 2185 2050 2248 Georgium

211 2255 432 2317 invehit,
468 2253 654 2313 levem,
694 2256 1068 2314 stultissimum,
1110 2256 1346 2320 delirum,
1384 2257 1590 2320 indigna
1637 2254 1778 2302 dictu
1811 2257 2050 2321 pleraque

214 2334 547 2389 evomentem,
584 2327 848 2374 latrantem
881 2342 1052 2374 canem
1073 2327 1382 2390 vociferans,
1420 2334 1698 2390 cunctaque
1743 2342 1805 2373 ex
1835 2325 2049 2374 Eusebio

215 2398 275 2445 ab
315 2414 373 2445 eo
406 2398 699 2462 deprompta
735 2414 839 2446 esse
874 2414 1141 2445 accusans:
1179 2406 1346 2446 tamen
1385 2414 1561 2461 magna
1594 2413 1658 2444 ex
1689 2403 1831 2462 parte
1856 2397 2051 2445 easdem

271 2535 324 2591 2)
355 2537 418 2577 Αο
441 2549 495 2577 ne
514 2535 652 2577 lector
674 2537 820 2590 putet,
851 2546 927 2578 nos
951 2535 996 2578 in
1027 2534 1207 2591 gratiam
1230 2534 1368 2577 nostri
1390 2535 1550 2578 numeri
1576 2535 1685 2579 tales
1717 2533 2050 2590 depravationes

331 2606 598 2634 numerorum
640 2592 830 2647 fingere,
874 2594 1070 2637 conferat
1109 2593 1283 2635 Tironis
1332 2592 1539 2648 Prosperi
1580 2592 1824 2635 Chronicon
1861 2606 1904 2647 p.
1939 2590 2046 2635 284:

330 2651 679 2705 „Computantur
702 2652 852 2704 itaque
874 2650 918 2691 in
945 2665 1098 2693 annum
1124 2649 1329 2693 decimum
1349 2650 1542 2706 quintum
1568 2648 1738 2692 Tiberii
1760 2649 1960 2692 Caesaris
1995 2650 2050 2692 ab

332 2721 467 2753 anno,
484 2710 730 2802 {quo-natus
759 2712 825 2748 est
850 2707 1064 2749 Abraham
1099 2763 1110 2773 ι
1192 2739 1203 2748 .
1321 2739 1332 2751 .
1447 2738 1459 2748 .
1576 2737 1588 2747 .
1821 2720 1861 2750 a.
1889 2703 2020 2750 2047.

386 2762 1223 2876 ἓῡῡὲᾱέἶὲονῖἳξθῗεξῧὲ“ἓᾱῆῧῑῗέὲξῗιῗ
1245 2763 1616 2864 autumabam-12
1700 2794 1715 2862 ἶ
1773 2777 1871 2864 2131}
1888 2762 2049 2864 2323>

957 2904 1030 2946 Ex
1050 2903 1115 2946 his
1138 2904 1320 2946 numeris
1343 2904 1524 2960 quisque
1546 2902 1710 2959 colligit
1733 2917 1863 2946 annos
1892 2903 2020 2948 5231.

333 2963 585 3017 Sequuntur
607 2965 746 3003 autem
771 2962 878 3004 haec
896 2962 1056 3004 verba:
1086 2962 1225 3013 „Sunt
1251 2976 1352 3016 ergo
1388 2977 1530 3004 omnes
1555 2961 1651 3004 anni
1681 2962 1734 3003 ab
1760 2960 1896 3002 Adam
1913 2973 2050 3015 usque

333 3019 379 3061 in
401 3033 552 3061 annum
578 3021 631 3063 15
654 3019 825 3062 Tiberii
851 3018 1048 3062 Caesaris
1072 3018 1169 3060 anni
1195 3020 1309 3063 5360
1333 3026 1407 3061 aut
1427 3020 1554 3064 5228.
1615 3017 1725 3060 Anni
1758 3032 1862 3059 vero
1884 3031 2048 3059 ,secun-

332 3076 429 3118 dum
455 3077 672 3118 Geneseos
696 3076 948 3132 scripturam
975 3079 1019 3117 et
1040 3076 1231 3118 Africani
1258 3076 1465 3118 Historici
1496 3074 1836 3132 supputationem
1871 3073 2048 3129 amplius
2097 3117 2100 3120 ,

331 3133 603 3175 inveniuntur
624 3132 749 3177 129.”
779 3158 838 3164 -
875 3133 992 3175 Ecce
1021 3147 1203 3188 pugnam
1228 3148 1490 3175 numerorum
1511 3158 1567 3164 —-
1587 3148 1640 3175 ex
1663 3131 1829 3173 incuria
1848 3130 2050 3172 librario-

330 3190 448 3232 rum!
489 3190 719 3232 Eusebium
743 3190 850 3234 enim
875 3191 973 3244 (aut
992 3190 1133 3245 potius
1155 3190 1392 3232 versionem
1418 3189 1591 3232 latinam
1612 3187 1884 3244 Hieronymi)
1903 3187 2048 3243 sequi-

333 3251 403 3288 tur
431 3247 539 3288 Tiro
563 3247 774 3303 Prosper,
804 3247 867 3289 uti
890 3247 985 3303 ipse
1009 3248 1170 3288 fatetur
1193 3247 1338 3288 eadem
1371 3248 1452 3289 hac
1483 3247 1669 3302 pagina3
1701 3250 1745 3287 et
1777 3243 2048 3287 antecedenti

333 3318 435 3359 pag.
470 3306 572 3349 283.
603 3319 799 3347 summam
838 3317 1038 3347 annorum
1051 3305 1166 3348 2015
1193 3305 1246 3346 ab
1278 3305 1451 3346 Abraha
1485 3305 1541 3346 ad
1570 3302 1786 3347 Christum
1821 3302 2050 3344 secundum

335 3361 511 3404 Eusebii
537 3362 861 3417 Chronologiam
894 3364 1110 3418 posuerat.
1179 3361 1355 3403 Scribas
1391 3376 1494 3417 ergo
1529 3373 1688 3402 mecum
1724 3357 1839 3403 2044
1857 3389 1869 3410 ‚
1902 3359 2049 3400 deleas

333 3433 545 3461 numerum
568 3420 683 3464 5360
708 3425 783 3462 aut
814 3433 1000 3462 errorem
1032 3417 1180 3460 calculi
1206 3424 1280 3461 aut
1311 3423 1454 3461 notam
1483 3416 1748 3475 glossatoris,
1804 3416 1917 3461 5228
1946 3427 2050 3458 vera

333 3490 488 3517 summa
513 3478 606 3529 est,
637 3477 676 3518 si
693 3474 809 3522 2044
827 3476 1042 3519 rescribis.
1101 3475 1338 3517 Secundum
1359 3475 1550 3518 Africani
1570 3489 1673 3519 vero
1708 3473 2048 3531 supputationem

334 3532 514 3590 amplius
534 3533 805 3578 inveniuntur
830 3549 914 3577 non
942 3531 1155 3585 CXXIX,
1185 3532 1262 3575 sed
1288 3532 1542 3583 CCLXXII.
