2222 3938
641 192 741 248 ET
776 192 1368 251 ANNOTATIONES.
1803 183 1929 248 535

93 321 271 388 positis
295 319 509 386 Augusti
533 322 849 387 primordiis,
885 323 1101 373 eiusdem
1124 325 1303 375 tertius
1328 340 1478 391 supra
1505 323 1932 390 quadragesimum

93 393 151 441 in
177 391 363 442 Christi
385 393 598 441 natalem
623 395 778 447 5501.
801 394 1029 444 incurrit.
1102 395 1236 444 Alias
1262 395 1464 459 Augusti
1495 403 1701 460 quartus
1726 403 1777 444 et
1801 413 1931 461 qua—

93 463 398 527 dragesimus
433 463 723 512 devinctum
764 465 974 513 sortitur
1015 466 1169 520 5501.
1205 467 1382 520 tertius
1436 473 1484 514 et
1530 466 1931 531 quadragesimus

92 533 312 600 priorem
339 535 492 588 5500.
522 542 614 586 etc.
649 552 775 599 quae
805 535 1013 583 totidem
1046 535 1439 584 anachronismis
1474 537 1743 603 Georgium
1769 554 1931 605 expo·-

92 605 376 667 stulabunt‚
413 604 457 652 si
487 602 698 668 Augusti
725 605 1026 688 principium
1052 607 1114 653 ad
1138 607 1291 660 5458.
1318 607 1502 656 fixerit.

230 669 634 740 Ἀρχιεπισκόπου
671 713 682 725 .
723 714 735 724 .
827 671 1098 741 .Ῥω’μης.]
1133 678 1330 725 Lacuna
1358 678 1523 726 verbis
1551 677 1860 744 Nicephori
1843 696 1929 727 m·-

91 745 389 811 terpolanda
413 741 618 810 Πόρτου
642 749 732 813 τῆς
753 746 1088 815 πρεσβυτέρας
1109 743 1336 815 Ῥώμης.]
1362 750 1538 845 Portus
1566 748 1697 798 enim
1714 735 1930 799 Bouiani

90 815 371 882 Episcopus
398 815 694 867 celebratur.

231 886 477 951 Μαξίμου
499 905 590 936 του
620 881 938 954 ἄγιωτατου.]
974 886 1120 934 Cuius
1142 895 1260 935 sunt
1281 886 1345 935 ad
1366 906 1474 936 mal
1475 889 1639 953 ginem
1663 889 1925 940 adnotata.

89 956 144 1005 in
173 972 299 1021 quae
323 956 631 1021 irrepserunt
650 957 872 1009 mendae.
936 961 983 1011 1.
1019 961 1170 1011 τοῦτο
1191 977 1246 1009 το
1277 957 1385 1018 ε’τος
1408 979 1463 1010 το
1495 963 1703 1047 πρῶτον
1719 963 1810 1026 τῆς
1835 965 1930 1013 τοῦ

91 1030 316 1111 σωτῆρος
339 1022 553 1094 νπάρχει
580 1023 875 1094 γεννήσεως.
921 1028 1034 1077 vice
1062 1031 1208 1080 τοῦτο
1231 1025 1286 1080 τὸ
1315 1028 1423 1090 ἔτος
1453 1034 1543 1096 τῆς
1569 1034 1664 1082 τοῦ
1687 1025 1927 1085 Ἰωάννου

88 1092 305 1164 υπᾶρχει
350 1096 657 1163 συλλήψεως.
729 1104 780 1152 2.
809 1093 950 1164 ρπα’.
988 1098 1101 1147 vice
1153 1094 1249 1166 ρκ’.
1322 1102 1371 1152 3.
1411 1101 1926 1188 εἰκοσιοκτωετηρίδος

88 1168 203 1217 vice
230 1167 372 1234 ἕκτης
397 1168 925 1253 εἰκοσιοκτωετηρίδος.
962 1169 1188 1219 Inferius.
1235 1169 1284 1223 4.
1322 1169 1431 1230 ἔτος
1454 1164 1554 1237 ἧντ,
1589 1171 1745 1234 adde,
1783 1177 1926 1239 πρῶ-

88 1257 178 1290 τον
199 1242 289 1303 τῆς
316 1242 409 1290 τοῦ
433 1242 654 1305 σωτῆρος
680 1234 972 1307 γεννήσεως.
1018 1239 1130 1287 Dies
1155 1257 1305 1305 porro
1332 1241 1753 1346 Annunciationis
1788 1243 1926 1309 apud

88 1309 364 1358 Maximum
385 1317 460 1357 est
483 1310 608 1359 feria
636 1308 903 1363 2011118ίὶ
924 1310 1101 1357 natalis
1120 1310 1243 1358 feria
1263 1310 1314 1364 4.

228 1380 342 1443 Pag·
379 1382 496 1437 318.
535 1379 639 1430 Καὶ
669 1381 854 1430 Σιτίων
883 1374 1275 1446 Ἀλεξανδρεύς]
1310 1380 1523 1444 Σιτίων,
1560 1399 1664 1431 11011
1695 1382 1885 1432 semel
1869 1400 1926 1431 m

87 1450 190 1500 MS.
217 1457 371 1502 extat
417 1449 619 1514 Legitur
641 1451 817 1499 Sotion
841 1451 975 1517 apud
998 1451 1269 1500 Eusebium
1305 1451 1597 1518 Hieronymi
1634 1453 1699 1504 ad
1736 1470 1926 1502 annum

89 1520 278 1569 Christi
302 1525 383 1578 14.

230 1592 345 1654 Pag.
381 1593 503 1646 319.
542 1586 726 1651 Πόλεις
756 1584 836 1657 ιγ’.
867 1584 1309 1656 κατεπτῶθησαν]
1353 1591 1745 1658 Quatuordecim
1783 1593 1929 1642 vide-

86 1669 230 1712 retur
254 1661 505 1710 Librarius
537 1677 876 1723 enumerasse,
913 1661 1013 1709 nisi
1049 1662 1189 1709 Diam
1213 1662 1518 1726 Hyrcaniam
1555 1664 1702 1712 unius
1731 1671 1927 1716 tantum

87 1733 228 1782 urbis
252 1749 438 1782 nomen
461 1731 728 1781 arbitrarer
752 1748 862 1779 cum
886 1731 1185 1796 quibusdam
1211 1731 1408 1781 Latinis·
1435 1734 1636 1781 Eusebii
1661 1735 1928 1798 exempla-.-
2019 1753 2022 1756 ⁴

86 1804 228 1853 ribus
258 1821 284 1851 a
311 1803 530 1852 Pontaco
555 1802 689 1850 inter
715 1809 860 1850 notas
883 1802 1123 1864 reiectis,
1159 1801 1296 1850 haud
1324 1803 1472 1851 dubie
1501 1811 1669 1855 tamen
1702 1805 1927 1869 proban-2

87 1875 191 1936 dis,
241 1874 284 1922 si
317 1875 438 1937 Reg.
475 1873 634 1922 Vatic.
673 1880 722 1920 et
750 1872 898 1921 Bar.b
932 1872 1070 1922 MSS.
1107 1873 1302 1921 codices
1332 1874 1549 1922 Graecos
1567 1875 1925 1925 consuluisset.

88 1944 430 1993 Conserendus
478 1960 710 2010 praesens
758 1950 929 1995 textus
972 1959 1086 1991 cum
1132 1943 1242 1994 eius
1295 1944 1432 1994 notis
1480 1945 1597 1995 coll.
1635 1945 1756 2000 343.
1799 1945 1921 2000 344.

88 2023 139 2065 et
173 2031 272 2079 seq.

227 2087 338 2148 Pag.
374 2087 494 2140 320.
528 2082 614 2143 Ὡς
635 2078 950 2168 φάρμακον]
986 2082 1062 2130 Ita
1087 2084 1204 2146 Reg.
1233 2091 1282 2131 et
1303 2084 1502 2132 Barber.
1560 2084 1778 2149 Reponit
1799 2086 1924 2132 Sca-

86 2156 212 2219 liger
242 2172 351 2220 pag.
379 2159 464 2207 62.
502 2148 752 2223 φαρμάκῳ
780 2148 992 2204 ἀνεῖλεν.
1033 2154 1114 2201 cui
1152 2155 1402 2202 consentit
1427 2154 1668 2203 Eusebius
1687 2154 1921 2218 scribens,

87 2228 305 2275 Drusus
335 2241 515 2272 veneno
535 2225 710 2287 periit.

225 2294 282 2346 ‘O
319 2289 470 2352 αυτὸς
501 2290 742 2358 Λιβάδα.]
780 2292 853 2339 Ita
884 2291 1071 2356 paritei
1100 2291 1246 2342 Barb.
1279 2292 1497 2355 Scaliger
1535 2293 1654 2356 legit
1681 2291 1922 2359 Λιβιᾶδα.

87 2367 191 2430 Ego
218 2359 478 2430 Ἰουλιαδα,
515 2371 564 2410 et
588 2362 784 2427 Iosephi
808 2362 894 2411 lib.
917 2368 962 2416 2.
989 2361 1161 2425 Antiq.
1188 2380 1296 2427 cap.
1324 2365 1405 2415 13.
1445 2363 1649 2411 Gemina
1678 2380 1802 2413 vero
1825 2366 1922 2420 fuit

87 2437 268 2486 Iulias:
306 2436 466 2520 prima
493 2433 744 2498 Philippi,
778 2431 995 2480 Herodis
1024 2449 1149 2515 opus
1171 2433 1339 2482 alteia.
1395 2434 1645 2493 Φίλιππος
1669 2431 1759 2499 μὲν
1789 2432 1922 2521 προς

88 2512 198 2567 ταῖς
234 2501 488 2573 Ἰορδάνου
521 2510 707 2570 πηγαῖς
732 2502 785 2553 ἐν
815 2498 1043 2552 Πανεαδι
1079 2497 1225 2552 πόλιν
1258 2503 1407 2562 κτιζει
1440 2500 1779 2568 Καισάρειαν,
1815 2500 1916 2556 xciv

89 2581 154 2645 τῇ
171 2574 304 2627 κάτω
331 2577 687 2661 Γαυλανιτικῇ,
721 2568 990 2623 Ἰουλιάδα·
1022 2567 1246 2657 Ἡρώδης
1272 2570 1326 2623 δὲ
1348 2572 1405 2623 ἐν
1441 2571 1533 2638 μὲν
1565 2577 1630 2643 τῇ
1665 2576 1917 2645 Γαλιλαία,

96 2629 394 2715 Τιβεριάδα·
436 2645 492 2697 ἐν
520 2642 573 2695 δὲ
597 2648 660 2714 τῇ
699 2644 893 2710 Περαία
927 2639 1227 2707 φερώνυμον
1259 2637 1476 2703 Ἰουλίας.
1534 2644 1812 2709 Philippus
1847 2627 1924 2692 ad

91 2717 330 2769 Iordanis
349 2719 527 2780 fontes
562 2717 615 2762 in
631 2695 885 2762 Paneade
923 2711 1153 2760 condidit
1190 2712 1520 2766 Caesaream:
1568 2715 1826 2780 aliamque
1862 2718 1919 2763 in

92 2791 329 2853 inferiore
364 2783 729 2842 Gaulanitide‚
770 2801 926 2848 quam
949 2782 1204 2835 Iuliadem
1228 2786 1495 2832 ιοοίίανίίι
1542 2784 1770 2833 Herodes
1799 2803 1915 2833 vero

92 2862 146 2907 in
177 2859 443 2920 Galilaea,
493 2853 829 2908 Tibe’riadem.
822 2875 834 2887 ·
870 2857 925 2901 in
955 2857 1053 2902 Pe1
1054 2871 1147 2903 aea
1171 2863 1343 2901 autem
1370 2858 1708 2920 cognominem
1735 2856 1917 2905 Iuliae.

91 2930 331 2978 Eusebius
356 2929 419 2978 ad
444 2925 790 2993 Olympiadem
815 2929 937 2978 201.
972 2923 1200 2971 IIerodes
1229 2924 1538 2974 Tiberiadem
1570 2935 1616 2974 et
1645 2926 1917 2982 Libiadem

93 2999 353 3049 condidit:
395 3015 518 3063 quae
544 2996 691 3046 lectio
714 2997 931 3045 Pontaco
958 3011 1060 3042 non
1082 2995 1259 3059 placet.

233 3070 347 3132 Pag.
384 3072 502 3122 323.
535 3067 757 3134 Ἡμερων
781 3062 879 3117 ποθ’.
910 3064 994 3115 καὶ
1015 3063 1300 3132 ἦμισείας.]
1358 3061 1451 3126 To,
1494 3063 1754 3131 ἦμισείας,
1792 3072 1915 3112 nota

93 3138 380 3189 huiusmodi
418 3145 671 3186 contracte
706 3137 1142 3203 descriptqu.
1172 3136 1352 3199 semel,
1401 3137 1611 3197 iterum,
1661 3152 1718 3182 ac
1764 3134 1915 3183 tertio

94 3209 331 3295 praeterit
356 3208 571 3277 Scaliger
595 3224 704 3274 pag.
729 3211 816 3262 63.

242 3275 308 3330 Το
345 3276 437 3344 μὲν
467 3246 575 3338 ἔτος
609 3277 829 3343 ἐπίπαν]
865 3277 1163 3342 Frequentes
1187 3291 1278 3341 per
1301 3273 1440 3322 hunc
1470 3273 1691 3321 Africani
1713 3280 1913 3320 textum

96 3349 308 3415 respersi
336 3365 524 3397 errores
551 3349 872 3412 Scaligerum,
908 3355 964 3395 ut
990 3346 1217 3395 Animad.
1241 3361 1352 3411 pag.
1375 3347 1493 3397 261.
1521 3343 1782 3404 scriberet,
1818 3343 1915 3390 im-

97 3423 351 3488 pulerunt.
423 3421 535 3482 Ego
575 3420 678 3465 ista
701 3436 802 3467 non
824 3435 1065 3482 assequor
1102 3434 1259 3482 neque
1285 3416 1377 3479 qai
1401 3431 1458 3459 ea
1484 3380 1800 3470 somniabat:>
1829 3415 1914 3459 in-

102 3489 368 3557 telligebat.
439 3490 505 3539 Et
549 3487 771 3539 inferius.
844 3489 985 3538 Mira
1016 3504 1128 3537 vero
1170 3484 1513 3548 discrepantia
1548 3482 1914 3549 disputationis
