2112 3854
220 140 303 201 72
1027 141 1256 235 GOARI

219 284 356 326 nent.
415 277 471 333 D
506 273 778 334 cardinalis
812 271 1139 335 Baiberinus,
1178 280 1226 320 et
1257 283 1319 322 οΧ
1351 273 1689 321 voluminibus
1724 271 1920 326 Graecis
1955 287 2040 333 ca-

220 350 348 395 lamo
382 337 593 398 exaratis
630 346 766 392 illius
805 343 1073 391 beneficam
1112 344 1317 408 largitus
1356 352 1427 392 est
1453 344 1796 423 potestatem&
1817 341 1905 408 qui
1937 316 2039 394 MS.

219 414 449 467 Vaticani
481 415 683 465 numer
709 413 824 470 154.
859 424 967 478 pag.
1007 401 1091 475 77.
1134 415 1377 489 exquisita
1417 415 1546 463 foret
1581 413 1855 479 expressio:
1892 411 2057 474 iuve-5·

218 495 340 535 runt
368 487 641 547 communis
672 478 987 532 emolumenti
1016 492 1269 546 curatores
1300 485 1567 532 Clarissimi
1608 483 1809 546 Puteani
1846 484 2040 546 fratres,
2106 479 2112 536 J

220 559 265 606 ei
287 545 556 606 liberaliter
579 552 760 608 donato
784 554 973 615 codice,
1014 554 1101 619 qui
1127 543 1246 602 olim
1268 554 1597 603 Bibliothecae
1623 555 1678 603 D.
1710 543 1857 601 Perez
1869 547 2043 618 fuerat
2106 551 2109 555 ’

219 628 493 693 suppellex,
504 626 625 674 alios
646 625 943 673 'consulendi
961 624 1259 687 desiderium
1285 636 1524 681 amovere.
1569 623 1685 671 Fert
1708 623 1837 688 enim
1854 622 2042 687 epigra-
2105 683 2110 687 ¹

217 698 318 763 phe
337 715 398 744 ex
429 696 777 744 studiosissimi
798 696 855 745 D.
880 698 1028 750 Perez
1050 712 1274 761 Ρο1·30110.
1329 697 1600 760 Georgium
1616 685 1898 759 Syneeglum
1911 710 2042 742 com-.-

210 786 315 835 par
318 771 404 815 (αι’
429 766 502 814 ad
516 764 743 820 Codicem,
763 767 1084 829 Palatinam,
1103 769 1194 831 qui
1214 765 1399 814 hodie
1379 785 1431 814 ιη
1447 765 1766 819 Bibliotheca,
1788 764 1844 813 V
1834 763 2043 828 αίιοᾳηα

222 846 540 898 asservatur,
578 838 672 884 aab
700 855 833 885 num.
861 838 980 891 246.
1009 839 1202 893 Romae
1235 854 1368 884 anno
1400 840 1551 890 1637.
1625 836 1703 882 Ex
1730 834 1826 882 1100
1864 835 2042 913 lacuna

221 909 456 956 foliorum
471 875 633 956 trium
658 907 798 955 hians
826 908 1017 973 spatio,
1055 926 1084 955 a
1108 908 1357 970 Scaligero
1386 924 1491 954 11011
1524 906 1629 953 sine
1655 904 1873 970 querulis
1893 903 2044 964 voci-'¹

222 979 316 1026 bus
356 979 484 1041 visa,
525 978 726 1026 omnino
765 986 1019 1062 reparata,
1057 986 1106 1026 et
1135 978 1272 1042 Regii
1308 977 1486 1025 mutila
1513 993 1628 1042 pars
1658 993 1749 1040 per
1776 992 1884 1027 eum
1907 975 2044 1035 inte-¹

221 1049 388 1112 gritati
425 1066 538 1096 suae
569 1050 811 1102 restituta.
881 1050 1077 1097 Fratres
1112 1049 1248 1111 illos,
1295 1049 1548 1096 Musarum
1585 1047 1812 1107 delicias,
1851 1044 2044 1109 caelum

222 1119 436 1167 feliciter
462 1128 816 1204 ΡΓἾο3031101111
855 1128 904 1168 et
928 1137 1076 1184 quem
1112 1089 1307 1184 rapuit,
1342 1119 1475 1166 inter
1503 1117 1668 1166 beatos
1695 1123 1860 1165 teneat
1891 1134 2045 1179 μακα-

225 1185 489 1256 ριωτατον,
535 1207 633 1253 quo
668 1190 908 1249 fruimur,
946 1189 1077 1246 inter
1103 1190 1246 1248 vivos
1284 1196 1446 1238 servet
1492 1182 1780 1256 μακρόβιον.
1854 1185 2045 1249 Quarta

224 1268 273 1307 et
303 1267 562 1338 postrema
589 1260 851 1314 collatione
878 1258 1179 1323 Syncelliani
1209 1258 1361 1307 totius
1392 1258 1553 1322 operis
1585 1257 1733 1319 fidem
1765 1256 2043 1320 expendere

223 1337 271 1377 et
297 1329 586 1377 confirmare
613 1315 808 1376 fuerat
793 1347 846 1375 m
881 1330 1028 1390 votis,
1055 1329 1140 1376 sed
1166 1328 1248 1392 qui
1278 1327 1706 1391 exsequendorum
1731 1342 1868 1391 spem
1889 1322 2044 1382 dede-7

220 1408 328 1460 rat,
379 1399 614 1463 eripuit,
639 1407 686 1446 et
736 1400 872 1462 quod
892 1399 1185 1478 promittere
1215 1398 1349 1455 visus
1385 1398 1544 1446 fuerat
1583 1397 1795 1457 bonum,
1842 1383 2043 1459 invidit.

222 1470 512 1517 Versionem
555 1470 776 1534 Syncelli
816 1470 1026 1532 03310331
1062 1470 1197 1517 fuere
1226 1460 1454 1533 plerique
1492 1468 1648 1525 Galli,
1699 1466 1811 1514 Itali
1859 1474 1935 1528 et,
1981 1474 2045 1523 ut

222 1540 398 1600 audio,
430 1540 699 1587 Germani:
748 1539 878 1586 hanc
915 1557 977 1587 ex
1014 1556 1185 1586 eorum
1221 1538 1387 1599 iussu,
1429 1537 1607 1601 quibas
1646 1553 1924 1602 repugnare
1949 1554 2043 1604 ng—

221 1612 295 1658 fas
312 1647 325 1673 ,
362 1612 638 1675 susceptam
658 1646 671 1671 ,
709 1626 811 1656 non
836 1609 963 1671 alio,
1003 1625 1149 1671 quam
1172 1607 1466 1655 sinceritatis
1490 1615 1540 1655 et
1566 1623 1782 1654 summae
1816 1624 1929 1663 cum
1954 1624 2042 1673 au-

223 1689 359 1728 ctore
391 1681 578 1728 Graeco
606 1679 900 1731 concordiae
924 1678 1123 1726 nomine
1148 1677 1534 1739 commendatam
1559 1677 1727 1727 velim.
1801 1666 2040 1759 Emenda-

223 1751 383 1798 tiones
437 1758 603 1798 tamen
649 1750 712 1796 ad
746 1750 1012 1813 marginem
1060 1749 1274 1797 adiectas
1311 1756 1546 1813 sequuta,
1586 1756 1840 1807 auctorem
1874 1750 2042 1813 ipsum,

221 1828 271 1868 et
314 1821 418 1868 eius
458 1827 670 1869 mentem
703 1820 870 1885 potius
919 1819 1133 1883 assequi,
1171 1836 1316 1882 quam
1358 1819 1666 1867 amanuensis
1701 1819 1885 1884 lapsus
1914 1818 2044 1882 imi-

217 1890 312 1939 tari
351 1890 665 1939 iudicabitur.
738 1890 1063 1958 Scriptorum
1083 1907 1111 1936 a
1149 1890 1378 1954 Syncello
1417 1898 1800 1938 memoratorum
1836 1890 1949 1950 loca
1976 1889 2043 1954 ad

217 1961 488 2024 marginem
528 1968 756 2023 annotat,
805 1977 929 2024 quae
968 1967 1165 2025 praeter
1201 1960 1417 2008 auctoris
1462 1960 1612 2009 verba
1657 1959 1909 2023 adiungit,
1949 1976 2042 2023 ceu

222 2031 379 2078 aliena
402 2071 416 2094 ,
494 2031 699 2080 diversis
758 2029 1120 2079 characteribus
1178 2030 1441 2096 appingit:
1520 2030 1644 2095 quae
1698 2030 1869 2078 iisdem
1926 2047 2042 2093 curn

216 2101 325 2166 ipso
361 2109 505 2149 textu
541 2118 790 2165 expressa,
827 2101 1021 2149 librarii
1058 2101 1141 2150 vel
1172 2101 1358 2150 eruditi
1382 2100 1683 2166 cuiuspiam,
1706 2101 1800 2161 vel
1823 2101 2041 2164 denique.

219 2172 435 2220 auctoris
477 2172 875 2238 observationum
911 2172 1349 2238 interpretamenta
1384 2178 1515 2230 sunt.
1598 2170 1821 2235 Africani
1868 2170 2036 2237 verba,

216 2242 304 2289 ubi
337 2258 610 2322 οΡΡο1·1101·0
648 2242 904 2295 manifesta
941 2242 1126 2290 Italicis
1165 2241 1372 2304 litteris,
1410 2240 1607 2301 Eusebii
1636 2229 1843 2305 virgulis
1875 2259 2038 2306 appo-

216 2312 326 2359 sitis
360 2313 492 2360 inter
521 2320 687 2360 textus
722 2313 896 2360 seiiem
933 2313 1140 2361 reddita.
1212 2311 1499 2374 Versionem
1539 2319 1809 2377 sequentur
1841 2313 2039 2380 tabulae

222 2382 606 2445 Chronologicae
634 2383 696 2430 ad
725 2383 943 2447 Syncelli
972 2390 1185 2446 mentem
1214 2390 1262 2435 et
1288 2390 1578 2447 computum
1606 2383 1831 2445 digestae.
1889 2369 2036 2445 Illas,

219 2454 354 2516 quod
377 2453 603 2518 prolixae
627 2461 676 2502 et
699 2453 916 2518 porrecti
937 2461 1125 2510 tractus
1148 2454 1602 2513 taedium-fortassis
1631 2453 1683 2500 in
1710 2452 1910 2513 lectoris
1932 2453 2039 2503 ani-

219 2539 357 2569 mum
385 2524 485 2571 sint
508 2524 762 2585 illaturae,
801 2532 849 2572 et
880 2524 1206 2588 amplitudine
1234 2542 1320 2571 sua
1355 2532 1547 2588 piaeter
1573 2524 1776 2570 modum
1801 2523 2038 2584 volumen

219 2594 480 2655 auxerint,
534 2593 651 2640 licet
688 2611 1007 2658 praenoscam
1051 2594 1504 2674 reprehendendas:
1555 2600 1719 2641 tamen
1758 2593 1871 2657 quia
1910 2590 2038 2657 και-οξ

216 2655 401 2722 πλᾶτος
442 2663 732 2728 expandunt
783 2665 844 2712 ad
877 2666 1091 2712 auctoris
1139 2665 1485 2730 propositum,
1536 2680 1659 2727 quae
1707 2671 1881 2724 auctor
1926 2664 2035 2729 ipse

215 2728 332 2782 καθ’
353 2730 543 2796 ομοὲδας
570 2740 764 2781 tantum
789 2734 883 2782 sibi
907 2736 1168 2799 proposuit
1195 2734 1598 2813 expendendum3
1636 2741 1683 2782 et
1719 2750 1841 2797 quos
1868 2733 2032 2797 admi-

216 2803 281 2850 sit
307 2802 564 2866 librarius,
601 2804 707 2866 vel,
744 2821 892 2869 opere
928 2805 1164 2863 nondum}
1185 2804 1374 2864 reviso,
1421 2803 1654 2867 Georgius
1689 2822 1793 2859 non
1819 2804 2034 2868 advertit

214 2890 535 2921 numerorum
571 2879 789 2936 errores,
836 2874 972 2938 ipsae
1007 2875 1201 2937 longius
1242 2874 1476 2922 deductae
1505 2875 1844 2938 manifestant,
1880 2883 1928 2924 et
1969 2862 2033 2930 ad

215 2944 345 2991 latus
373 2943 709 2997 emendatione
734 2946 987 3024 apposita,
1027 2945 1162 3009 quod
1188 2944 1525 2994 criminationi
1551 2945 1821 3001 obnoxium
1848 2962 2031 3013 oppor-

215 3021 336 3061 tune
361 3022 607 3094 reparant,
645 3032 745 3062 non
768 3015 955 3063 nemini
979 3015 1067 3079 qui
1092 3015 1288 3078 Georgii
1307 3032 1538 3063 numeros
1564 3023 1793 3080 acceptos
1818 3017 1949 3066 volet
1973 3033 2032 3075 ac

214 3085 506 3148 probatos²³
482 3084 684 3132 oratiam
720 3086 966 3147 facturus,
1005 3085 1312 3149 huiusmodi,
1348 3087 1577 3149 inquam,
1613 3072 1955 3146 accommodas
1979 3094 2031 3146 et

216 3120 506 3218 expetitas:³
540 3154 626 3201 alii
662 3155 783 3205 licet
814 3155 1212 3221 intempestivas,
1257 3155 1382 3205 mihi
1416 3157 1698 3205 nullatenus
1735 3139 2030 3229 omittendas

216 3225 355 3271 duxi.
426 3223 656 3273 Adiectae
693 3219 887 3273 demum
928 3227 990 3274 ad
1026 3227 1188 3292 operis
1213 3227 1367 3275 totius
1397 3228 1612 3288 calcem,
1651 3243 1772 3290 quas
1806 3244 1910 3289 non
1936 3226 2029 3287 ad·-

213 3295 438 3342 mittebat
464 3304 631 3345 textus
667 3313 834 3358 margo
876 3298 1179 3346 contractior
1216 3297 1605 3358 emendationes,
1648 3305 1696 3344 et
1728 3297 1783 3344 in
1834 3303 2028 3356 textum

210 3364 371 3427 ipsum
407 3367 746 3419 annotationes
773 3367 1093 3429 quibusdam,
1135 3369 1317 3430 fateor,
1359 3368 1656 3433 superfluae
1644 3403 1659 3430 ,
1704 3367 1837 3430 aliis,
1874 3374 1932 3419 ut
1952 3384 2027 3415 ar·-

203 3434 367 3482 ‘bitimoi
382 3473 394 3495 ‚
446 3453 547 3484 non
597 3437 798 3484 inutiles
841 3438 1057 3485 suturae.
1110 3439 1324 3503 pretium
1375 3455 1556 3504 aequus
1606 3439 1763 3487 lectos.
1813 3434 2050 3490 definiet.
