2222 3938
655 194 753 248 ET
788 191 1375 252 ANNOTATIONES.
1801 182 1926 243 443

222 315 911 390 Ρ33.127.’Σερβωνίτιδος
939 325 1152 392 λίμνης.]
1201 321 1494 394 Σερβωνίδα
1522 319 1735 389 Aegypti
1762 323 1927 372 lacum

45 427 54 433 —
111 403 357 446 memorat·-
375 395 549 443 Strabo
572 395 658 442 lib.
689 402 732 447 1.

253 467 362 529 Pag-
403 469 517 519 130.
550 460 710 532 Ἰοθόρ
746 462 969 533 γαμβρὸς
1005 464 1291 531 Μωσέως.]
1327 464 1512 513 Uxoris
1542 463 1930 528 consanguineus

112 536 272 601 quivis
303 553 443 584 socer
463 535 722 598 videlicet,
757 537 901 594 levir,
941 554 1088 599 gener
1118 532 1469 604 313.γαμβρος
1492 534 1754 584 neotericis
1782 535 1930 583 Grae-

111 607 211 666 cis,
249 606 311 654 de
331 623 430 671 quo
453 607 675 672 exempla
702 613 807 654 toto
835 607 952 654 Iuro
979 608 1296 655 Graecorum.

250 677 360 740 Pag-
402 677 516 730 147.
563 680 663 726 Τοῦ
695 674 749 726 δὲ
786 673 974 742 κόσμου
1005 670 1074 742 ἦν
1109 676 1213 736 ἔτος
1243 672 1419 745 γψξβ.
1421 675 1441 740 ]
1479 674 1752 724 Anterioris
1784 675 1930 723 later-

113 746 218 794 culi
260 755 549 811 computus,
599 754 647 795 et
693 746 961 795 Chebronis
1008 746 1155 794 huius
1202 746 1440 795 tredecim
1493 746 1610 793 anni
1653 746 1707 793 in
1758 744 1935 794 mundi

109 818 264 870 3774.
313 817 611 881 desinentes,
669 817 772 866 eius
812 817 954 882 regni
997 817 1304 883 principium
1349 817 1524 864 mundi
1558 820 1713 870 3762.
1745 822 1934 880 cogunt

109 894 338 935 statuere.

253 958 490 1022 Θηβαίων
523 952 610 1015 λς’.
646 955 1000 1024 ἐβασίλευσεν]
1052 956 1390 1005 Thebaeorum
1425 973 1598 1020 regum
1639 955 1814 1004 ordine
1847 958 1932 1009 36.
2002 974 2008 980 ·

110 1026 246 1075 deest
280 1027 334 1074 in
359 1028 461 1077 MS.
503 1028 801 1076 laterculum
829 1028 958 1075 enim
996 1028 1293 1093 praecedens
1328 1045 1376 1092 p.
1404 1028 1520 1080 124.
1550 1027 1604 1073 in
1625 1028 1712 1080 35.
1749 1025 1930 1076 deficit.

108 1098 381 1146 Praesentis
397 1098 644 1163 Anonymi
663 1099 793 1146 inter
813 1099 1020 1146 lacunae
1034 1100 1335 1163 reparandae
1349 1098 1682 1145 coniecturam
1706 1104 1753 1144 et
1767 1095 1934 1144 mendi

108 1168 357 1232 sequentis
385 1169 611 1217 tenebras
641 1186 824 1218 vaenor
849 1186 1004 1216 annos
1024 1169 1079 1215 in
1104 1168 1239 1216 huno
1263 1169 1484 1217 modum.
1525 1166 1933 1227 Amuthantaeus,

111 1237 174 1285 ad
214 1255 359 1302 quem
396 1255 447 1286 se
483 1239 634 1286 modo
673 1257 832 1287 sermo
862 1246 1144 1301 convertet,
1193 1256 1398 1302 regnum
1422 1237 1682 1287 inchoavit
1715 1236 1936 1301 vulgaris

106 1308 286 1355 mundi
323 1324 460 1355 aerae
484 1311 637 1361 3913.
665 1326 818 1372 eoque
842 1312 927 1362 63.
951 1309 1092 1355 annis
1127 1310 1348 1373 potitus,
1379 1325 1583 1372 regnare
1619 1308 1766 1356 desiit
1803 1323 1933 1354 anno

107 1378 264 1431 3974.
301 1378 569 1442 completo.
644 1378 750 1425 Tali
789 1379 900 1425 data
949 1378 1160 1443 epocha·
1208 1380 1350 1426 Nilus
1390 1396 1701 1443 praecessor,
1757 1377 1846 1443 qui
1886 1384 1936 1424 et

106 1447 364 1509 Phruron,
417 1447 636 1512 quinque
671 1448 813 1495 annis
863 1457 1055 1514 sceptra
1095 1448 1404 1508 moderatus,
1453 1449 1516 1496 ad
1552 1466 1608 1497 ea
1641 1447 1936 1513 capessenda

107 1525 312 1567 vocatus
350 1525 423 1565 est
455 1535 585 1565 anno
628 1521 785 1572 3908.
836 1516 954 1583 (quo
995 1519 1190 1566 calculo
1226 1514 1421 1588 γωπθ’.
1457 1519 1694 1566 mendum
1725 1520 1780 1566 in
1819 1535 1937 1566 cor-

106 1597 299 1637 rectum
326 1595 518 1637 textum
548 1595 598 1635 et
626 1605 886 1636 numerum
904 1585 1070 1657 y‘nm'.
1099 1570 1450 1655 commutatur)
1478 1589 1660 1637 horum
1682 1589 1935 1654 posterio-

106 1675 221 1707 rum
243 1658 494 1706 mentione
517 1660 746 1720 seposita‚
784 1658 991 1723 Siphoas
1033 1659 1120 1724 qui
1150 1660 1322 1707 ordine
1349 1661 1434 1712 35.
1462 1659 1623 1724 pagin.
1649 1660 1766 1713 124.
1794 1660 1851 1706 A.
1873 1659 1933 1705 ab

108 1729 227 1776 orbe
266 1727 468 1776 condito
506 1731 661 1782 3889.
697 1745 907 1791 regnum
944 1729 1177 1794 adeptus,
1229 1730 1449 1794 quinque
1484 1729 1627 1777 annis
1670 1730 1833 1777 tenuit
1870 1730 1935 1776 ad

106 1798 260 1852 3894.
297 1815 397 1863 quo
434 1797 756 1862 Anonymus,
796 1799 857 1846 de
891 1815 990 1862 quo
1031 1816 1220 1861 sermo,
1269 1800 1439 1846 debuit
1473 1801 1655 1862 regiam
1689 1815 1936 1864 occupare

106 1870 270 1916 sedem
287 1907 302 1930 ,
337 1869 394 1916 in
414 1885 512 1933 qua
542 1885 654 1916 cum
679 1869 742 1916 ad
764 1868 868 1916 Nili
894 1869 1107 1933 primum
1134 1886 1318 1916 annum
1344 1877 1393 1917 et
1413 1869 1588 1916 mundi
1614 1872 1768 1923 3908.
1787 1877 1935 1935 pote-

107 1946 281 1986 statem
328 1939 633 2003 exercuerit,
679 1939 980 2004 relinquitur
1016 1939 1135 1988 totis
1169 1940 1345 1988 mediis
1382 1940 1759 2005 quatuordecim
1795 1940 1937 1988 annis

105 2025 388 2074 imperasse.

246 2075 642 2145 Ἐρατοσθένης]
689 2078 1055 2143 Philosophus,
1102 2078 1410 2140 HistoricUS,
1456 2080 1635 2142 Poeta,
1674 2081 1938 2128 Gramma-

105 2147 264 2196 ticus:
303 2150 364 2198 de
390 2167 489 2214 quo
512 2149 709 2198 Author
737 2166 846 2214 pag.
871 2153 990 2202 282.
1017 2150 1072 2200 B.
1095 2149 1337 2198 Eusebius
1359 2149 1421 2196 ad
1440 2149 1787 2214 Olympiadem
1819 2154 1935 2203 141.

109 2235 204 2282 qua
219 2219 444 2267 floruisse
456 2220 657 2267 scribit:
688 2220 863 2268 Suidas
890 2223 1005 2271 126.
1047 2220 1235 2283 Cyrene
1259 2219 1337 2266 illi
1357 2220 1545 2282 patria:
1575 2228 1716 2284 pater
1735 2221 1936 2284 Aglaus‚

106 2289 190 2336 vel
226 2297 284 2336 ut
313 2289 396 2336 alii
432 2289 751 2337 Ambrosius:
801 2289 1049 2336 Aristonis
1086 2288 1305 2336 Chiensis
1341 2287 1663 2354 Philosophi,
1699 2290 1938 2355 Lysaniae

109 2358 408 2422 Cyrenensis
442 2359 789 2420 Grammatici‚
841 2358 1128 2405 Callimachi
1168 2360 1345 2406 Poetae
1381 2358 1683 2424 discipulus:
1734 2362 1937 2408 Aristo-

106 2429 288 2494 phanis
314 2429 570 2493 Byzantii,
605 2430 829 2477 Mnaseae
859 2436 906 2475 et
938 2428 1195 2476 Menandri
1221 2437 1527 2494 praeceptor.
1585 2429 1628 2478 A
1647 2432 1794 2478 tertio
1823 2433 1936 2479 Pto-

106 2500 295 2547 lemaeo
319 2499 406 2563 qui
425 2501 690 2561 Euergetes
713 2499 766 2545 in
791 2499 1068 2562 Aegyptum
1084 2498 1289 2546 Athenis
1314 2506 1592 2560 revocatus,
1618 2500 1709 2547 sub
1739 2502 1933 2566 quinto,

108 2568 195 2634 qui
218 2568 524 2634 Epiphanes,
562 2569 711 2616 obiit:
749 2568 994 2616 secundus
1019 2576 1106 2615 aut
1128 2569 1297 2617 Iunior
1318 2570 1459 2617 Plato
1481 2570 1787 2634 quibusdam,
1825 2573 1934 2620 aliis

110 2638 430 2702 Πένταθλος,
467 2639 684 2703 quinque
726 2638 1049 2686 certaminum
1089 2640 1255 2687 victor
1301 2639 1479 2688 dictus.
1546 2640 1720 2689 Suidas
1755 2643 1932 2708 plura:

108 2725 203 2757 nee
227 2726 331 2757 non
359 2726 423 2758 ex
443 2709 592 2757 Suida
615 2717 664 2756 et
683 2709 791 2756 aliis
821 2709 1018 2757 Vossius
1046 2709 1106 2756 de
1131 2709 1392 2758 Historicis
1418 2711 1632 2760 Graecis.

249 2781 361 2843 Pag-
399 2780 516 2832 148.
553 2779 607 2829 Ὀ
632 2779 710 2830 ἐπὶ
735 2774 982 2845 Ὠγύγου]
1024 2779 1246 2844 Ogygum
1267 2797 1379 2828 cum
1409 2781 1627 2830 Viveto
1611 2798 1665 2828 111
1687 2782 1928 2845 Solinum,

108 2849 218 2897 aliis
259 2850 461 2914 Ogygen
496 2849 960 2914 pronuntiantibuS,
997 2849 1180 2922 ubique
1216 2850 1427 2900 reddidi.
1483 2848 1705 2918 ’Ώγυγον
1745 2853 1930 2901 Graece

107 2919 334 2967 scribunt
372 2920 611 2985 Iosephus
662 2921 712 2967 in
754 2920 1024 2984 Apionem,
1073 2920 1310 2968 Eusebius
1350 2921 1411 2969 de
1455 2923 1681 2987 Praepai.
1727 2940 1832 2988 cap.
1883 2927 1928 2976 1.

107 2989 341 3037 Tatianus
381 2990 517 3038 Orat.
557 2991 723 3042 adver.
766 2991 910 3039 Gent.
945 2990 1166 3038 Clemens
1194 2996 1240 3044 1.
1271 2993 1448 3040 Strom.
1477 2999 1526 3041 et
1548 2993 1647 3044 alii.
1685 2993 1928 3058 Ogygiam

107 3059 252 3108 etiam
279 3059 516 3107 Eusebius
548 3061 749 3109 Latinus
776 3060 838 3107 ad
866 3077 1051 3108 annum
1077 3061 1300 3109 Abrahae
1320 3066 1436 3116 220.

255 3131 379 3178 Τῶν
396 3127 486 3194 μὲν
505 3129 585 3181 ἐπὶ
611 3130 924 3198 Φορωνέως]
962 3131 1226 3180 Eusebium
1256 3140 1497 3181 sectantes
1531 3132 1777 3195 intelligit.
1846 3131 1927 3179 Ex

109 3197 289 3263 quibus
314 3198 574 3248 Eusebium
608 3201 870 3267 impugnat
902 3201 1169 3267 Georgius,
1204 3203 1470 3252 Eusebium
1494 3203 1749 3269 componit
1775 3201 1927 3249 Scali-

106 3285 192 3332 ger
212 3285 319 3334 pag.
343 3269 430 3321 24.
453 3277 501 3317 et
521 3271 604 3324 25.

234 3335 326 3399 “05-
350 3342 441 3389 τοῦ
462 3335 662 3406 πρώτου
687 3344 1035 3406 κατακλυσμοῦ
1055 3339 1256 3409 γέγονεν
1279 3337 1576 3408 ἔπῶνυμος.]
1612 3341 1680 3388 Ut
1706 3339 1765 3386 ab
1793 3338 1927 3387 811ῑὶ-

109 3424 209 3472 quo
244 3409 373 3456 malo
402 3425 578 3457 nomen
618 3412 839 3492 accepit,
876 3411 946 3458 ita
981 3412 1158 3477 primis
1185 3421 1236 3461 et
1260 3414 1472 3462 vetustis
1497 3411 1638 3460 malis
1663 3409 1802 3456 dedit
1829 3426 1926 3457 no·-

110 3494 224 3526 men
250 3479 527 3545 paroemia,
560 3474 767 3549 Ὠγύγια
786 3500 934 3533 κακα.
1007 3481 1166 3531 Verba
1188 3501 1341 3549 porro
1360 3481 1636 3546 sequentia,
1674 3487 1925 3545 expuncto
