2222 3938
640 196 739 249 ET
778 196 1363 250 ANNOTATIONES.
1791 184 1918 249 353

96 345 204 375 vem
229 325 399 385 millia
431 327 675 372 mensium
698 327 995 372 Lanarium
1026 344 1311 391 componere
1337 341 1498 373 anno-s
1519 324 1774 374 Arabico-s
1798 326 1918 379 750.

86 398 327 462 praecise.
398 395 603 442 Inutiles
640 404 755 443 sunt
783 396 900 443 anni
937 397 1137 445 Arabici
1169 397 1255 446 ubi
1293 396 1538 444 Solarium
1572 397 1916 445 tantummodo

94 468 153 515 fit
186 466 404 526 mentio,
446 467 554 529 qui,
593 465 661 512 ait
696 466 937 529 Georgius
965 464 1052 528 τοίς
1078 463 1182 528 τξε’.
1208 466 1395 534 ἡμέρας
1418 470 1510 517 τοῦ
1533 466 1765 518 ἐνιαυτοῦ
1791 484 1918 516 con-

94 536 320 584 cludunt.
397 536 593 598 Quare,
633 535 787 595 addit,
828 546 922 583 aut
952 538 1187 585 mendum
1219 538 1548 600 Librarium,
1585 545 1659 587 est
1686 538 1918 601 Scaliger,

93 623 150 654 ac
187 605 493 654 humanitate
525 607 669 653 etiam
706 615 789 654 tua
822 607 1052 670 dignum:
1091 618 1187 655 aut
1218 603 1467 674 εἷλογιστία
1500 617 1598 671 est,
1637 617 1770 656 certe
1802 616 1915 670 tua5

93 694 251 742 quum
289 677 502 740 colligat
537 694 698 723 annos
735 678 932 724 Solccres
965 684 1069 732 727
1101 679 1228 726 illud
1271 686 1437 725 tecum
1470 679 1608 743 lego:
1657 678 1763 726 dies
1795 682 1917 732 239.

93 747 360 811 Georgium
386 747 500 793 illos
531 747 787 812 scripsisse
813 756 898 795 aut
927 748 1180 811 collegisse
1212 748 1405 796 inficias
1434 765 1514 798 eo:
1554 749 1755 814 scripsit
1786 750 1917 796 enim

92 817 341 865 Librarius
382 816 605 865 breviato
638 816 918 865 charactere
957 836 1143 865 menses
1180 823 1227 871 6.
1268 827 1313 864 et
1344 818 1450 865 dies
1482 819 1534 871 4.
1612 819 1763 867 Lucis
1795 836 1917 867 vero

93 887 292 936 maioris
335 888 694 952 comparandae
736 889 893 951 gratia
934 889 1137 937 adverto
1174 905 1390 949 menses,
1440 897 1526 936 aut
1559 889 1921 954 τριακονθημέ-

94 978 213 1024 ρους
248 957 556 1005 'tricenarios
585 976 687 1005 esse
712 976 905 1023 semper
935 959 1111 1023 plenos
1129 997 1142 1021 ,
1182 966 1267 1007 aut
1294 959 1496 1006 alternis
1523 959 1716 1007 vicibus
1745 960 1919 1025 plenos

94 1037 143 1076 et
168 1045 329 1078 cavos,
402 1028 592 1076 Horum
621 1029 776 1076 millia
800 1046 980 1076 novem
1009 1028 1119 1092 (alii
1141 1046 1354 1092 namque
1381 1047 1408 1075 a
1437 1046 1627 1076 summa
1647 1029 1733 1077 hic
1752 1029 1918 1093 requi-

93 1099 184 1148 sita
208 1098 409 1146 omnino
435 1107 550 1146 sunt
576 1100 742 1159 alieni)
778 1100 830 1146 in
858 1100 959 1147 dies
989 1101 1212 1153 265500.
1241 1099 1397 1149 dividi
1432 1107 1618 1146 certum
1647 1108 1743 1147 est:
1781 1099 1921 1164 pleni

94 1169 279 1234 quippe
318 1186 485 1217 omnes
530 1170 718 1217 dierum
762 1174 985 1223 270000.
1023 1172 1230 1233 exigunt
1277 1187 1525 1217 summum
1568 1187 1718 1234 quare
1758 1172 1918 1224 4500.

91 1241 255 1305 pleni,
294 1248 342 1288 et
378 1239 487 1287 cavi
515 1240 721 1288 totidem
753 1242 1070 1306 praemissam
1102 1242 1324 1294 265500.
1350 1241 1574 1288 reddent.
1647 1240 1761 1288 Dies
1794 1240 1919 1288 istos

92 1311 136 1358 si
171 1327 261 1375 per
293 1311 411 1364 365.
442 1310 778 1372 distribueris,
825 1312 943 1374 quid
977 1311 1173 1358 facilius
1209 1329 1353 1375 quam
1385 1328 1628 1358 annorum
1658 1317 1780 1364 727.
1810 1311 1920 1358 die-

90 1398 301 1445 rumque
335 1380 453 1433 145.
495 1380 547 1428 id
574 1390 645 1429 est
672 1381 911 1428 mensium
948 1382 1102 1429 ferme
1129 1382 1373 1446 quinque,
1409 1399 1668 1430 numerum
1703 1381 1921 1445 colliga&

91 1452 158 1500 Et
181 1450 280 1499 hoc
305 1458 378 1498 est
413 1452 648 1498 mendum
674 1452 802 1499 illud
836 1452 1140 1515 Librarium,
1178 1451 1301 1499 haec
1331 1446 1613 1518 ἀλογιστία,
1653 1468 1779 1516 quae
1804 1455 1922 1499 Sca·-

91 1522 301 1585 ligerum
325 1539 351 1567 a
373 1522 623 1569 Solaribus
646 1523 708 1569 ad
733 1524 948 1570 Lunares
971 1540 1126 1570 annos
1144 1530 1484 1570 transeuntem
1508 1522 1723 1587 impulit.
1797 1523 1923 1569 Cae-

90 1601 255 1641 terum
281 1592 417 1657 quod
441 1592 501 1639 de
523 1593 779 1640 Lactantio
809 1593 862 1640 in
891 1593 1134 1640 mensium
1159 1593 1539 1640 tricenariorum
1563 1594 1782 1640 favorem
1806 1592 1920 1640 sub-

88 1663 223 1724 iicit,
261 1661 391 1709 nihil
418 1679 554 1709 suam
585 1663 668 1710 vel
708 1663 908 1726 Georgii
945 1681 1050 1711 rem
1081 1663 1248 1724 iuvat,
1297 1663 1432 1710 cuius
1463 1670 1698 1728 computo
1730 1668 1921 1712 menses

90 1733 186 1782 soli
211 1733 416 1780 alternis
441 1733 578 1797 pleni
612 1741 662 1780 et
684 1733 793 1781 cavi
825 1741 1166 1797 agnoscuntur
1190 1733 1470 1781 necessarii.

231 1804 343 1866 Pag.
376 1807 456 1856 19.
494 1799 676 1870 Πρώτη
702 1803 999 1868 δυναστεία]
1040 1805 1221 1866 Regum
1246 1803 1464 1867 singulos
1491 1803 1779 1868 Dynastiam
1805 1820 1923 1869 pro.

90 1874 251 1941 priam
267 1872 359 1921 sibi
373 1873 628 1922 vindicare
648 1874 867 1938 intellige
892 1892 954 1922 ex
974 1873 1190 1922 Authore
1206 1891 1312 1939 pag.
1326 1874 1580 1938 superiore
1604 1875 1922 1923 consulendo.

222 1940 348 2009 ’Έτη
379 1939 699 2010 ψκιῖ.υό’.]
736 1945 847 1992 Hoc
887 1953 958 1993 est
993 1939 1132 2009 ψκδ’.
1165 1944 1250 1995 καὶ
1282 1941 1467 2010 ἥμισυ,
1506 1943 1588 1994 καὶ
1618 1939 1678 1994 δ’.
1708 1942 1922 2011 ἦμέραςε

12 2062 15 2065 ,
93 2031 120 2061 a
147 2014 372 2062 Librario
403 2031 605 2062 erronee
629 2016 842 2080 scripta,
882 2024 930 2063 et
955 2023 1175 2064 erranter
1198 2017 1351 2079 magis
1376 2032 1402 2061 a
1429 2015 1675 2078 Scaligero
1697 2012 1837 2078 ψκδ’.
1863 2011 1923 2066 δ’.

95 2102 207 2150 pag.
245 2092 412 2133 textus
442 2085 707 2133 Eusebiani
742 2091 790 2139 7.
827 2087 1022 2151 reddita
1054 2085 1254 2134 alterius
1298 2086 1352 2132 in
1389 2102 1498 2149 pag.
1544 2085 1922 2149 praecedentem

96 2156 295 2202 admissi
320 2173 480 2203 causa.
512 2182 515 2185 ¹
550 2157 777 2219 Legendo
804 2164 970 2204 tamen
1003 2157 1103 2204 MS.
1129 2174 1316 2220 repono
1345 2156 1510 2219 itaque
1534 2151 1666 2219 ψκζ’.
1700 2168 1771 2208 Q
1789 2151 1845 2206 δ’.
1867 2155 1921 2204 id

97 2233 172 2273 est
195 2219 328 2288 ψκξ.
357 2222 477 2291 μετά
501 2224 746 2290 ἡμίσεως,
783 2226 869 2276 καὶ
906 2230 1158 2292 τεσσαρῶν
1189 2225 1407 2291 ἡμερῶν.
1482 2226 1735 2291 Perpende
1774 2233 1922 2273 notae

97 2297 396 2361 penultimae
433 2304 481 2343 et
516 2297 783 2361 superioris
812 2297 1009 2345 alterius
1043 2297 1301 2357 minutias,
1352 2295 1532 2360 quibus
1560 2296 1761 2343 tandem
1791 2290 1922 2360 ‘1pr-

95 2365 182 2417 καὶ
195 2360 536 2431 ξρμε’·ἦμερῶν
560 2367 819 2429 legendum
843 2367 1141 2415 admoneris.

220 2435 396 2495 ‘Htaog
433 2436 705 2498 Ἡφαίστου
741 2437 823 2503 ἔτη
857 2433 971 2502 πς’.]
996 2435 1118 2502 ’Έτη
1155 2431 1235 2497 οξ.
1272 2435 1447 2483 lubens
1479 2434 1844 2484 substituerem.
1874 2441 1922 2488 1.

99 2508 234 2572 quod
272 2524 427 2554 annos
467 2511 547 2559 77.
582 2508 829 2572 Excerpta
858 2508 1032 2555 Latina
1063 2506 1301 2570 Scaligeri
1328 2523 1389 2554 ex
1424 2504 1503 2552 his
1533 2505 1652 2553 olim
1680 2508 1922 2554 translata

98 2577 363 2626 exhibeant
384 2594 492 2642 pag.
519 2581 603 2629 60.
630 2584 678 2631 2.
706 2579 820 2642 quia
847 2595 960 2625 cum
984 2595 1180 2640 regum,
1218 2578 1322 2626 sine
1354 2577 1565 2624 Deorum
1587 2593 1676 2623 sex
1700 2576 1922 2625 Vulcano

97 2648 431 2714 posteriorum
459 2647 576 2694 anni
602 2648 820 2696 Lunares
859 2650 960 2696 sint
988 2652 1141 2702 2988.
1168 2665 1231 2695 ex
1259 2647 1528 2695 observatis
1562 2654 1680 2694 nota
1713 2664 1926 2711 praece-

99 2720 245 2766 dente
278 2718 326 2771 4.
355 2718 408 2766 id
435 2726 506 2765 est
533 2719 650 2764 anni
679 2718 923 2767 duntaxat
959 2721 1077 2773 241.
1106 2719 1209 2766 dies
1249 2722 1366 2771 181.
1439 2716 1542 2764 Soli
1571 2717 1782 2764 Vulcani
1816 2718 1922 2765 filio

98 2790 238 2837 annis
277 2793 359 2842 86.
389 2788 670 2848 attributis3
721 2789 821 2838 eius
857 2797 906 2837 et
936 2789 1307 2837 succedentium
1344 2795 1558 2850 quatuor
1586 2789 1797 2835 Deorum
1823 2788 1923 2851 (in-

98 2861 403 2907 nominatum
439 2860 575 2907 cuius
613 2867 810 2924 tempus
845 2859 1157 2921 incognitum
1187 2864 1462 2923 praetereo)
1502 2857 1566 2904 ad
1590 2859 1706 2911 247,
1740 2865 1788 2905 et
1812 2875 1920 2905 am-

98 2929 232 2995 plius
264 2929 528 2978 ascendere
563 2930 666 2977 sola
693 2930 987 2979 numerandi
1020 2930 1148 2977 ratio
1184 2930 1416 2976 declarat.
1488 2927 1645 2975 Annis
1678 2928 1845 2991 itaque
1869 2933 1918 2981 9.
1948 2930 1998 2974 P.
2028 2931 2056 2973 9

101 3000 227 3047 Solis
263 3017 413 3063 regno
440 3017 501 3047 ex
528 3001 707 3048 vetusti
734 3000 896 3048 Latini
930 3007 1096 3047 textus
1117 2999 1419 3047 authoritate
1447 2997 1718 3060 detractis,
1765 3004 1811 3045 et
1837 3003 1921 3051 77.

15 3128 18 3130 v
99 3070 317 3131 relictis,
354 3072 396 3118 si
426 3069 869 3134 Agathodaemonis
905 3072 986 3123 56.
1018 3086 1131 3117 cum
1160 3069 1354 3130 medio,
1393 3075 1442 3116 et
1477 3069 1580 3116 dies
1611 3072 1695 3122 10.
1720 3069 1921 3114 Saturni

102 3140 187 3192 40.
216 3156 328 3186 cum
352 3141 531 3202 medio,
558 3141 767 3188 Osiridis
791 3143 875 3195 35.
899 3139 1154 3205 Typhonis
1181 3145 1264 3193 29.
1288 3138 1591 3198 adiunxeris,
1628 3155 1690 3185 ex
1713 3137 1923 3184 collecta

103 3209 282 3256 exinde
312 3227 552 3257 annorum
587 3214 704 3263 238.
732 3219 780 3259 et
812 3212 1004 3259 dierum
1037 3215 1118 3263 10.
1144 3227 1360 3273 summa,
1400 3210 1501 3257 Deo
1535 3224 1778 3272 anonyma
1815 3207 1920 3265 (cu-

103 3280 182 3327 ius
222 3296 401 3336 nomen
426 3280 736 3329 Ptoliarchus
773 3282 828 3328 in
856 3281 1118 3345 Excerptis
1153 3281 1342 3329 Latinis
1377 3278 1699 3345 exprimitur)
1727 3275 1844 3324 anni
1869 3278 1918 3328 3.

104 3357 152 3397 et
176 3350 279 3398 dies
308 3354 424 3402 171.
455 3351 704 3413 regnando
730 3350 852 3400 fient
872 3352 1070 3415 reliqui.

242 3414 620 3485 Ἀγαθοδαίμων
656 3420 739 3506 ἔτη
776 3417 862 3479 νς’.
894 3420 980 3472 καὶ
1016 3416 1197 3485 ἥμισυ,
1233 3419 1321 3472 καὶ
1352 3417 1541 3484 ἡμέρας
1572 3412 1725 3478 δέκα.]
1761 3411 1920 3462 Habet

102 3489 206 3539 MS.
240 3489 320 3554 ἔτη
350 3486 438 3547 νς’.
475 3486 629 3554 ἥμισυ
663 3509 751 3541 ιω.
793 3508 917 3557 quae
954 3491 1211 3539 emendate
1242 3499 1291 3538 et
1329 3503 1543 3554 expansa
1568 3486 1675 3550 lego
1701 3484 1783 3549 ἔτη
1807 3502 1920 3535 πεν-

222 3573 382 3629 Gom-g.
414 3573 644 3627 Synccllus'.
674 3570 729 3613 11.
1511 3558 1579 3609 23
