2222 3938
678 172 778 226 ET
814 173 1406 233 ANNOTATIONES.
1833 171 1954 234 401

278 297 504 368 Εἰκοστή
531 301 795 352 δυναστεία
824 302 1069 367 βασιλέων
1086 308 1432 358 Διοσπολιταῖν
1456 302 1560 372 ιβ’.]
1607 308 1957 373 Repraesentat

139 369 263 419 haec
289 372 506 436 Scaliger
531 371 767 436 Excerpt.
794 389 903 437 pag.
925 376 1045 428 357.
1075 384 1124 424 et
1145 393 1244 425 una
1269 394 1441 441 regum
1461 378 1669 426 istorum
1697 380 1958 430 duodecim

140 440 381 506 depravat
402 441 663 490 homadem
693 442 910 491 scribens
941 445 994 495 οἱ
1019 445 1342 511 ἐβασίλευσαν
1367 447 1448 514 ἔτη
1473 445 1585 515 ρκε’.
1643 449 1850 515 Insuper
1872 452 1956 500 ad-

137 510 228 559 dit.
265 510 400 577 ὁμοῦ
425 517 524 564 τῶν
547 508 603 563 κ’.
632 514 935 565 δυναστειῶν
959 514 1040 580 ἔτη
1063 513 1195 585 Ιδχαῖ
1222 534 1343 581 quae
1366 526 1425 566 ut
1445 519 1682 584 pleraque
1704 520 1764 569 ab
1786 521 1955 571 eodem

136 580 192 628 in
213 582 477 647 Dynastias
501 583 618 631 istas
651 583 842 632 intrusa
870 602 971 633 non
1002 595 1174 635 extant
1195 588 1249 635 in
1275 589 1375 636 MS.

275 653 528 704 Βασιλέων
559 658 781 704 Τανιταῖν
810 650 887 720 ζ’.]
925 656 1113 720 Regum
1138 658 1384 707 duntaxat
1408 666 1594 724 septem
1618 659 1766 710 series
1789 657 1875 723 νζ.
1898 661 1955 710 in

135 716 190 781 ζ’.
225 730 361 771 recte
386 731 628 772 mutatum
654 733 1020 775 commonstrat.

282 793 573 860 Ψουσέννης
600 793 682 858 ἔτή
711 790 823 859 μς’.]
863 797 1080 859 Scaliger
1112 797 1351 862 Excerpt.
1389 798 1552 863 pagin.
1580 800 1700 853 357.
1741 799 1823 866 ἔτη
1849 795 1952 867 μβ’.

47 863 50 867 ’
133 877 259 924 quae
281 864 410 911 ratio
438 872 536 925 est,
573 872 632 912 ut
656 864 794 912 iuxta
815 867 1075 930 proprium
1103 876 1391 933 computum
1428 885 1490 916 ex
1517 870 1778 933 Dynastiae
1808 888 1947 936 prae·
1976 875 2029 921 V.
2052 877 2111 924 25

131 932 283 979 sentis
305 931 598 984 homadibus
622 952 776 982 annos
800 937 1044 984 duntaxat
1070 940 1187 991 110.
1217 938 1432 1002 colligat.

273 1004 561 1070 Σουσέννης
600 1004 680 1070 ἔτη
712 1002 809 1070 ιδ’.]
847 1007 1043 1054 Lubens
1085 1008 1206 1056 alios
1250 1012 1330 1061 16.
1376 1025 1673 1072 apponerem
1706 1025 1860 1058 annos
1902 1018 1953 1059 et

131 1073 364 1122 Susennis
394 1074 540 1124 istius
578 1076 773 1136 ultimi,
811 1077 891 1124 cui
920 1077 1160 1126 Eusebius
1189 1080 1273 1131 35.
1306 1078 1616 1143 impertitur,
1657 1079 1950 1129 conficerem

128 1142 359 1206 triginta:
398 1153 455 1193 ut
490 1146 688 1195 collecti
726 1147 945 1195 omnium
981 1148 1175 1197 numeri
1204 1152 1320 1203 130,
1348 1166 1590 1198 summam
1614 1166 1716 1198 una
1742 1166 1951 1217 compo-

127 1229 246 1262 nere
270 1215 564 1278 legerentur.

265 1285 380 1349 Pag·
415 1289 498 1341 74.
535 1283 706 1354 πρώτη
729 1288 816 1340 καὶ
855 1286 1052 1357 εἰκοστή
1077 1289 1340 1341 δυναστεία
1358 1288 1602 1356 βασιλέων
1630 1292 1851 1340 Τανιτῶν
1874 1284 1949 1355 ζ’.]

126 1353 323 1403 Titulus
357 1355 439 1404 hic
471 1376 496 1405 a
533 1359 777 1423 Scaligero
812 1361 1050 1426 Excerpt.
1089 1378 1199 1426 pag.
1242 1366 1324 1414 16.
1365 1360 1741 1426 praetermissus
1778 1361 1952 1424 Dyna-

124 1424 266 1472 stiam
300 1430 381 1479 20.
415 1436 464 1475 et
496 1434 578 1482 21.
619 1430 904 1479 discrimine
937 1431 1130 1479 sublato
1165 1431 1446 1479 confundit.
1529 1430 1724 1496 Ecquid
1751 1430 1949 1478 Eusebii

123 1496 286 1543 versio
306 1497 480 1545 Latina
510 1516 623 1547 cum
653 1501 838 1548 Graeco
861 1509 1008 1549 textu
1034 1502 1245 1566 Aegypti
1260 1501 1607 1566 Dynastiarum
1632 1501 1948 1548 concordiam

123 1573 288 1614 teneat
325 1569 577 1618 studiosus
613 1571 790 1619 Lector
831 1572 870 1619 si
903 1572 1326 1636 interpellaverit,
1364 1588 1488 1636 quae
1533 1571 1670 1619 hunc
1709 1588 1822 1619 cum
1857 1570 1946 1618 issa

125 1637 402 1685 conserenti
438 1647 558 1687 sunt
597 1641 879 1700 observata,
914 1659 1018 1689 non
1042 1642 1258 1690 illubens
1286 1641 1507 1692 subiicio.
1575 1642 1630 1689 ln
1662 1641 1833 1688 Latina
1861 1641 1947 1688 in·-

121 1707 475 1771 terpretatione
511 1711 774 1774 Dynastias
810 1711 1095 1775 quindecim
1127 1712 1318 1776 priores
1348 1712 1634 1760 desiderari.
1715 1713 1863 1759 Sexta
1896 1718 1948 1760 et

122 1777 310 1824 decima
334 1796 463 1827 anno
489 1779 710 1829 Abrahae
735 1781 898 1847 primo
929 1782 1217 1843 exorditur,
1253 1789 1316 1844 et,
1349 1789 1503 1846 prout
1525 1780 1609 1828 hic
1635 1798 1744 1845 pag.
1773 1785 1855 1834 61.
1885 1781 1944 1828 D.

123 1864 279 1895 annos
317 1853 434 1902 190.
476 1850 685 1913 viguisse
717 1852 967 1902 scribitur.
1050 1852 1270 1917 Septima
1311 1869 1461 1918 supra
1495 1852 1737 1899 decimam
1769 1867 1941 1914 regum

118 1918 403 1966 nominibus
432 1928 479 1967 et
502 1922 739 1970 aetatibus
765 1923 910 1984 orba,
945 1922 1009 1970 ad
1047 1926 1162 1975 100.
1201 1930 1250 1970 et
1283 1929 1383 1970 tres
1421 1939 1602 1983 annos,
1639 1921 1724 1968 hic
1757 1923 1817 1968 ad
1853 1938 1941 1968 sex
1971 1927 2022 1970 P.
2052 1929 2110 1973 27

119 1995 169 2035 et
194 1993 310 2042 100.
343 2006 509 2051 regum
535 1991 842 2055 singulorum
869 1992 1069 2056 signatis
1101 1992 1430 2058 temporibus,
1469 1993 1715 2057 producta
1743 1992 1944 2040 demon-

118 2065 320 2108 stratur.
383 2060 572 2108 Octava
595 2070 643 2109 et
675 2062 892 2124 decima,
931 2079 1057 2126 quae
1081 2080 1193 2110 cum
1215 2063 1327 2125 hic,
1362 2071 1469 2111 tum
1497 2062 1628 2127 apud
1651 2062 1945 2127 Hieronymi

116 2128 392 2176 versionem
430 2131 570 2178 annis
601 2131 719 2184 348.
759 2132 1082 2193 terminatur,
1119 2132 1327 2196 reliquis
1365 2133 1563 2195 regibus
1599 2140 1824 2196 tempore
1857 2132 1941 2179 in-

116 2205 195 2246 ter
219 2216 270 2246 se
289 2199 491 2264 paribus
515 2200 743 2247 Athorim
771 2202 934 2249 solum
962 2200 1163 2248 exhibet
1181 2201 1266 2248 hic
1292 2202 1432 2249 annis
1459 2202 1661 2264 triginta
1691 2202 1815 2249 alios
1843 2219 1942 2250 no-

114 2284 229 2316 vem
253 2269 309 2316 in
339 2270 537 2318 Eusebii
563 2269 810 2318 Chronico
845 2287 1100 2318 concessos
1128 2272 1474 2318 excedentem:
1513 2288 1574 2318 ex
1599 2288 1693 2336 quo
1720 2272 1939 2318 tricena-

115 2338 248 2386 rium
286 2339 425 2387 illum
464 2340 606 2389 velut
637 2340 947 2405 superfluum
985 2339 1186 2387 omnino
1222 2340 1603 2404 expungendum
1639 2341 1809 2388 nullus
1836 2359 1940 2389 non

115 2409 280 2457 videt:
317 2427 464 2474 quare
490 2410 552 2458 ad
576 2405 682 2462 λθ·’.,
702 2409 916 2473 Scaliger
952 2426 1211 2458 excessum
1249 2417 1528 2458 resecturus
1553 2411 1782 2475 apposuit
1804 2412 1939 2459 solos

115 2474 185 2529 θ’.
218 2497 315 2543 quo
345 2481 575 2545 partiales
611 2498 826 2528 summae
847 2480 990 2528 totali
1020 2488 1322 2542 congruant,
1361 2487 1407 2528 et
1438 2480 1595 2544 priori
1618 2480 1819 2541 reiecto,
1852 2498 1935 2529 se·—

116 2551 334 2597 cundum
357 2567 622 2599 numerum
645 2551 886 2599 iudicaret
906 2550 1222 2615 probandum
1243 2557 1416 2598 textus
1436 2549 1698 2597 Eusebiani
1723 2567 1832 2615 pag.
1849 2555 1930 2604 16.

117 2619 176 2667 de
200 2638 295 2685 quo
321 2620 418 2668 iam
447 2638 598 2686 supra
627 2629 739 2669 ante
772 2628 914 2669 notas
935 2626 984 2682 7.
1030 2622 1179 2668 Sexta
1203 2637 1352 2686 supra
1378 2620 1660 2669 vicesimam
1697 2622 1934 2684 Dynastia

114 2707 217 2738 non
243 2691 429 2739 Graeca
453 2691 578 2739 haec
600 2692 748 2740 modo
765 2728 780 2755 ,
818 2692 903 2739 sed
927 2699 975 2738 et
1006 2691 1298 2755 Hieronymi
1323 2690 1497 2738 Latina
1533 2690 1595 2738 ad
1634 2707 1789 2738 annos
1815 2694 1932 2744 168.

114 2761 378 2825 utrobique
409 2762 757 2827 protenditur,
791 2761 996 2826 Regium
1030 2761 1148 2809 licet
1183 2761 1283 2809 MS.
1315 2760 1455 2808 annis
1483 2761 1699 2824 quinque
1728 2761 1934 2808 totalem

112 2847 350 2879 summam
371 2832 650 2882 breviorem
675 2840 935 2880 attestetur
957 2826 1074 2898 ρξγ’.
1113 2830 1224 2880 vice
1246 2826 1367 2898 ρξη’.
1393 2831 1644 2878 scribens:
1684 2847 1807 2894 quae
1843 2847 1932 2878 ra-

113 2901 184 2949 tio
221 2902 344 2962 fuit,
379 2910 435 2950 ut
463 2903 525 2950 ad
555 2903 683 2951 latus
709 2898 824 2971 pgy'.
855 2903 984 2950 sicut
1006 2901 1255 2965 Scaligero
1283 2896 1399 2968 ρξη’.
1430 2901 1644 2949 scribere
1667 2900 1815 2948 licuit
1837 2917 1933 2964 pa·-

113 2972 213 3033 gin.
236 2979 404 3020 textus
431 2973 604 3023 Euseb.
637 2979 719 3026 17.
748 2973 815 3021 ita
847 2975 963 3026 168.
989 2972 1040 3020 in
1063 2972 1290 3021 versione
1319 2971 1492 3018 Latina
1524 2970 1783 3034 legendum
1808 2987 1932 3033 pro-

111 3057 298 3105 ponere
328 3059 352 3088 a
384 3060 464 3091 me
498 3052 872 3109 praesumptum
912 3050 1001 3091 est.
1082 3042 1268 3090 Privati
1304 3058 1455 3106 porro
1486 3039 1755 3106 Dynastiae
1781 3039 1931 3087 huius

113 3111 308 3159 numeri
349 3111 479 3161 inter
511 3130 562 3161 se
599 3114 820 3179 dispares
859 3130 1031 3179 parem
1066 3129 1217 3160 unam
1264 3128 1505 3159 summam
1556 3110 1799 3160 offerunt:
1845 3107 1931 3156 ubi

18 3180 23 3185 ’
106 3189 323 3244 'namque
348 3182 728 3232 Psammitichus
754 3201 844 3232 rex
868 3185 915 3237 5.
943 3200 1098 3231 annos
1122 3183 1204 3236 45.
1231 3180 1564 3233 Psammuthis
1584 3186 1617 3234 7
1623 3219 1634 3233 .
1665 3194 1817 3226 annos
1843 3181 1928 3229 17.

111 3249 335 3315 Vaphres
368 3255 418 3305 8.
456 3270 608 3301 annos
637 3254 721 3308 25.
749 3254 942 3303 Amosis
977 3258 1027 3307 9.
1066 3270 1221 3301 annos
1246 3253 1330 3306 42.
1362 3252 1418 3299 in
1447 3252 1636 3300 Graeco
1662 3245 1931 3310 exemplari

113 3321 366 3382 obtinent,
403 3321 590 3387 primus
624 3324 678 3371 in
714 3324 887 3372 Latina
923 3323 1215 3387 Hieronymi
1242 3321 1650 3387 interpretatione
1686 3317 1770 3369 44.
1805 3315 1930 3362 alter

113 3396 196 3445 12.
224 3391 402 3439 tertius
429 3394 513 3445 30.
555 3393 759 3443 ultimus
793 3395 876 3447 43.
914 3394 1138 3441 referunt
1169 3401 1217 3441 et
1242 3393 1505 3456 utrobique
1533 3402 1776 3435 annorum
1810 3387 1929 3437 129.

112 3469 420 3527 componunt
457 3479 725 3524 summam,
773 3479 899 3529 quae
940 3462 1142 3528 reliquis
1184 3463 1419 3512 adiuncta
1455 3462 1569 3512 168.
1609 3460 1926 3506 meOEOral-flm

227 3543 390 3600 Georg.
419 3543 649 3599 Syncelzus.
682 3544 741 3587 ΙΙ.
1517 3530 1585 3580 26
