2222 3938
662 204 762 258 ET
794 202 1380 260 ANNOTATIONES.
1809 194 1934 256 357

110 338 507 397 componuntur,
545 330 772 382 diversus
796 341 870 381 est
895 334 1097 382 omnino
1112 372 1126 397 ,
1164 350 1310 399 quem
1331 331 1528 383 Author
1552 333 1639 382 hic
1669 335 1863 400 profert
1885 343 1935 383 et

107 404 317 450 solerter
341 401 574 466 explicat,
613 419 851 468 quemque
874 404 937 452 ad
955 405 1314 454 Hebraicorum
1335 405 1578 453 mensium
1601 413 1846 454 servatam
1870 406 1931 453 ab

107 489 165 521 eo
191 489 415 520 normam
441 471 639 521 brevius
667 473 719 523 in
741 474 957 522 medium
983 476 1190 524 adduco.
1251 476 1494 524 Reseratis
1524 475 1650 523 coeli
1673 476 1932 524 cataractis

104 559 197 608 per
220 541 486 590 continuos
507 543 830 607 quadraginta
855 546 958 593 dies
986 565 1012 593 a
1038 546 1157 593 Maii
1184 551 1268 600 20.
1307 547 1386 594 die
1411 546 1671 594 Dominico
1696 547 1839 595 litera
1863 547 1927 597 G.

100 620 304 675 motato,
341 613 404 660 ad
426 614 557 661 Iunii
580 617 665 668 28.
692 615 902 679 copiosis
926 617 1166 664 imbribus
1187 617 1428 665 inundata
1455 625 1526 665 est
1551 625 1696 668 terra.
1766 619 1932 665 Facta

105 691 178 731 est
205 683 392 748 plavia
429 702 580 748 super
620 694 804 732 terram
835 687 919 738 40.
955 685 1129 734 diebus
1165 695 1211 733 et
1246 687 1331 742 40'.
1368 688 1612 739 noctibus.
1674 688 1847 736 Genes.
1875 691 1930 742 7.

103 769 154 804 v.
179 758 261 808 12.
332 753 551 817 Exinde,
598 772 722 819 quae
746 756 982 804 Authoris
1007 774 1144 804 mens
1177 765 1250 804 est
1276 758 1503 823 propria,
1545 766 1743 806 centum
1767 766 1817 806 et
1841 757 1932 805 de·-

106 840 212 872 cem
236 823 339 871 dies
363 826 611 872 numerati
637 834 778 888 sunt,
817 845 842 874 a
864 827 994 874 Iunii
1020 827 1258 874 nimirum
1286 832 1366 881 28.
1394 829 1455 875 ad
1479 829 1710 876 Octobris
1745 833 1829 882 16.
1849 829 1933 876 vel

102 901 165 941 ut
184 894 462 958 scripturae
485 897 862 944 convenientius
886 898 1080 961 loquar,
1124 915 1149 944 a
1175 897 1340 962 primo
1363 898 1555 946 ruentis
1581 898 1635 945 in
1659 907 1815 947 terras
1838 899 1931 946 im..

101 963 208 1013 bris
236 964 315 1012 die
336 965 452 1013 Maii
474 971 555 1019 20.
583 968 645 1014 ad
667 967 897 1015 Octobris
923 972 1004 1020 16.
1034 975 1232 1015 centum
1257 975 1306 1015 et
1331 968 1686 1032 quinquaginta
1712 977 1831 1017 sunt
1854 970 1932 1016 in-

101 1034 324 1084 teriecti:
362 1043 478 1101 post
503 1037 736 1085 ultimum
769 1055 981 1102 quorum
1013 1038 1225 1086 limitem
1262 1055 1417 1103 aquae
1446 1046 1723 1103 coeperunt
1763 1039 1931 1087 immi-

101 1105 195 1154 nui
229 1121 289 1152 ac
329 1106 597 1157 subsidere.
669 1110 1014 1173 Reversaeque
1052 1118 1174 1156 sunt
1213 1126 1379 1174 aquae
1413 1108 1476 1156 de
1521 1118 1656 1156 terra
1692 1118 1857 1158 euntes
1884 1119 1932 1156 et

37 1182 43 1189 “
103 1175 391 1227 'redeunte-s.-
426 1187 471 1224 et
508 1188 768 1242 coeperunt
803 1181 972 1226 minui
1000 1189 1122 1244 post
1156 1189 1354 1227 centum
1387 1181 1772 1245 quinquaginta
1809 1178 1930 1229 dies.

104 1247 280 1295 Genes.
309 1250 356 1299 8.
382 1264 428 1297 v.
455 1251 504 1301 3.
554 1249 670 1296 Erat
695 1250 964 1297 Octobrilis
1007 1251 1092 1298 ille
1121 1255 1203 1304 16.
1231 1250 1336 1298 dies
1365 1249 1702 1299 hebdomados
1739 1251 1932 1311 tertius,

105 1317 194 1382 qui
215 1317 387 1365 Martis
410 1318 553 1367 litera
576 1319 629 1369 B.
665 1320 901 1382 signatus.
974 1321 1236 1385 Subiungit
1263 1322 1422 1369 Moses
1446 1326 1506 1371 v.
1522 1321 1572 1374 4.
1643 1322 1932 1385 Requievh‘t-

102 1405 200 1453 que
235 1405 359 1435 arca
384 1406 550 1436 mense
582 1393 816 1454 septimo,
856 1392 1089 1439 vicesimo
1117 1394 1324 1456 septimo
1350 1394 1560 1451 mensis,
1599 1409 1756 1456 saper
1781 1409 1931 1439 mon-

101 1467 174 1504 tes
195 1458 482 1507 Armeniae.
541 1460 756 1508 Mensem
781 1461 928 1508 illum
957 1462 1246 1526 septimum,
1284 1480 1387 1509 non
1423 1479 1450 1508 a
1487 1461 1650 1527 primo
1689 1478 1932 1526 aquarum

98 1529 272 1593 lapsu,
308 1530 398 1576 sed
417 1531 475 1577 ab
500 1531 678 1579 ultimo
703 1539 817 1596 post
847 1531 1171 1595 quadraginta
1199 1533 1302 1580 dies
1331 1549 1472 1579 casus
1509 1548 1677 1580 earum
1715 1530 1930 1579 termino

95 1607 246 1664 putat
283 1599 479 1647 Author
515 1601 772 1664 Georgius.
844 1602 890 1648 Is
929 1609 1003 1648 est
1026 1602 1157 1649 Iunii
1182 1606 1264 1655 28.
1302 1620 1328 1648 a
1365 1619 1464 1666 quo
1509 1602 1572 1648 ad
1608 1601 1821 1649 Ianuarii
1845 1606 1928 1654 22.

100 1686 200 1733 quo
229 1687 339 1718 arca
366 1671 646 1718 consedisse
670 1679 934 1733 narratur,
974 1671 1204 1719 ducentis
1230 1680 1278 1719 et
1303 1680 1416 1719 octo
1443 1671 1615 1719 diebus
1640 1671 1929 1732 numeratis,

99 1741 225 1787 etin
260 1740 553 1788 tricenarios
589 1757 777 1789 menses
803 1741 998 1803 divisis,
1038 1741 1254 1788 Ianuarii
1278 1743 1523 1789 secundus
1559 1749 1607 1789 et
1644 1741 1930 1805 vigesimuS,

98 1827 194 1859 nec
218 1827 322 1859 non
359 1811 556 1875 septimi
589 1812 648 1858 ab
676 1813 843 1859 eodem
881 1820 1132 1859 momento
1164 1812 1461 1860 numerandi
1497 1804 1677 1860 mensis
1715 1819 1923 1859 octavus
1950 1814 2005 1858 V.
2033 1814 2090 1858 10

98 1897 249 1946 supra
278 1881 569 1945 vigesimum
605 1899 709 1930 esse
751 1883 1084 1947 comperitur,
1124 1890 1172 1930 et
1200 1883 1372 1930 eodem
1411 1883 1642 1943 ineunte,
1682 1882 1929 1947 completo

98 1951 337 2000 videlicet
361 1952 596 2015 vigesimo
622 1954 857 2019 septimo,
899 1954 1141 2001 Geneseos
1165 1953 1331 2001 verbis
1355 1961 1522 2017 aperte
1546 1953 1807 2015 celebrato,
1845 1970 1930 1999 ar·-

101 2038 210 2069 cam
245 2039 309 2070 ex
335 2022 573 2071 Authoris
611 2024 849 2071 sententia
882 2024 1183 2087 requievisse
1213 2041 1512 2072 asseremusz
1551 2024 1628 2070 vel
1669 2031 1800 2070 certe
1832 2022 1929 2069 hac

100 2093 411 2157 expositione
445 2094 653 2156 reiecta,
706 2111 818 2142 curn
857 2112 885 2141 a
923 2094 1054 2141 Iunii
1098 2098 1179 2147 28.
1216 2111 1315 2141 non
1353 2095 1499 2156 longe
1538 2093 1602 2141 sit
1638 2093 1927 2157 Aegyptiaci

100 2162 312 2227 Epiphei
331 2164 637 2228 principium
654 2201 666 2226 ,
706 2182 852 2228 quem
876 2172 1151 2228 sequuntur
1171 2165 1359 2212 Mesore
1380 2164 1510 2210 Thot
1524 2163 1749 2227 Phaophi
1764 2162 1928 2226 Athyr

103 2232 296 2280 Chaeac
338 2242 386 2281 et·
407 2233 531 2297 Tybi
559 2270 572 2296 ,
610 2235 750 2281 cuius
779 2235 1041 2297 vigesimus
1081 2252 1138 2280 ac
1174 2235 1407 2298 septimus
1436 2234 1539 2280 dies
1578 2232 1835 2280 concurrit
1872 2232 1929 2279 in

100 2302 333 2351 Hebraici
358 2305 538 2350 Sabbat
561 2304 865 2351 neomeniam
894 2312 943 2351 et
967 2305 1177 2350 Romani
1206 2303 1420 2351 Ianuarii
1445 2309 1527 2356 22.
1555 2302 1664 2364 hio,
1703 2303 1923 2365 inquam,

103 2374 231 2438 'sybi
255 2374 609 2438 Aegyptiacus,
649 2391 761 2421 cum
784 2391 810 2420 a
835 2375 917 2426 40.
946 2374 1136 2420 dierum
1161 2374 1352 2422 diluvio
1377 2373 1443 2420 sit
1466 2374 1646 2420 mensis
1671 2373 1926 2434 septimus,

101 2461 207 2492 non
242 2444 424 2491 insulse
460 2445 602 2508 ponit
629 2443 824 2492 Author
865 2445 966 2491 eius
1009 2443 1087 2490 die
1128 2449 1212 2497 27.
1246 2444 1299 2490 in
1329 2442 1634 2490 neomeniam
1663 2442 1843 2490 Sabbat
1878 2449 1928 2490 et

102 2514 322 2562 Ianuarii
348 2521 430 2568 22.
451 2514 701 2561 incidente
724 2531 886 2562 arcam
905 2514 958 2561 in
982 2515 1242 2561 Armeniae
1262 2513 1514 2561 montibus
1531 2512 1760 2574 haesisse,
1796 2511 1926 2559 heb-

102 2585 341 2632 domados
356 2621 370 2647 ,
407 2584 578 2632 subdit
603 2585 687 2632 ille
707 2624 721 2646 ‚
759 2586 838 2632 die
866 2585 1100 2641 secundo,
1137 2586 1304 2632 Lunae
1327 2583 1563 2632 nimirum
1589 2583 1739 2644 dicto,
1779 2583 1923 2630 cuius

99 2656 266 2704 littera
291 2656 349 2702 G.
372 2656 638 2719 eodemque
665 2655 741 2703 die
766 2655 955 2703 detecta
979 2655 1129 2702 fuisse
1148 2655 1392 2702 montium
1417 2654 1671 2701 cacumina
1695 2653 1926 2701 referun-

98 2733 184 2774 tur
218 2743 366 2773 versu
403 2726 449 2778 5.
523 2726 599 2773 Ab
629 2743 741 2773 vero
778 2743 943 2790 aquae
976 2725 1122 2772 ibant
1156 2735 1201 2772 et
1237 2724 1604 2785 decrescebant,
1654 2741 1814 2788 usque
1851 2721 1927 2769 ad

103 2796 351 2843 decimum
385 2814 621 2859 mensem,
661 2794 907 2861 (Sabbat)
949 2795 1136 2842 decimo
1174 2798 1305 2842 enim
1330 2813 1515 2856 mense,
1552 2791 1612 2862 (a
1636 2794 1788 2842 Nisan
1815 2793 1923 2857 pri-

102 2864 206 2930 mo)
225 2869 401 2931 prima
427 2867 507 2914 (lie
532 2869 716 2914 men-sis
744 2865 963 2932 (sabbat)
990 2875 1338 2931 apparuerunt
1364 2868 1632 2912 cacumina
1657 2866 1920 2913 montium.

109 2938 147 2984 A
171 2937 386 2984 Ianuarii
416 2955 563 3002 porro
591 2939 809 2985 secundo
836 2954 986 3002 supra
1017 2937 1333 2999 vigesimum,
1371 2936 1478 2983 aliis
1502 2936 1584 2988 40.
1622 2935 1796 2982 diebus
1826 2950 1920 2981 ex·-

105 3007 257 3067 actis,
307 3007 468 3055 emisit
502 3009 606 3056 Noe
639 3025 842 3057 corvum
891 3024 953 3055 ex
999 3024 1140 3054 arcae
1184 3009 1397 3056 fenestra
1429 3006 1599 3054 Martii
1636 3005 1715 3052 die
1751 3004 1918 3063 tertio,
1973 3055 1977 3061 .

102 3076 437 3124 hebdomados
472 3079 709 3144 septimo,
761 3078 898 3125 cuius
932 3078 1100 3125 littera
1127 3078 1182 3128 Β.
1217 3085 1289 3125 est
1323 3083 1457 3126 nota.
1529 3077 1658 3123 Tum
1690 3074 1765 3123 bis
1798 3073 1919 3120 emi-

105 3148 171 3194 sit
197 3146 489 3209 columbam,
528 3149 691 3197 Martii
718 3148 952 3196 videlicet
975 3152 1055 3200 10.
1087 3155 1141 3196 et*
1163 3152 1241 3201 17.
1264 3164 1321 3194 ac
1345 3147 1659 3212 postmodum
1686 3145 1769 3198 25.
1792 3159 1919 3189 neo·-

105 3217 292 3264 meniae
313 3217 462 3264 Nisan
486 3219 662 3267 comite
683 3220 1001 3266 illucescente
1023 3220 1286 3284 conspexit
1306 3235 1454 3282 aquas
1475 3217 1781 3264 imminutas:
1797 3213 1918 3275 pri-

106 3304 185 3334 mo
209 3304 392 3348 mense,
423 3292 595 3351 prima
628 3288 710 3337 die
732 3292 944 3349 mensale,
983 3286 1140 3355 (quae
1167 3306 1294 3336 anno
1320 3295 1559 3336 renovato
1583 3281 1917 3332 hebdomadon

105 3358 226 3405 seria
253 3359 465 3405 secunda
491 3356 585 3427 cst)
605 3363 900 3407 imminutae
919 3367 1039 3405 sunt
1062 3378 1226 3425 aquae
1249 3376 1398 3425 super
1419 3368 1618 3405 terram.
1668 3354 1846 3400 GeneS.
1868 3353 1915 3403 8.

103 3443 155 3475 v.
187 3430 268 3480 13.
319 3428 438 3475 Maii
463 3429 657 3477 demum
684 3435 767 3483 20.
794 3430 876 3493 qui
904 3436 1101 3479 notatus
1135 3431 1300 3478 littera
1324 3430 1382 3475 G.
1410 3436 1459 3474 et
1477 3422 1809 3473 hebdomades
1834 3436 1917 3467 se·-

107 3499 320 3561 cundus,
345 3499 517 3548 solitae
538 3515 651 3548 suae
678 3499 891 3549 siccitati
918 3498 1045 3550 vidit
1066 3501 1169 3550 Noe
1195 3500 1471 3550 restitutam
1495 3504 1691 3544 terrani.
1753 3492 1918 3540 Mense
