2112 3854
786 169 1216 234 PRAEFATIO.
1841 161 1918 218 71

107 298 222 349 cissi
255 297 485 363 Cecropis
511 305 678 364 pater,
716 306 802 348 aut
824 317 916 365 per
947 291 1109 351 1111313
1140 298 1405 356 crudeliter
1437 297 1587 348 divisi
1620 298 1722 364 Itys
1760 299 1919 348 inno-

105 369 180 416 xii
203 368 429 416 membra
468 371 667 418 Procne
695 378 744 418 et
779 369 1075 435 Philomela,
1117 390 1261 438 quam
1293 371 1380 419 ille
1416 370 1575 433 Georg
1551 366 1611 415 oii
1646 371 1916 433 fragmenta

105 438 325 518 dispersa
365 439 580 499 recoxit,
635 439 849 503 condiit,
887 443 1134 507 apposuit.
1203 443 1353 490 Istam
1390 439 1542 504 igitur
1546 405 1778 519 t>Georgii
1814 441 1916 488 edi-

15 570 19 577 *
103 508 288 557 tionem
324 526 414 573 per
459 517 687 575 excerpta
721 518 770 557 et
797 513 1031 578 Scaligeri
1067 515 1335 576 fragmenta
1371 509 1572 575 quaevis
1605 509 1672 556 ita
1707 519 1914 558 venatus

103 595 212 626 sum
239 586 287 626 et
311 587 597 644 assequutus
614 617 627 641 ,
664 587 720 627 ut
742 598 866 645 quae
899 583 1033 630 foliis
1066 583 1319 647 quibusvis
1345 580 1518 629 ordine
1544 596 1630 627 suo
1667 579 1750 627 1110
1780 598 1913 628 com-

96 649 291 714 posita,
323 649 489 698 eadem
521 649 622 697 huc
646 650 770 698 illuc
801 659 849 700 et
883 653 1211 718 perturbatim
1239 653 1291 700 in
1321 659 1597 716 temporum
1628 649 1910 698 thesaurum

99 719 364 784 dissipata,
399 720 538 767 nullo
572 721 797 785 negotio,
836 739 898 770 ex
928 723 1092 771 indice
1125 723 1188 771 ad
1222 722 1386 787 pagin.
1424 721 1544 776 504.
1580 720 1743 768 oblato
1771 738 1910 785 repe-

96 789 306 837 riantur.
379 789 616 840 Posthaec
656 808 766 840 cum
795 791 939 840 istius
969 794 1103 841 modi
1127 801 1413 841 nostrorum
1448 799 1496 840 et
1521 790 1750 854 Scaligeri
1785 792 1910 838 scri-

95 867 301 925 ptorum
338 860 642 925 comparatio
671 862 934 925 Georgiani
964 871 1131 912 textus
1169 881 1196 910 a
1231 863 1432 911 lib1ario
1459 862 1681 925 corrupti
1714 862 1910 908 1101110-

95 945 182 978 ves
223 929 558 993 coniecturas,
597 931 715 995 quin
753 933 897 982 etiam
935 935 1148 1015 optimae
1179 941 1327 982 notae
1348 931 1638 1003 suggesserit
1674 930 1908 979 observa-

95 999 283 1060 tiones,
321 1008 370 1048 et
405 1017 467 1048 ex
497 1001 703 1050 adverso
729 1020 869 1051 sanas
898 1004 1029 1053 Ge01
1030 1022 1097 1069 gn
1124 1004 1416 1059 sententiaS,
1455 995 1712 1049 accuratos
1743 1008 1791 1049 et
1817 1001 1908 1048 sibi

94 1070 409 1136 succedentes
447 1078 658 1121 aetatum
696 1090 951 1136 numeros,
995 1074 1159 1124 verbis
1185 1075 1319 1139 apud
1347 1072 1645 1134 scaligerum
1672 1079 1908 1135 transpo-

93 1138 201 1188 sitis
225 1129 495 1190 immutatis
522 1159 579 1189 30
606 1143 846 1192 mutilatis
871 1145 1024 1194 fuisse
1047 1145 1267 1207 vitiatos,
1302 1142 1501 1193 brevius
1527 1141 1714 1222 dixero,
1753 1142 1906 1189 Geor-

93 1210 159 1274 gii
203 1219 252 1258 et
285 1211 518 1275 Scaligeri
553 1219 721 1261 textus
763 1231 1026 1263 numerum
1067 1232 1261 1264 omnem
1300 1211 1580 1279 superantia
1620 1211 1905 1261 discrimina

93 1280 499 1346 deprehenderit;
538 1298 592 1330 ea
622 1291 797 1331 cuncta
824 1285 948 1332 locis
971 1285 1186 1351 propriis
1212 1286 1418 1342 referre,
1456 1290 1504 1331 et
1527 1282 1589 1332 ad
1617 1299 1756 1353 pagg
1800 1283 1903 1336 512

93 1358 143 1399 et
176 1352 292 1406 516.
320 1359 555 1400 annotare
586 1369 612 1399 a
635 1354 890 1419 proposito
926 1372 1166 1425 nusquam
1203 1356 1411 1403 alienum
1437 1353 1666 1400 iudicavi.
1738 1351 1902 1410 Quor-

92 1437 203 1469 sum
235 1421 341 1469 ita?
377 1422 446 1471 Ut
470 1423 669 1486 Georgii
703 1424 865 1472 textui
905 1422 1300 1475 accommodatae
1335 1443 1363 1473 a
1389 1423 1632 1487 Scaligero
1674 1421 1901 1470 animad-

90 1491 344 1540 versiones
371 1493 510 1539 nullo
541 1492 732 1555 labore,
769 1495 856 1543 sed
886 1512 1033 1560 quam
1059 1495 1204 1544 citius
1242 1501 1536 1554 occurrant3
1574 1499 1631 1539 ut
1666 1491 1901 1554 Scaligeri

93 1562 225 1610 curis
258 1569 309 1609 et
347 1562 513 1610 studio
547 1579 635 1609 sua
659 1563 768 1610 laus
795 1581 898 1611 non
937 1566 1226 1628 denegetur,
1264 1573 1319 1613 ut
1345 1582 1372 1611 a
1404 1561 1900 1627 respersissposthaeo

90 1648 182 1698 per
224 1632 330 1680 eius
377 1632 564 1697 scripta
602 1632 792 1684 mendis
830 1651 934 1682 non
967 1634 1231 1697 indiligens
1268 1641 1315 1681 et
1349 1633 1573 1681 curiosus
1607 1632 1767 1678 lector
1804 1631 1900 1678 sibi

92 1702 363 1752 cavendum
400 1701 699 1767 prospiciat:
737 1719 795 1749 ac
822 1704 1018 1755 Eusebii
1056 1704 1265 1768 denique
1293 1704 1366 1752 nil
1394 1703 1581 1764 minus,
1620 1718 1765 1765 quam
1793 1701 1898 1751 Eu-

89 1772 213 1823 sebii
254 1780 485 1838 excerpta
519 1772 610 1821 sibi
643 1774 960 1838 persuadeat,
1015 1792 1103 1823 ceu
1149 1791 1274 1839 quae
1307 1774 1516 1841 plurima
1555 1779 1778 1822 veterum
1812 1788 1899 1818 au·-

6 1868 10 1871 «
91 1850 284 1891 ctorum
310 1842 442 1891 dicta
467 1843 601 1908 apud
627 1843 889 1907 Georgium
920 1861 1025 1892 non
1053 1844 1312 1905 exstantia,
1347 1852 1398 1893 et
1429 1861 1491 1897 an
1517 1841 1768 1907 scripserit
1792 1841 1898 1888 Eu-

90 1914 252 1962 sebius
284 1913 531 1978 ignorata,
575 1913 714 1961 nulla
749 1915 1076 1979 conscientia,
1112 1916 1167 1963 in
1199 1915 1465 1964 Eusebium
1501 1929 1646 1961 suum
1677 1911 1896 1973 Scalige÷

89 2001 205 2033 rum
233 1983 495 2032 intrusisse
528 1983 742 2034 noverit.
813 1985 943 2033 Loca
984 1985 1259 2034 sciscitanti
1291 1984 1585 2033 occultanda
1622 1999 1723 2030 non
1762 1981 1899 2028 31111-

89 2061 215 2103 tror·
285 2056 414 2102 Sunt
447 2054 534 2102 illa
565 2053 785 2103 thesaurl
816 2072 930 2145 ’pag-
957 2056 1005 2109 4
1043 2056 1098 2108 ἐκ
1129 2055 1379 2142 Τιμοθέου
1412 2058 1503 2105 τοῦ
1531 2049 1894 2136 Χρονογράφου

90 2123 204 2191 περὶ
227 2125 563 2210 κοσμοποιὶας.
603 2141 709 2190 pag.
736 2130 789 2179 7.
814 2126 883 2177 ε’τι
902 2125 1014 2193 περι
1040 2146 1142 2177 των
1166 2122 1333 2176 αὐτῶν
1355 2123 1597 2190 βασιλέων
1619 2119 1894 2189 Αἰγύπτου

89 2198 307 2262 pag-13·
335 2194 388 2246 ἐκ
407 2213 509 2245 των
528 2190 750 2246 Ἰστιαίου
775 2197 1060 2261 Μιλησίου,
1101 2213 1214 2245 cum
1237 2196 1299 2243 iis
1331 2212 1454 2263 quae
1475 2194 1536 2243 ad
1571 2210 1683 2259 pag.
1710 2192 1895 2239 calcem

88 2264 420 2332 Prosequssur
453 2282 565 2351 pap
601 2268 681 2320 19·
707 2265 829 2350 περὶ
869 2270 960 2333 τῆς
993 2269 1336 2333 καταστροφῆς
1369 2268 1469 2316 τῶν
1506 2262 1651 2315 πέντε
1680 2257 1893 2312 πόλεων.

89 2351 200 2399 Pag-
221 2341 307 2390 20.
342 2334 445 2394 ε’τος
470 2330 510 2403 ρ’
535 2329 789 2421 Ἀβραάμ,
812 2344 873 2386 et
898 2353 1022 2400 quae
1046 2337 1331 2386 succedunt.
1369 2351 1478 2402 pag.
1506 2338 1590 2389 21.
1661 2317 1895 2395 Pericope.

89 2399 1035 2476 113001ἕξηκοστῷὲτειἸσαακ.1138111
1067 2407 1149 2461 24.
1175 2423 1297 2470 quae
1326 2405 1387 2454 de
1414 2403 1620 2471 posteris
1646 2399 1894 2451 Abraham

90 2492 155 2524 ex
182 2474 435 2524 Chettura.
473 2491 584 2540 pag.
619 2475 702 2529 25.
731 2492 853 2540 quae
877 2477 936 2524 de
960 2476 1249 2524 Prometheo
1278 2476 1543 2525 fabulatur.
1578 2489 1686 2537 pag.
1716 2475 1798 2526 26-
1831 2469 1894 2522 ad.

90 2545 288 2594 Eusebii
310 2545 371 2594 de
400 2546 614 2614 Cecrope
635 2553 847 2593 mentem
870 2547 1109 2595 nonnulla
1126 2546 1270 2610 fingit
1295 2562 1402 2611 pag.
1430 2548 1513 2599 31.
1546 2543 1642 2593 alia
1667 2542 1727 2591 de
1753 2540 1892 2589 litte-

89 2633 258 2666 rarum
280 2616 565 2666 inventione
591 2615 840 2680 supponit.
867 2633 977 2682 pag.
1005 2620 1088 2671 32.
1116 2617 1286 2665 falsam
1311 2615 1499 2682 Orphei
1519 2612 1697 2663 recitat
1719 2611 1894 2660 Histo-

90 2687 233 2736 riam.
267 2703 379 2752 pag.
406 2689 490 2741 33.
562 2685 915 2751 Olympiadum
948 2687 1330 2736 institutionem
1343 2702 1406 2735 ex
1443 2683 1602 2733 alieno
1635 2681 1806 2731 codice
1835 2681 1891 2728 in

89 2756 352 2806 Eusebium
386 2757 642 2804 transfert.
680 2764 728 2805 et
753 2773 861 2822 pag.
891 2758 974 2810 34.
1009 2774 1133 2823 quae
1165 2757 1224 2806 de
1254 2757 1415 2806 lromo
1452 2761 1746 2803 tractantm.
1781 2767 1889 2817 pag.

92 2831 175 2881 41.
196 2826 365 2876 Berosi
385 2834 432 2875 et
456 2825 683 2891 Abydeni
706 2828 973 2876 110111111113.
1008 2845 1117 2893 pag.
1143 2830 1224 2882 51.
1263 2827 1565 2887 Graecorum
1588 2826 1771 2887 Regum
1795 2822 1891 2871 Hi·-

92 2897 295 2946 storiam
319 2915 381 2945 ex
403 2896 610 2962 Iosepho
636 2897 899 2945 interserit.
922 2915 1029 2963 pag.
1052 2903 1133 2952 61.
1158 2897 1295 2946 aliud
1316 2883 1525 2946 Cedreni
1548 2897 1889 2958 fragmentum.

91 2968 257 3034 pagin.
294 2972 377 3021 62.
413 2968 646 3032 quaedam
686 2984 750 3015 ex
775 2967 983 3016 Eusebio
1009 2968 1199 3016 Latino.
1236 2984 1342 3035 pag.
1368 2971 1449 3020 66.
1488 2963 1694 3013 Gedreni
1720 2977 1893 3011 rursus

93 3038 189 3085 alia
223 3038 336 3087 vult
368 3037 640 3086 interiecta
710 3042 819 3086 Uno
850 3037 1002 3087 verbo
1040 3020 1295 3103 quibusvis
1323 3037 1415 3085 sibi
1448 3035 1642 3103 placitis
1679 3031 1889 3081 Eusebio

94 3107 386 3188 adscriptis,
421 3125 525 3157 non
568 3109 686 3156 adeo
711 3115 904 3157 restam
907 3126 1009 3157 asse
1045 3126 1192 3174 quam
1219 3107 1484 3158 Eusebium
1510 3121 1663 3172 paene
1685 3118 1891 3166 compo·

94 3177 244 3225 suisse
271 3178 507 3241 arguitur.
578 3179 666 3227 His
701 3180 901 3227 accessit
925 3180 1224 3244 compmatio
1259 3178 1427 3240 tertia,
1463 3194 1565 3224 non
1591 3175 1742 3223 totius
1768 3170 1894 3234 qui-
1966 3195 1977 3201 -

95 3247 234 3310 dem,
283 3248 370 3295 sed
403 3248 834 3314 Chronographiae
869 3250 1023 3316 partis
1053 3250 1215 3309 illius,
1265 3265 1385 3312 quae
1417 3248 1654 3295 obsessam
1694 3262 1721 3290 a
1751 3243 1892 3288 Pom-

93 3317 207 3383 peio
246 3317 636 3383 Hierosolymam
671 3327 870 3382 narrat,
907 3329 956 3368 et
990 3318 1052 3367 ad
1082 3319 1469 3381 Diocletianum,
1514 3333 1611 3379 quo
1649 3308 1895 3361 scribendi

96 3388 244 3435 finem
284 3389 538 3451 Syncellus
585 3390 729 3447 fecit,
778 3358 1108 3438 narrationem
1157 3389 1403 3455 producit.
1490 3388 1691 3434 Causam
1744 3378 1896 3438 dedit,

101 3456 185 3521 qui
214 3458 433 3506 laborem
471 3461 752 3526 interpretis
783 3461 1150 3527 suscipiendum
1178 3460 1402 3509 hortatus
1428 3467 1500 3505 est
1540 3455 1729 3521 primus
1763 3450 1898 3498 Emi-
