2222 3938
683 225 781 278 ET
817 225 1408 284 ANNOTATIONES.
1829 218 1954 279 419

132 358 271 401 notat
297 351 515 416 Scaliger
536 369 647 418 pag.
676 355 796 408 252.
839 355 1110 404 Abraham
1144 367 1303 405 natus
1334 358 1404 404 sit
1433 372 1566 403 anno
1597 353 1779 403 mundi
1805 360 1954 410 1950.

131 422 198 470 ab
231 421 408 470 Adam
445 423 520 471 ad
553 433 733 472 natum
764 423 1034 473 Abraham
1060 429 1277 486 ficerunt
1302 428 1826 494 πεντηκονταετηρίδες
1857 430 1958 473 tri—

124 494 279 558 ginta
299 510 500 556 novem,
538 503 584 540 et
607 495 824 559 proinde
851 513 1021 544 annus
1045 502 1134 552 51.
1178 498 1448 545 Abraham
1463 498 1584 560 fuit
1616 495 1960 562 quadragesi-

130 580 243 610 mus
254 565 458 628 primus
481 565 738 613 Iobelaeus
762 568 949 629 iniens,
988 567 1048 614 id
1069 577 1140 615 est
1163 586 1333 616 annus
1366 566 1548 616 mundi
1577 572 1731 627 2001.
1788 569 1960 631 Quare

129 633 215 680 lu'c
238 652 503 698 perperam
545 636 734 700 legitur
764 633 851 702 με’.
880 654 977 722 pro
1014 633 1110 688 va'.
1171 639 1367 688 Addere
1413 638 1651 686 debuerat
1695 654 1963 703 perperam

132 721 328 768 quoque
352 705 533 770 legitur
562 701 669 775 βν’.
694 725 788 772 pro
815 703 924 776 βοί.
974 707 1208 756 Asseiens
1232 710 1420 773 pariter
1434 709 1686 757 Hebraeos
1710 708 1774 756 ad
1799 708 1962 757 Abra-

129 773 222 821 hae
239 775 452 823 natalem
471 793 656 823 annum
680 795 707 824 a
734 778 909 825 mundi
936 777 1145 825 conditu
1170 795 1325 825 annos
1353 782 1502 832 1950
1529 796 1802 841 numerare,
1826 778 1966 826 haud

129 843 309 893 leviter
338 845 705 895 hallucinatur·
753 849 885 895 solos
915 849 1101 912 quippe
1138 848 1290 901 1948.
1327 846 1408 894 illi
1447 849 1717 911 colligunt,
1752 849 1848 897 hac
1876 867 1966 898 ra·-

130 915 281 966 tione.
333 917 587 965 Diluvium
607 935 737 965 anno
773 920 923 972 1656.
971 918 1012 965 A
1050 917 1237 965 diluvio
1261 918 1323 964 ad
1345 916 1617 981 Arphaxad
1649 927 1815 967 ortum
1848 919 1968 967 anni

130 985 246 1034 duo.
316 986 581 1052 Arphaxad
617 989 700 1042 35.
749 990 858 1035 Sala
897 992 983 1041 30.
1022 988 1184 1036 Heber
1217 988 1302 1041 34.
1338 986 1517 1035 Phalec
1552 991 1636 1041 30.
1671 989 1840 1053 Ragau
1874 993 1964 1044 32.

131 1055 319 1104 Seruch
355 1060 440 1110 30.
475 1057 675 1107 Nachor
717 1063 801 1112 29.
838 1057 1026 1106 Tharra
1060 1063 1142 1111 70.
1194 1075 1384 1106 summa
1427 1058 1578 1111 1948.
1631 1059 1708 1106 Ex:
1745 1077 1801 1107 eo
1840 1077 1962 1109 vero

131 1126 365 1191 deceptus
399 1136 502 1189 est,
541 1129 676 1194 quod
707 1129 830 1177 haee
855 1122 1055 1177 Eusebii
1083 1129 1237 1177 verba
1267 1130 1595 1192 Principium
1623 1129 1708 1182 41,
1748 1130 1966 1178 Iohelaei

128 1197 408 1244 secundum
428 1200 703 1248 Hebraeos.
753 1200 891 1249 Iohel
916 1210 1086 1247 autem
1118 1198 1263 1264 apud
1294 1200 1553 1247 Hebraeos
1583 1202 1967 1265 quinquagena·

132 1269 246 1314 rius
282 1286 449 1316 annus
490 1281 718 1319 vocatur.
791 1271 971 1335 Itaque
1015 1273 1163 1317 iuxta
1205 1273 1614 1335 supputationem
1654 1271 1863 1318 illorum
1902 1270 1968 1318 ab

129 1336 306 1383 Adam
333 1354 493 1401 usque
521 1339 596 1385 ad
616 1359 805 1385 annum
822 1350 1133 1402 praesentem
1146 1343 1368 1402 fuerunt
1390 1343 1516 1389 anni
1530 1339 1635 1388 duo
1661 1343 1856 1389 millia.-
1895 1342 1959 1388 ad
1987 1344 2039 1388 P.
2066 1342 2124 1388 34

129 1424 319 1454 annum
352 1407 577 1457 Abrahae
614 1410 700 1462 50.
738 1409 923 1457 viderit
958 1409 1173 1472 illigata,
1223 1426 1346 1474 quae
1385 1412 1554 1458 eadem
1582 1412 1771 1460 nullius
1805 1420 1969 1460 certae

128 1478 257 1525 sedis
282 1494 385 1526 esse
410 1479 766 1544 pronunciavit
784 1481 1033 1527 Pontacus
1059 1480 1171 1530 Not.
1195 1496 1307 1544 pag.
1333 1480 1454 1533 245.
1490 1479 1557 1528 At
1584 1497 1698 1528 cum
1724 1483 1783 1529 ab
1807 1483 1967 1530 Adam

130 1556 296 1596 creato
338 1549 400 1595 ad
435 1549 661 1597 Abrahae
689 1549 820 1598 diem
844 1551 1056 1598 natalem
1081 1550 1292 1598 Hebraei
1329 1550 1549 1613 codices,
1587 1551 1647 1598 de
1683 1553 1857 1616 quibus
1883 1552 1968 1600 hic

129 1635 305 1679 sermo,
343 1637 498 1667 annos
524 1628 787 1668 numerent
817 1622 965 1674 1948.
992 1638 1103 1685 pag.
1127 1624 1211 1673 87.
1251 1621 1303 1669 C.
1327 1638 1491 1668 annus
1511 1638 1539 1668 a
1559 1623 1735 1670 mundi
1759 1624 1969 1671 conditu

127 1688 201 1736 bis
246 1689 533 1738 millesimus
570 1699 619 1738 et
655 1691 845 1756 primus
887 1708 1073 1738 annum
1109 1689 1334 1739 Abrahae
1373 1692 1457 1746 53.
1507 1691 1652 1739 debet
1702 1693 1965 1757 attingere.

128 1761 363 1823 quocirca
389 1768 555 1808 textus
589 1762 878 1809 emendatus
911 1761 1088 1825 leget’
1066 1760 1148 1812 επὶ
1173 1756 1262 1827 νγ’.
1290 1761 1432 1822 ἔτους
1452 1755 1701 1828 Ἀβρααμ,
1738 1763 1820 1828 ἔτη
1855 1758 1969 1843 ,poe-

270 1831 646 1897 Εἰδωλομανων
686 1831 778 1892 ἕως
810 1827 1079 1891 θανάτου]
1131 1831 1320 1879 Saruch
1339 1831 1551 1895 ,inquit
1587 1833 1788 1896 Suidas,
1830 1835 1967 1881 viros

129 1900 282 1948 animi
321 1903 646 1968 corporisque
675 1903 942 1967 praeclaris
970 1909 1276 1968 praestantes
1305 1903 1529 1964 dotibus,
1568 1904 1780 1951 maxime
1807 1904 1849 1951 si
1876 1906 1968 1952 be-

127 1971 316 2019 neficiis
340 1971 607 2020 humanum
633 1990 781 2037 genus
808 1974 900 2021 sibi
926 1973 1343 2039 promeruissent,
1381 1973 1672 2037 imaginibus
1701 1982 1750 2022 et
1777 1976 1967 2037 statuis,

124 2050 241 2106 post
270 2051 478 2091 mortem
507 2045 790 2092 viventibus
821 2044 1180 2107 commendari,
1220 2061 1490 2108 eorumque
1513 2045 1800 2092 memoriam
1829 2047 1969 2093 cultu.

129 2112 350 2160 exhibito
387 2123 679 2179 perpetuam
727 2115 898 2177 reddi,
948 2115 1196 2179 saciisque
1226 2115 1368 2163 libris
1413 2115 1692 2178 consignari
1734 2115 1969 2164 instituit.

127 2181 395 2246 ἐντεῦθεν,
444 2184 725 2270 su'biungit,
773 2183 810 2248 ἦ
850 2186 1131 2246 πολυθεία,
1179 2184 1264 2235 καὶ
1302 2186 1688 2268 εἰδωλολατρεία.
1738 2189 1885 2236 τοῦτο
1914 2182 1970 2236 δὲ

124 2251 342 2339 διέμεινε
379 2250 504 2326 παρ’
541 2250 712 2313 αὐτοῖς
751 2253 888 2321 μέχρι
930 2274 1029 2304 των
1067 2250 1261 2318 χρόνων
1296 2258 1389 2304 τοῦ
1429 2251 1605 2319 Θάῤῥα
1646 2257 1740 2305 τοῦ
1784 2252 1967 2315 πατρὸς

124 2317 374 2405 Ἀβραάμ·
413 2326 480 2389 ἦν
508 2343 600 2390 γαρ
631 2319 1027 2407 ἀγαλματοποιὸς
1052 2321 1151 2375 οἷπό
1183 2320 1448 2411 διαφόρων
1487 2324 1625 2374 ὑλῶν
1657 2321 1854 2384 εἰκόνας
1888 2325 1969 2392 ἑο-

126 2389 422 2460 γαζόμενος,
461 2394 546 2444 καὶ
575 2390 784 2454 τούτους
807 2394 963 2480 λέγων
989 2391 1119 2445 εἶναι
1141 2391 1352 2458 θεους,
1365 2393 1451 2445 καὶ
1492 2389 1711 2458 ὀφείλειν
1752 2410 1970 2461 προσκν-

126 2469 358 2526 νεῖσθαι,
397 2483 462 2523 ως
498 2465 688 2524 αἰτίους
721 2468 822 2514 τῶν
849 2460 1075 2531 ἄγαθων.
1147 2467 1264 2512 Hoc
1292 2482 1405 2513 vero
1430 2462 1575 2528 apud
1609 2481 1689 2511 eos
1715 2481 1872 2529 usque
1898 2463 1974 2512 ad

131 2533 338 2580 learra
352 2537 527 2598 patris
549 2535 818 2582 Abraham
848 2544 1057 2582 aetatem
1082 2536 1381 2598 permansit.
1452 2536 1586 2581 Erat
1608 2538 1738 2581 enim
1767 2544 1968 2582 statua-

127 2620 242 2650 rum
270 2606 464 2667 opifex,
499 2608 847 2669 imaginesque
878 2622 934 2651 ex
956 2607 1106 2652 varia
1128 2607 1434 2668 compositas
1458 2607 1673 2652 materia
1711 2604 1844 2652 Deos
1870 2624 1970 2653 esse

123 2673 484 2737 praedicabat,
535 2685 580 2721 et
610 2676 743 2723 φείιιέ
780 2675 933 2721 bonor
936 2692 1023 2721 um
1069 2674 1306 2722 authores
1347 2675 1445 2722 coli
1476 2677 1837 2740 praecipiebat.
1908 2677 1971 2724 In

130 2745 333 2791 eandem
370 2753 583 2792 mentem
586 2744 925 2832 Epiphanius
961 2745 1105 2792 initio
1140 2745 1348 2793 Panarii.
1420 2744 1658 2796 ἐντεῦθεν
1692 2746 1896 2813 γέγονεν
1932 2743 1971 2812 ἦ

131 2808 599 2878 αδριαντοπλασία’
568 2835 668 2866 απο
688 2818 994 2881 πηλουργίας
1006 2815 1090 2865 καὶ
1103 2819 1373 2882 κεραμικῆς
1387 2811 1658 2883 ἐπιστήμης
1674 2815 1756 2867 διοὲ
1770 2821 1861 2882 τῆς
1879 2836 1966 2866 του

133 2881 312 2950 Θαῤῥα
332 2885 519 2950 τέχνης.
558 2888 700 2934 Hinc
724 2889 888 2933 extitit
912 2886 1344 2933 simulachrorum
1374 2887 1561 2950 effictio
1575 2924 1589 2949 ,
1624 2905 1714 2950 per
1728 2889 1971 2952 figlinam

131 2963 290 3000 artem
343 2956 575 3003 leatrlza
611 2957 768 3003 huius
815 2956 1090 3004 industria.
1162 2957 1224 3004 In
1267 2956 1464 3005 sceleris
1513 2957 1711 3004 demum
1758 2973 1970 3023 poenam

132 3024 425 3090 (composita
461 3044 523 3074 ex
558 3026 826 3091 Epiphanii
858 3034 906 3074 et
945 3026 1182 3075 Aulhoris
1227 3026 1375 3074 dictis
1405 3043 1504 3074 una
1536 3026 1798 3094 sententia)
1837 3027 1971 3075 Aran

129 3095 261 3141 filius
287 3095 506 3143 Thau-ha
522 3134 535 3158 ‚
574 3099 725 3145 fratre
750 3097 998 3146 Abrabam
1025 3098 1152 3145 faces
1177 3097 1470 3146 innocenter
1492 3097 1809 3156 sufficiente,
1851 3113 1972 3144 suc-

133 3181 279 3211 censo
309 3166 558 3214 idolorum
579 3168 796 3232 templo,
836 3168 1024 3216 crudeli
1048 3176 1205 3216 morte
1240 3176 1414 3232 raptus
1446 3174 1539 3215 est:
1577 3185 1669 3215 nec
1701 3168 1806 3214 hilo
1843 3182 1971 3230 pru-

133 3235 332 3284 dentior
360 3235 544 3284 delirus
570 3254 720 3286 senex
753 3246 869 3303 post
897 3238 1088 3286 obitum
1116 3238 1251 3287 Aran
1274 3239 1327 3285 in
1349 3238 1483 3286 idola
1509 3236 1847 3286 vehementius
1885 3235 1970 3282 in·-

58 3302 63 3307 ‘
133 3305 309 3352 saniit:
358 3314 407 3353 et
435 3314 493 3354 ut
527 3309 740 3356 refertur
770 3311 882 3373 Sap.
916 3326 1025 3373 cap.
1065 3310 1145 3362 14.
1214 3308 1408 3356 Acerbo
1439 3309 1582 3355 luctu
1621 3307 1795 3353 dolens
1819 3314 1970 3369 pater

135 3377 236 3421 cito
274 3379 413 3439 rapti
438 3378 551 3440 filii
575 3380 707 3440 fecit
733 3381 1032 3442 imaginem,
1067 3388 1113 3425 et
1140 3379 1314 3441 illum,
1356 3382 1447 3443 qui
1474 3388 1595 3425 tuno
1635 3377 1788 3440 quasi
1817 3375 1964 3422 lzomo

134 3455 369 3493 mortuus
391 3448 599 3509 fuerat,
638 3466 770 3495 nunc
799 3458 1043 3513 tanquam
1073 3451 1239 3496 ,Deum
1276 3450 1430 3498 colere
1466 3448 1651 3510 coepit,
1688 3454 1734 3491 et
1766 3448 1965 3493 consti-

136 3519 235 3563 tuit
261 3519 389 3564 inter
418 3533 538 3565 suos
563 3535 731 3565 servos
753 3536 903 3566 sacra
926 3527 971 3565 et
997 3521 1272 3583 sacrificia.
