2222 3938
346 190 388 254 5
398 193 428 252 1
440 196 481 252 O
964 200 1544 258 EMENDATIONES

344 351 548 385 rursum
592 333 657 383 ad
700 335 936 382 Senatum
982 332 1114 381 facto
1163 331 1409 398 transita,
1462 333 1732 386 verborum
1784 343 2003 386 mutatur
2049 355 2174 387 con-

291 434 293 437 *
343 406 571 456 structio.

480 478 594 539 Pag.
632 475 751 527 268.
795 469 867 524 Τὰ
889 469 1070 539 μεταξυ
1095 472 1291 526 Νέστου
1317 473 1594 542 (ποταμου,
1628 476 1715 527 καὶ
1734 472 2064 543 Στρύμωνος,
2089 478 2177 530 καὶ

342 545 405 599 τοὶ
426 544 552 613 πρὸς
548 513 824 608 ὃοῖνατολην
852 547 948 594 τοῦ
977 542 1194 613 Νέστου)
1220 542 1446 613 ἕρύμην]
1485 547 1622 607 Quae
1650 549 1732 596 hic
1769 549 1982 611 virgulis
2007 551 2176 598 clausa

343 618 593 680 Scaligero
625 614 947 676 exciderunt,
984 616 1067 663 vel
1095 617 1376 665 redundare
1405 618 1652 666 immerito
1683 619 1791 667 visa
1817 627 1948 667 sunt.

482 688 595 750 Pag.
621 689 740 739 269.
778 686 955 751 Σίμων
975 683 1085 745 υἷός
1106 681 1310 752 Ὀνίου]
1348 689 1564 751 Scaliger
1588 707 1698 770 pag.
1726 691 1807 743 50.
1836 689 1978 737 annis
2007 690 2176 738 decem

342 758 579 806 detractis
605 752 672 805 θ’.
689 754 912 821 reponit.
940 756 1419 821 quaehallucinatio,
1442 777 1534 807 nec
1553 761 1996 841 enimtypivitium
2012 762 2175 809 dicam

339 836 592 877 recentem
617 844 722 875 non
751 827 949 875 infimae
980 835 1128 876 notae
1155 828 1526 894 Chronologum
1554 830 1849 897 seiiptorem
1873 831 1929 879 in
1957 849 2175 880 errorem

339 898 560 947 induxit.

484 963 803 1021 Μακεδόνων
827 968 1082 1034 βασιλεῖς]
1121 970 1344 1018 Titulum
1374 969 1620 1036 interpres
1648 970 1891 1019 adiunxit.

484 1034 806 1090 Μακεδόνων
824 1059 1019 1105 πρωτος
1039 1040 1387 1105 ἐβασίλευσεν]
1426 1042 1752 1089 Macedonum
1780 1059 1951 1105 regum
1976 1059 2176 1091 succes-

343 1111 533 1159 sionem
563 1117 680 1176 post
705 1110 978 1157 Alexandri
1005 1119 1215 1159 mortem
1241 1121 1451 1160 renovat
1483 1112 1736 1175 Georgius.
1810 1113 2025 1176 Scaliger
2061 1115 2177 1162 Eu-

342 1182 534 1230 sebium
558 1187 799 1245 sequutus
822 1181 1110 1228 eorumdem
1146 1182 1435 1229 continuata
1465 1183 1588 1229 serie
1624 1183 1784 1231 veteri
1817 1183 2061 1232 laterculo
2095 1201 2177 1232 se-

343 1260 546 1316 quentes
569 1251 816 1313 adiungit,
856 1258 904 1298 et
925 1250 1212 1316 Philippum
1237 1253 1504 1301 Aridaeum
1531 1252 1703 1300 scribit
1740 1253 1968 1318 quintum
2001 1272 2058 1302 ac
2083 1255 2175 1304 vi—

340 1324 608 1388 gesimum,
645 1339 703 1370 ac
729 1321 799 1368 ita
825 1321 1056 1386 deinceps
1083 1323 1322 1387 reliquos.

484 1396 601 1457 Pag.
640 1397 758 1448 270.
797 1392 1116 1443 Μακεδόνων
1146 1391 1197 1444 ε’.
1224 1393 1542 1459 ἐβασίλευσεν
1575 1387 1820 1460 Πύρῤος.]
1867 1394 2117 1459 Pyrrhum
2149 1411 2176 1444 e

341 1482 435 1513 suo
471 1465 822 1528 diagrammate
857 1464 1077 1528 Scaliger
1118 1465 1367 1529 expunxit
1402 1482 1510 1530 pag.
1547 1465 1630 1518 50.
1669 1464 1818 1511 habet
1843 1465 2084 1514 Eusebius
2112 1466 2177 1514 ad

339 1535 690 1601 Olympiadem
721 1539 837 1588 122.
877 1533 1048 1582 Annos
1085 1535 1263 1584 mundi
1299 1553 1362 1585 ex
1398 1535 1831 1599 antecedentibus,
1870 1543 1921 1585 et
1951 1536 2014 1584 iis
2049 1554 2176 1603 quae

337 1614 650 1690 sequuntur,
685 1604 900 1656 restitui.

479 1672 650 1743 Ζήσας
691 1675 771 1741 ε’τη
806 1696 902 1742 πγ.
873 1671 923 1741 ’.]
962 1676 1208 1742 Scaliger,
1245 1693 1331 1725 seu
1363 1676 1532 1743 potius
1570 1675 1675 1724 eius
1710 1675 2056 1743 typographus
2090 1676 2175 1744 ἔτη

333 1743 431 1815 μγᾌ
462 1765 580 1795 nam
608 1747 838 1810 regnavit
865 1748 960 1800 44.

474 1819 589 1881 Pag.
630 1816 840 1871 271Ὀ
868 1813 1183 1881 Φιλάδελφος
1203 1821 1322 1877 παῖς
1346 1811 1505 1869 αὐτοῦ
1529 1816 1610 1883 ἔτη
1639 1812 1714 1883 λη’
1716 1817 1750 1883 .]
1786 1817 1927 1867 Idem
1953 1835 2065 1885 pag.
2085 1818 2175 1874 52.

332 1888 419 1956 ἔτη
442 1884 521 1939 λε’.
545 1854 819 1935 ζ’(30113611111
842 1887 1057 1936 Authori
1081 1888 1256 1935 Latina
1282 1889 1483 1936 Eusebii
1512 1889 1689 1938 versio.

475 1960 586 2023 Pag.
625 1963 745 2012 272.
783 1957 838 2007 Ο
864 1953 1018 2018 αὕτὸς
1045 1976 1164 2019 τους
1185 1978 1278 2009 κατ
1285 1954 1616 2025 Ἀἴγυπτον.]
1656 1958 1976 2024 Septuaginta
2006 1959 2175 2009 Inter-

333 2037 536 2096 pretum
543 1996 838 2077 t'historiam
879 2029 1162 2090 abbreviat,
1200 2037 1249 2077 et
1285 2030 1493 2096 proprio
1530 2029 1663 2095 stylo
1706 2030 1968 2095 componit
2006 2031 2175 2081 eadem

333 2101 419 2154 52.
453 2099 650 2167 pagina.

477 2172 799 2235 Καθίστησιν
825 2165 947 2236 ρλβ’.
966 2164 1318 2233 Ὀλυμπιάδα]
1355 2170 1560 2234 Repono
1593 2164 1716 2238 ρλα’.
1766 2170 1821 2219 81
1843 2171 2079 2220 nimirum
2102 2169 2173 2235 τὸ,

332 2261 400 2306 ἠς
421 2239 770 2308 πληρουμένης
796 2241 860 2288 ad
885 2240 1233 2306 Olympiadem
1260 2241 1453 2302 refero,
1492 2241 1611 2288 alias
1639 2241 1786 2290 etiam
1810 2242 1872 2290 ad
1897 2242 2177 2292 Bibliothe-

334 2329 445 2361 cam
474 2313 662 2374 relato,
700 2312 925 2359 nondum
952 2314 1068 2365 132
1099 2311 1350 2359 delibatur
1377 2328 1439 2359 ex
1466 2311 1707 2360 Authoris
1735 2313 1943 2361 calculo.

475 2384 588 2446 Pag.
630 2386 749 2436 273.
786 2377 1073 2449 Ἀντιγόνου
1106 2386 1226 2442 παῖς
1266 2381 1348 2447 ε’τη
1392 2378 1469 2446 ι’.]
1522 2383 1883 2449 Septemdecim
1921 2383 1976 2431 in
2013 2383 2174 2448 Asiae,

337 2469 426 2500 sex
451 2453 507 2500 in
535 2453 854 2501 Macedoniae
876 2470 1027 2517 regno
1057 2453 1218 2516 exegit
1243 2470 1398 2501 annos
1430 2455 1702 2503 Demetrius
1731 2455 2048 2503 Polliorcetes
2061 2495 2078 2517 ,
2103 2455 2175 2503 ait

334 2523 532 2572 Author
570 2541 682 2590 pag.
716 2526 835 2579 265.
871 2525 928 2575 D.
973 2541 1069 2587 qua
1113 2523 1196 2590 ἔτη
1235 2519 1314 2589 ιη’.
1349 2520 1601 2591 κρατήσας
1635 2525 1899 2574 scribitur':
1937 2526 2175 2591 quocirca

336 2595 470 2642 solos
503 2595 674 2643 decem
697 2612 801 2642 non
834 2595 1070 2644 admittit.

477 2667 591 2729 Pflg·
631 2666 749 2719 274.
795 2669 897 2716 Τοῦ
930 2663 985 2716 δὲ
1009 2660 1203 2730 κόσμου
1229 2660 1418 2732 ,εροα’.]
1471 2664 1617 2714 Haud
1648 2666 1773 2716 levis
1806 2665 1892 2713 hic
1926 2664 2171 2714 Authoris

334 2734 769 2799 parachronismus
802 2736 1032 2801 plurimis
1070 2736 1300 2800 superius
1341 2736 1542 2802 scriptis
1566 2736 1863 2785 contrarius.
1935 2735 2010 2783 Ab
2044 2735 2173 2784 Ale-

334 2805 517 2853 xandri
546 2807 731 2872 quippe
753 2816 915 2856 morte
942 2824 1073 2854 anno
1103 2806 1427 2870 duodecimo,
1464 2824 1526 2854 ex
1551 2807 1803 2855 communi
1831 2805 2172 2869 Chronologo-

335 2892 450 2923 rum
473 2892 650 2939 sensu,
682 2878 855 2942 Syriae
878 2877 1283 2943 Babyloniaeque
1316 2891 1521 2942 regnum
1561 2877 1760 2943 excepit
1796 2877 2031 2925 Seleucus
2069 2878 2172 2925 Ni.-

336 2962 504 2995 canor.
577 2949 703 2995 Sane
736 2949 853 2996 fixis
885 2949 948 2997 ad
982 2965 1168 2996 annum
1205 2950 1358 3002 5171.
1395 2949 1534 3011 regni
1573 2948 1677 2995 eius
1711 2947 2029 3012 primordiis,
2065 2963 2171 2995 non

335 3016 436 3064 nisi
462 3017 564 3064 vita
590 3018 819 3081 functus,
858 3037 916 3066 ac
946 3020 1142 3067 duobus
1164 3020 1304 3066 annis
1328 3019 1383 3065 in
1405 3017 1714 3083 sepulchro
1699 3035 1864 3066 lacens
1889 3019 2054 3082 potuit
2067 3019 2170 3065 De·-

331 3087 567 3135 metrium
591 3089 914 3137 Poliorcetem
935 3091 1166 3139 libertate
1194 3090 1408 3154 privare,
1448 3097 1497 3136 et
1522 3096 1660 3136 sexto
1687 3097 1803 3154 post
1823 3089 2016 3137 lethum
2035 3105 2168 3136 anno

333 3157 685 3222 Lysimachum
719 3159 1042 3208 Macedonico
1082 3160 1294 3208 deiicere
1330 3159 1487 3220 solio,
1539 3160 1675 3223 quod
1713 3151 1983 3208 absurdum
2019 3159 2168 3206 etiam

331 3230 520 3278 referre
547 3229 729 3294 pudetz
774 3238 822 3277 et
853 3232 999 3294 plane
1037 3230 1346 3279 contrarium
1378 3230 1579 3295 scripsit
1614 3230 1808 3279 Author
1833 3247 1943 3296 pag.
1969 3233 2087 3283 266.
2118 3236 2168 3277 et

333 3302 454 3352 273.-
510 3301 634 3348 Cum
659 3316 776 3349 vero
802 3307 999 3348 textum
1025 3299 1263 3349 Authoris
1294 3317 1485 3348 omnem
1512 3308 1616 3348 tam
1635 3301 1826 3366 ingenti
1846 3316 2056 3366 purgare
2083 3316 2167 3347 er-

336 3385 451 3417 rore
481 3370 547 3418 sit
585 3388 688 3419 non
724 3371 844 3420 adeo
868 3372 1102 3434 difficile,
1140 3388 1285 3434 quam
1326 3372 1573 3434 deforme3
1613 3372 1969 3420 emendatiores
2000 3368 2165 3418 Chro-

336 3440 594 3504 nologicae
626 3442 823 3490 tabulae
845 3442 1092 3491 desectum
1114 3459 1308 3490 omnem
1333 3409 1665 3508 reparandum
1693 3442 1980 3507 suscipient.

479 3506 780 3580 Ἀντιόχειαν
801 3511 1066 3567 ἐπέκτισεν.
1070 3513 1091 3580 ]
1128 3513 1470 3578 Antiochiam,
1507 3532 1612 3564 non
1633 3513 1950 3577 Antigoniam
1977 3525 2166 3560 memo-
