2222 3938
673 193 773 246 ΕΤ
807 190 1393 252 ANNOTATIONES.
1824 181 1955 253 485.

121 321 325 370 ineunte
348 319 414 367 ad
433 318 590 374 4882.
615 319 895 370 absolutum
909 358 923 384 ,
962 321 1198 386 quocirca
1232 320 1444 371 Ioachaz
1474 319 1612 369 filius
1639 337 1768 370 anno
1792 322 1948 376 4888.

122 390 376 440 successit.
447 390 580 438 Huic
607 408 800 440 menses
834 400 933 440 tres
958 409 1164 456 regnare
1199 392 1368 441 datum
1406 398 1510 447 esti
1556 407 1747 440 menses
1783 399 1953 440 tamen

122 476 491 528 quoscumque,
536 478 721 526 paucos
760 463 902 525 licet,
939 463 1138 511 Author
1163 463 1216 511 in
1241 480 1427 512 annum
1459 469 1660 526 reputat
1693 478 1802 527 pag.
1824 462 1950 516 241.

120 533 178 582 A.
203 539 253 581 et
277 533 398 585 251.
437 531 490 580 G.
530 539 579 578 et
602 549 664 580 ne
689 533 887 596 longius
915 535 1139 598 exempla
1177 542 1402 599 petamus
1434 532 1644 581 secundi
1670 532 1952 594 Iechoniae‚

122 602 210 668 qui
231 601 473 663 bachim,
499 608 600 649 tres
623 620 811 651 menses
827 641 843 665 ,
879 604 1020 652 velut
1039 621 1225 652 annum
1251 604 1500 673 integrum
1525 610 1748 655 recenset
1773 603 1953 651 Libra-

120 674 227 723 rius
248 673 304 720 in
326 672 569 736 margine,
609 681 659 720 et
684 674 879 722 Author
901 674 1007 740 ipse
1032 676 1179 739 paulo
1209 675 1418 724 inferius
1444 691 1553 740 pag.
1577 678 1695 729 219.
1719 674 1772 722 G.
1796 689 1952 738 quare
1976 677 2029 721 V.
2054 673 2112 723 54

120 742 331 791 Ioachaz
354 741 439 790 hic
454 779 470 804 ,
511 743 598 806 qui
621 744 878 792 Iechonias
914 746 1101 809 pariter
1123 746 1289 794 dictus
1304 783 1318 808 ,
1353 743 1526 793 debuit
1553 760 1608 791 ea
1637 745 1744 807 lege
1768 761 1956 792 annum

120 815 277 868 4883.
315 829 585 878 occupare,
624 822 682 861 ut
712 815 988 863 successori
1025 815 1260 878 Eliacim‚
1298 815 1384 880 qui
1421 814 1637 877 Ioacim,
1685 814 1955 863 Pharaonis

120 883 331 949 imperio
370 883 596 948 captivus
629 885 681 931 in
719 886 994 949 Aegyptum
1024 886 1293 948 abductus,
1341 893 1549 950 paterno
1578 901 1731 948 regno
1759 885 1958 934 cederet

122 956 297 1004 eodem
326 971 457 1002 anno
485 954 640 1007 4883.
678 954 765 1002 hic
789 972 908 1004 vero
933 957 1117 1004 Ioacim
1148 956 1379 1021 proprios
1407 973 1562 1003 annos
1596 955 1773 1002 mundi
1799 955 1956 1013 4884..

120 1025 365 1090 inciperet
392 1025 597 1075 emetiri.
647 1026 966 1074 Memoratam
988 1034 1154 1074 tamen
1177 1027 1334 1090 legem
1359 1043 1463 1073 non
1491 1026 1722 1074 observat
1744 1025 1957 1088 Author,

122 1104 173 1144 et
210 1096 387 1144 tribus>
411 1095 622 1148 Ioachaz
663 1097 912 1144 mensibus
950 1098 1129 1144 ultimo
1171 1097 1325 1162 patris
1364 1096 1524 1144 [osiae
1561 1113 1692 1143 anno
1727 1095 1957 1159 inclusis,

120 1182 330 1230 regnum
356 1166 541 1215 Ioacim
555 1203 570 1228 ,
607 1166 662 1213 in
694 1167 871 1215 mundi
895 1167 1051 1221 4883.
1072 1168 1238 1216 refert.
1285 1168 1590 1215 Postulatam
1614 1165 1772 1214 nihilo
1797 1165 1957 1213 secius

123 1236 516 1286 emendationem
536 1232 723 1306 fiam&
746 1255 901 1302 aequa
925 1245 1209 1303 temporum
1233 1239 1360 1286 ratio
1386 1238 1450 1286 ad
1474 1237 1584 1285 falsi
1607 1236 1805 1286 numeri
1829 1236 1969 1283 latus-

122 1308 365 1373 compulit
388 1309 742 1371 reponendam.
766 1307 1046 1357 ‘Iechonias
1082 1309 1214 1356 enim
1242 1325 1499 1356 successor
1526 1315 1642 1372 post
1664 1307 1816 1354 huius
1842 1306 1957 1354 Ioa-

123 1379 221 1426 cim
251 1394 459 1441 regnum
497 1378 637 1425 annis
674 1378 909 1425 undecim
949 1396 975 1425 a
1009 1379 1185 1426 mundi
1216 1387 1275 1432 ut
1305 1379 1535 1443 praemisi
1573 1378 1726 1435 4884.
1775 1376 1959 1423 initum

121 1457 316 1514 patrem
349 1448 539 1512 excipit
562 1448 740 1495 mundi
773 1449 928 1503 4895.
953 1449 1020 1497 ait
1039 1449 1237 1496 Author
1259 1466 1369 1514 pag.
1397 1453 1513 1503 219.
1540 1448 1593 1495 C.
1620 1455 1669 1495 et
1693 1447 1832 1495 hunc
1862 1449 1960 1494 Se-

122 1519 290 1568 decias
327 1536 457 1570 anno
493 1526 730 1582 sequente
772 1519 858 1584 qui
890 1519 1063 1568 mundi
1091 1520 1245 1574 4896.
1287 1520 1423 1585 quod
1463 1520 1648 1566 iterum
1689 1517 1957 1568 manifesto

120 1590 311 1656 reperit
343 1605 454 1654 pag.
489 1592 607 1642 223.
647 1590 698 1641 C.

270 1656 338 1711 To*
357 1658 587 1726 τέταρτον
612 1658 719 1719 ἔτος
740 1654 984 1725 Ἰωακεὶμ,
1020 1656 1213 1724 κόσμου
1240 1656 1296 1710 δὲ
1333 1653 1536 1728 ,δωπγ’.]
1583 1657 1719 1717 Quid
1752 1656 1851 1705 hoc
1884 1656 1960 1705 rei

123 1730 236 1780 est‘?
275 1731 354 1778 Ex
386 1730 671 1778 continuata
692 1746 866 1793 regum
896 1731 1013 1778 Iuda
1050 1731 1203 1794 serie,
1241 1737 1292 1778 et
1316 1729 1459 1776 annis
1483 1728 1664 1775 mundi
1690 1744 1807 1774 cum
1841 1727 1963 1789 pri-

122 1809 243 1851 vato
269 1801 508 1864 cuiusque
536 1800 665 1864 regis
695 1808 921 1866 tempore
958 1801 1180 1863 collatiS,
1216 1799 1460 1848 consultis
1491 1799 1764 1846 etiamnum
1796 1796 1960 1844 Chro-

122 1871 366 1935 nologicis
391 1872 588 1933 tabulis,
614 1871 820 1921 Eliacim
843 1871 998 1932 hunc,
1034 1871 1130 1919 alio
1156 1870 1355 1919 nomine
1382 1869 1578 1917 dictum
1601 1868 1799 1929 Ioacim‚
1825 1884 1958 1915 anno

122 1949 241 2009 post
270 1942 445 1989 mundi
465 1941 772 2006 principium
795 1941 950 1994 4884.
975 1959 1000 1988 a
1025 1941 1280 1990 Pharaone
1294 1939 1491 1988 Nechao
1519 1946 1816 2004 provectum
1839 1945 1960 1985 nota

124 2012 354 2077 superior
383 2012 630 2074 ostendit3
669 2020 754 2060 aut
777 2013 951 2059 saltem
972 2012 1130 2060 tribus
1146 2010 1351 2059 Ioachaz
1375 2010 1626 2058 mensibus
1640 2009 1793 2058 [osiae
1816 2007 1963 2056 annis.

125 2083 493 2148 comprehensis
509 2121 523 2146 ,
560 2083 734 2130 mundi
764 2085 919 2140 4883.
942 2091 1094 2146 prout
1107 2082 1255 2129 habet
1275 2089 1444 2128 textus
1459 2118 1472 2141 ,
1511 2080 1718 2129 Iudaeae
1742 2095 1820 2126 res
1844 2095 1959 2125 sus-

128 2155 312 2218 cepisse
349 2153 791 2213 administrandas,
849 2153 1119 2215 Georgium
1145 2152 1360 2200 scribere
1386 2151 1474 2214 qui
1498 2148 1656 2196 oculis
1678 2165 1781 2195 non
1804 2148 1960 2195 fuerit

127 2232 303 2289 captus
327 2224 585 2270 confestim
609 2221 878 2287 perspicit:
912 2221 997 2268 hic
1029 2239 1144 2270 vero
1173 2221 1348 2269 suimet
1375 2222 1524 2285 plene
1545 2219 1834 2278 immemor,
1873 2234 1958 2266 re-

129 2312 246 2343 cens
272 2294 579 2353 adinventis,
615 2309 679 2341 ne
704 2293 864 2340 dicam
891 2292 1086 2354 longius
1114 2291 1397 2356 productis,
1436 2306 1556 2354 quos
1591 2296 1707 2336 nota
1731 2288 1960 2353 superior

127 2365 371 2428 exagitat,
425 2364 699 2424 erroribus,
755 2378 940 2410 annum
985 2362 1170 2410 Ioacim
1212 2368 1443 2425 quartum
1487 2360 1540 2406 in
1582 2358 1755 2406 mundi
1804 2359 1961 2412 4888.

128 2434 554 2496 submovendum,
590 2433 644 2480 in
676 2440 984 2497 praesentem
1009 2433 1163 2485 4883..
1193 2448 1290 2495 quo
1319 2432 1535 2495 priunum
1566 2429 1726 2475 locari
1761 2444 1961 2476 necesse

128 2507 252 2567 fuit,
290 2506 527 2553 advocat:
566 2521 626 2551 ac
650 2520 714 2550 ne
735 2502 927 2550 incauti
948 2503 1079 2565 stylo
1106 2501 1334 2549 videatur
1354 2499 1439 2548 hic
1460 2515 1694 2549 numerus
1724 2499 1846 2546 salso
1873 2514 1958 2546 ex-

130 2577 308 2624 cidisse
326 2613 339 2637 ,
377 2592 440 2622 ex
473 2591 528 2622 eo
558 2574 699 2638 quasi
725 2581 834 2621 tuta
857 2580 907 2620 et
929 2572 1208 2637 probatiori
1237 2570 1425 2636 epocha
1454 2570 1665 2618 celebres
1689 2568 1809 2616 alias
1837 2585 1959 2633 epo-

131 2646 249 2694 chas
278 2654 327 2694 et
350 2662 597 2692 annorum
621 2661 835 2692 summas
849 2642 1083 2707 perioche
1101 2642 1248 2706 paulo
1270 2641 1476 2695 inferius
1498 2647 1791 2688 occurrente
1814 2639 1960 2687 litera

130 2718 191 2765 D.
225 2718 367 2765 cuius
391 2715 591 2762 initium
637 2714 938 2778 στοιχείωσις
962 2709 1174 2778 ἀκριβής
1201 2707 1302 2762 vind
1329 2714 1420 2762 τοῦ
1443 2706 1643 2777 πρώτου
1671 2708 1826 2768 ἔτους.
1867 2709 1958 2756 de-

132 2788 275 2835 ducit
307 2795 357 2834 et
384 2786 598 2834 ordinat.
672 2784 983 2846 Suffragatur
1014 2783 1229 2830 Authori
1262 2780 1515 2831 Librarius
1541 2780 1661 2830 adeo
1681 2817 1697 2841 ,
1730 2789 1789 2827 ut
1811 2796 1867 2826 eo
1891 2779 1959 2826 li-

132 2866 237 2920 cet,
286 2857 423 2921 quod
462 2855 710 2916 exaravit,
758 2853 1067 2919 autographo
1106 2853 1361 2917 scripserit
1397 2851 1581 2900 Ioacim
1619 2867 1748 2898 anno
1783 2848 1959 2897 mundi

133 2925 316 2998 ,danway-¹.
347 2927 409 2974 ad
441 2927 625 2990 regiam
663 2925 951 2988 dignitatem
987 2931 1302 2989 promotum,
1347 2921 1511 2987 quarti
1538 2930 1704 2969 tamen
1742 2919 1960 2968 eiusdem

134 2997 250 3046 anni
269 2998 323 3044 in
342 2997 513 3044 mundi
532 2998 686 3050 4883.
713 2994 971 3043 reiiciencli
991 2993 1144 3058 gratia
1162 2993 1364 3060 propria
1390 3009 1540 3043 manu
1562 2999 1612 3040 et
1633 2991 1804 3041 eodem
1827 2989 1959 3052 stylo

135 3067 422 3132 apposuerit
458 3063 577 3133 ’ὅπερ
609 3062 734 3116 navo?
767 3063 861 3130 τήν
894 3064 1234 3127 ὑποκειμένην
1269 3064 1602 3128 στοιχείωσιν,
1638 3078 1734 3125 qua
1770 3059 1962 3107 scilicet

136 3145 344 3202 quartus
375 3137 558 3186 Ioacim
591 3153 749 3183 annus
785 3136 839 3183 in
863 3135 1039 3184 mundi
1073 3138 1227 3187 4883.
1262 3134 1572 3193 continetur,
1611 3128 1794 3195 ὀφείλει
1831 3124 1961 3177 εἶναι

135 3203 276 3277 ,donst
314 3206 489 3254 mundi
526 3207 761 3254 nimirum
801 3206 953 3259 4880.
983 3215 1031 3254 et
1064 3205 1256 3269 primus
1289 3204 1469 3252 Ioacim
1506 3218 1678 3251 annus.
1749 3196 1962 3245 subiicit

136 3279 236 3326 ille.
307 3274 367 3326 ἰα’
404 3273 458 3326 δὲ
493 3277 607 3341 τρία
640 3275 722 3340 ἔτη
756 3280 910 3326 ταῦτα
944 3273 1004 3326 τοὶ
1038 3274 1365 3342 προτρέχοντα
1397 3274 1450 3324 ἐν
1483 3273 1646 3330 ποίοις
1673 3261 1963 3334 προσώποις

137 3347 448 3414 προσετέθη,
500 3342 797 3412 ἀγνοοῦμεν.
868 3346 1129 3395 Ariolabor
1161 3362 1275 3409 ego,
1324 3352 1372 3392 et
1408 3360 1498 3408 pro
1535 3348 1686 3405 captu
1715 3353 1961 3402 exponam

138 3420 193 3466 in
223 3416 557 3481 sequentibus,
595 3416 845 3464 Librarius
870 3418 956 3464 ille
982 3417 1044 3463 ad
1069 3416 1306 3464 Authoris
1331 3421 1541 3460 mentem
1566 3409 1818 3476 propriam
1846 3423 1961 3455 sen-

140 3488 347 3537 tentiam
372 3487 688 3552 expositurus
718 3487 1030 3553 septuaginta
1054 3485 1354 3553 captivitatis
1374 3499 1559 3543 annoS,
1593 3481 1754 3547 primo
1777 3478 1959 3527 Ioacim
