2222 3938
713 177 1310 258 ANNOTATIONES.
1806 173 1927 233 551

99 317 150 360 et
172 310 265 362 ΟΡ.
289 309 620 376 inauguratur
644 314 894 364 Pontifex.
940 315 1059 363 Post
1089 330 1276 363 annum
1298 311 1568 379 Nicephori
1590 311 1716 379 Imp.
1741 329 1934 365 nonum

97 381 331 432 Michaeli
369 383 586 447 Rangabi
625 393 820 450 sceptra
859 386 1154 434 deferuntur
1184 384 1512 446 moderanda,
1563 401 1696 432 anno
1728 382 1932 448 Christi,

97 460 159 505 ut
181 460 330 519 putat
351 453 676 525 Theophanes
702 457 820 510 804.
854 464 914 506 ut
931 455 1177 505 Baronius
1205 459 1325 510 812
1356 472 1454 520 quo
1483 453 1795 521 Nicephorus
1826 472 1934 504 no-

97 530 201 572 ster
226 523 513 572 Patriarcha
535 542 563 572 a
589 526 848 575 commissa
877 527 1141 591 dignitate,
1176 526 1338 591 Aprili
1364 526 1587 574 dicamus
1622 542 1812 589 mense,
1848 542 1932 574 se-

97 594 316 660 ptimum
345 595 511 659 coepit
534 612 806 647 recensere.
844 597 1014 645 Annos
1043 596 1276 645 nonnihil
1302 597 1491 645 duobus
1513 596 1680 646 minus
1702 596 1932 661 regnavit

96 663 336 713 Michael.
382 664 673 725 Michaelem
708 668 903 732 excepit
940 669 1038 716 Leo
1078 667 1335 716 Armenius
1363 685 1494 716 anno
1526 685 1589 716 ex
1611 666 1930 733 Theophanis

97 742 336 800 computo
361 737 480 788 806.
505 753 568 784 ex
590 738 792 786 Baronii
815 738 932 792 814.
967 738 1240 786 indictione
1269 738 1505 803 septima,
1543 755 1642 803 qua
1675 737 1930 804 Nicepho-

96 808 191 855 rus¹
211 821 398 853 annum
410 804 723 857 Praesulatu‘s
751 826 940 856 nonum
967 827 991 856 a
1009 809 1276 857 festivitate
1296 808 1519 858 Paschali
1535 809 1752 874 occepit·
1778 825 1932 873 quare

97 892 214 924 cum
239 893 394 924 annos
418 877 463 925 ei
486 895 665 928 novem
690 880 906 944 imputet
925 880 1279 945 Theophanes,
1316 879 1378 927 iis
1407 880 1609 927 nonnisi
1646 879 1926 944 completis,
1950 881 1998 926 P.
2028 880 2086 926 85

94 947 277 996 Leonis
315 948 567 1012 secundo,
607 949 792 998 Christi
818 951 880 999 ad
904 949 1219 1016 Theophanis
1244 966 1479 999 numeros
1502 953 1621 1004 807.
1646 950 1710 998 ad
1730 950 1931 1002 Baronii

97 1012 218 1071 815.
239 1017 530 1068 indictionis
561 1028 763 1070 octavae
789 1021 976 1087 Aprili,
1026 1021 1121 1069 ab
1108 1038 1216 1087 ipso
1243 1021 1404 1069 Leone
1427 1020 1666 1069 thronum
1689 1020 1931 1083 deserere,

94 1095 148 1137 et
183 1088 392 1136 exilium
428 1089 492 1138 ob
529 1090 679 1139 fidem
717 1108 830 1154 erga
868 1109 1032 1140 sacras
1051 1091 1285 1155 imagines
1320 1099 1564 1141 servatam
1591 1091 1699 1157 pati
1731 1099 1931 1139 coactus

94 1165 197 1207 estt
234 1159 415 1224 elapsis
454 1161 641 1228 quippe
668 1163 1067 1226 quadragesimae
1098 1162 1304 1224 diebus,
1350 1169 1398 1209 et
1433 1162 1525 1210 sub
1555 1161 1810 1211 Paschatis
1843 1179 1932 1210 so·

93 1229 276 1278 lemnia
298 1231 510 1280 eiectum
545 1240 754 1281 narrant
783 1232 1097 1299 Theophanis
1122 1233 1520 1296 continuatores,
1567 1249 1655 1281 suo
1687 1239 1928 1298 tempore,

94 1300 139 1349 si
172 1300 303 1349 Deus
341 1301 560 1366 dederit,
595 1303 651 1351 in
683 1303 848 1351 lucem
879 1303 1163 1353 emittendi:
1198 1302 1446 1367 iidemque
1475 1319 1643 1351 mense
1668 1303 1930 1352 Decembri

96 1387 229 1420 anno
266 1371 410 1419 iuxta
442 1371 793 1439 Theophanem
822 1391 851 1420 a
886 1373 1075 1422 Christi
1102 1381 1283 1422 exortu
1327 1377 1448 1427 812.
1485 1374 1625 1421 iuxta
1658 1373 1929 1424 Baronium

95 1444 219 1496 820.
244 1440 519 1491 indictione
549 1447 633 1497 13.
669 1445 883 1492 Leonem
905 1445 1174 1501 Armenum
1201 1451 1315 1510 post
1342 1443 1540 1508 imperii
1566 1461 1720 1492 annos
1740 1451 1928 1509 septem

95 1519 147 1560 et
179 1529 369 1565 menses
405 1515 678 1563 nonnullos
715 1515 936 1563 occisum
974 1516 1214 1564 referunt.
1295 1514 1432 1574 Quae
1463 1515 1731 1579 praecessit
1765 1522 1929 1562 autem

95 1583 382 1631 solemnitas
413 1583 663 1633 Paschalis
687 1585 803 1633 anni
825 1585 953 1633 sexti
977 1585 1030 1633 in
1053 1581 1204 1634 exilio
1225 1583 1457 1633 trahendi
1485 1584 1623 1633 dedit
1645 1583 1928 1650 Nicephoro

93 1653 384 1719 primordia.
453 1654 637 1704 Balbus
657 1655 745 1704 ille
768 1655 1007 1719 Michael,
1047 1655 1216 1704 occiso
1244 1657 1437 1718 Leone,
1471 1671 1497 1702 e
1522 1656 1840 1720 compedibus
1864 1655 1929 1705 acl

93 1723 332 1773 thronum
354 1725 594 1787 evolavit3
633 1733 683 1774 et
702 1734 819 1792 post
840 1743 995 1774 annos
1023 1734 1136 1774 octo
1165 1734 1215 1774 et
1240 1734 1430 1774 mens'es
1455 1725 1556 1774 sere
1575 1742 1756 1780 novem
1785 1725 1926 1787 obiit,

92 1802 341 1861 potestate
384 1795 662 1862 Theophilo
712 1796 818 1845 filio
860 1796 1043 1845 tradita
1090 1813 1256 1845 mense
1301 1795 1537 1859 Octobri,
1602 1813 1735 1844 anno⁴
1779 1812 1927 1860 quem

93 1865 419 1931 Theophanes
440 1875 670 1915 numerat
693 1884 720 1914 a
747 1866 943 1915 Christo
966 1873 1086 1915 nato
1114 1869 1235 1920 822.
1272 1867 1455 1930 quique
1477 1865 1690 1914 Baronio
1725 1865 1928 1914 nonnisi

95 1940 214 1991 829.
239 1943 478 2001 putatur,
517 1937 656 2002 quod
683 1937 817 1986 inter
841 1937 1008 2002 ipsum
1033 1944 1083 1985 et
1107 1935 1461 2001 Theophanem
1487 1937 1732 1984 mensium
1769 1936 1821 1990 4.
1859 1935 1928 1983 sit

93 2007 382 2069 dissidium,
418 2006 516 2055 hoc
548 2025 649 2055 una
681 2024 795 2056 cum
827 2007 1103 2056 indictione
1136 2025 1165 2054 a
1193 2006 1494 2072 Septembri,
1531 2007 1622 2054 illo
1646 2025 1672 2054 a
1694 2005 1927 2055 Ianuario

93 2078 213 2126 anni
239 2078 502 2126 decursum
524 2078 799 2126 emetiente.
870 2079 917 2126 Is
946 2085 1112 2126 autem
1138 2078 1222 2126 vel
1253 2078 1472 2125 Graecus
1500 2076 1662 2124 iniens
1678 2113 1692 2137 ,
1729 2076 1812 2124 vel
1835 2075 1924 2123 Iu-

91 2148 254 2196 lianus
278 2164 403 2212 pene
435 2147 718 2210 declinans,
753 2148 887 2196 idem
911 2155 1007 2210 est,
1043 2147 1130 2211 qui
1153 2154 1268 2212 post
1294 2163 1450 2194 annos
1479 2145 1860 2209 quatuordecim
1894 2162 1924 2192 a

91 2217 375 2283 Nicephoro
399 2217 453 2264 in
476 2218 616 2265 exilii
636 2218 998 2265 calamitatibus
1027 2224 1225 2265 exactos
1264 2214 1490 2282 (totidem
1515 2216 1644 2264 enim
1672 2222 1926 2264 enumerat

92 2289 311 2338 eiusdem
345 2288 557 2335 nominis
594 2287 918 2353 Theophanes
957 2287 1114 2350 alter,
1159 2286 1265 2334 eius
1299 2285 1536 2334 historiae
1566 2293 1614 2334 et
1639 2286 1924 2336 tralationis

93 2358 494 2425 compendiariae
527 2357 711 2406 author
749 2359 813 2406 ad
849 2357 1015 2406 Martii
1053 2357 1184 2406 diem
1223 2359 1306 2409 13.
1342 2356 1396 2403 in
1433 2356 1566 2405 Surii
1606 2353 1922 2422 collectione)

93 2429 366 2495 Nicephori
389 2436 546 2476 morte
569 2427 701 2476 Iunii
723 2431 806 2481 13.
846 2445 944 2492 quo
973 2428 1155 2476 festum
1184 2426 1288 2475 eius
1313 2426 1535 2474 Ecclesia
1571 2427 1759 2474 Graeca
1787 2426 1920 2474 cele-

91 2501 234 2564 brat,
270 2499 536 2563 insignitus
559 2499 672 2549 suit.
743 2499 970 2558 Quatuor
993 2514 1108 2561 ergo
1133 2497 1264 2544 solos
1292 2513 1480 2545 menses
1509 2504 1623 2550 ante
1643 2496 1784 2544 Balbi
1811 2497 1916 2544 ela·
1948 2506 1999 2550 V
2026 2505 2082 2552 78

93 2579 202 2620 tum
242 2572 418 2632 funus,
470 2577 521 2618 et
557 2567 835 2634 'lheophilo
875 2569 1093 2617 delatum
1132 2567 1392 2632 imperium
1437 2566 1756 2648 Nicephorus·
1782 2567 1919 2615 letho

95 2643 298 2691 functus
335 2647 439 2702 est,
487 2656 586 2704 quo
619 2648 866 2705 tempore,
912 2638 997 2688 vel
1029 2637 1229 2686 modico
1261 2644 1402 2703 post,
1440 2637 1635 2699 debuit,
1672 2637 1760 2702 qui
1794 2655 1922 2703 opus

93 2713 321 2762 manibus
345 2711 543 2775 excepit
565 2710 620 2757 in
641 2709 843 2758 titulum
873 2708 1140 2774 praefigere
1164 2707 1303 2775 μέχρι
1335 2701 1529 2775 χρόνων
1562 2677 1798 2773 Μιχαηλ,
1834 2708 1920 2758 καὶ

98 2784 347 2846 Θεοφίλου
378 2781 498 2832 υἷου
533 2776 717 2844 αὐτοῦ,
765 2779 902 2844 quod
943 2779 1084 2827 illius
1119 2778 1342 2844 auspicia
1388 2777 1580 2843 prima,
1626 2777 1764 2827 illius
1797 2794 1918 2828 vero

95 2854 245 2903 finem
283 2852 516 2901 ultimum
550 2852 656 2901 eius
692 2850 890 2905 Author
927 2849 1241 2916 Nicephorus
1289 2848 1576 2900 patriarcha
1614 2865 1743 2916 pene
1785 2865 1917 2898 con-

84 2924 330 2992 spuerit.
377 2972 379 2975 ,
