2222 3938
631 191 731 247 ET
767 189 1358 248 ANNOTATIONES.
1785 180 1912 243 479

214 320 340 389 Ἔπη
357 317 444 376 κε’.
472 323 565 374 τοῦ
589 319 643 373 δὲ
663 317 850 388 κόσμου
874 317 1039 392 ,13qu
1043 320 1086 388 ]
1127 321 1485 370 Chaldaeorum
1502 320 1642 385 regni
1665 320 1915 386 primique

93 411 264 444 eorum
301 395 429 458 regis
465 393 770 442 Nabonasari
805 395 1021 458 primum
1057 411 1242 442 annum
1267 411 1292 440 a
1321 391 1513 456 vulgari
1548 392 1722 440 mundi
1758 392 1915 445 4747.

85 465 451 531 auspicandum
475 471 648 512 monet
673 464 854 511 citatus
878 463 962 512 hic
985 464 1105 517 424.
1131 481 1375 512 annorum
1400 463 1636 525 calculus,
1671 462 1775 511 sive
1800 463 1916 510 Pto-

91 536 324 584 lemaicus
360 536 478 590 424.
519 551 762 583 annorum
801 536 996 596 Canon,
1034 534 1094 580 ab
1123 553 1234 583 aera
1258 535 1558 583 Nabonasari
1588 550 1784 582 sumens
1818 533 1915 580 ini-

91 606 237 668 tium,
265 614 313 654 et
333 606 387 654 in
413 613 622 654 mortem
650 605 923 652 Alexandri
948 605 1194 667 desinens,
1219 606 1274 652 in
1298 621 1482 652 annum
1506 604 1739 653 videlicet
1759 606 1913 658 5170.

93 684 244 741 quare
273 678 443 724 Canon
471 676 558 723 ille
579 675 697 729 424.
722 692 966 723 annorum
1001 694 1029 722 a
1060 677 1234 724 mundi
1259 676 1413 729 4747.
1438 675 1650 741 primam
1677 675 1915 722 decursus

92 747 331 811 originem
357 746 574 812 accepit:
613 747 915 811 eundemque
939 763 1199 794 numerum
1220 746 1417 794 Author
1438 747 1545 811 ipse
1567 746 1627 794 de
1651 743 1915 794 Ptolemaei

93 818 292 865 Canone
332 818 573 865 disserens
606 817 815 864 inferius
840 834 947 881 pag.
981 821 1099 869 206.
1132 818 1186 864 D.
1213 834 1317 864 non
1356 817 1505 864 semel
1542 816 1915 880 conscripturus

84 895 181 937 est.
216 888 339 936 Inde
362 887 719 936 Nabonasaraei
745 889 847 935 sive
861 887 1213 935 Salmanasaris
1236 886 1373 951 regni
1391 887 1475 940 25.
1498 887 1740 935 duntaxat
1762 903 1916 933 annos

90 974 280 1023 repono
298 995 314 1020 ,
347 975 589 1024 paresque
624 957 822 1006 Author
848 959 903 1005 in
928 958 1138 1005 Canonis
1170 958 1533 1022 Ecclesiastici,
1571 974 1718 1022 quem
1743 956 1917 1021 sequi-

83 1037 202 1092 tur,
240 1029 400 1095 capite
424 1028 696 1077 conscribit
727 1045 837 1093 pag.
858 1031 977 1082 208.
1004 1029 1060 1075 D.

214 1095 360 1160 1’Ἠτις
386 1099 589 1167 γέγονεν
613 1093 870 1166 ἀρχομένῳ
892 1095 946 1155 ς’.
972 1098 1066 1148 ἔτει
1089 1092 1342 1162 Ἐζεκίου]
1382 1097 1532 1157 Quod
1552 1098 1781 1162 frequens
1813 1096 1916 1144 ani-

80 1169 359 1232 madverti,
396 1172 714 1235 importunus
737 1170 962 1230 inculco,
1000 1168 1271 1216 Authorem
1303 1168 1454 1216 variis
1492 1185 1634 1216 usum
1666 1168 1833 1230 libris,
1867 1174 1915 1215 et
1943 1165 2001 1211 V.
2020 1165 2079 1213 52

88 1241 394 1289 variantibus
408 1240 632 1288 admissis
656 1241 711 1287 in
740 1239 925 1305 scripta
942 1239 1157 1286 numeris
1185 1256 1309 1304 opus
1334 1239 1622 1303 impolitum
1644 1239 1918 1303 reliquisse.

88 1310 226 1360 Hinc
262 1328 493 1376 praesens
521 1311 825 1358 calculorum
857 1309 1196 1375 perturbatio,
1235 1318 1285 1357 et
1316 1310 1559 1374 explosis,
1596 1310 1682 1374 qui
1718 1310 1917 1357 demum

84 1389 360 1430 <occurrunt
379 1382 639 1448 approbati
663 1380 891 1439 calculis,
930 1397 991 1428 ex
1025 1381 1125 1427 illis
1155 1380 1207 1426 in
1229 1380 1351 1428 istos
1374 1381 1676 1428 desultorius
1702 1379 1918 1444 scripto-

87 1452 158 1501 ris
185 1452 399 1500 eiusdem
423 1454 659 1501 incessus.
721 1452 791 1498 Ut
824 1451 977 1514 igitur
994 1449 1252 1498 Manahem
1283 1468 1438 1499 annos
1461 1451 1696 1498 nonnulli
1722 1450 1918 1498 codices

89 1522 352 1572 duodecim
388 1530 595 1588 putant,
648 1528 698 1570 et
735 1521 821 1569 alii
862 1521 1027 1568 decem
1039 1539 1053 1583 ;
1107 1521 1180 1569 ita
1211 1519 1398 1569 Phacee
1437 1538 1592 1568 annos
1628 1525 1707 1575 18.
1730 1521 1810 1569 vel
1833 1525 1917 1574 20.

88 1593 390 1658 quibusdam
425 1593 682 1642 codicibus
723 1591 1113 1654 assignantibus,
1161 1591 1247 1638 alii
1287 1609 1400 1638 cum
1439 1591 1664 1640 Authore
1704 1591 1767 1639 ad
1803 1598 1917 1638 octo

89 1681 239 1729 supra
277 1664 453 1727 viginti
497 1680 740 1712 summam
774 1679 947 1711 eorum
982 1664 1162 1711 volunt
1200 1662 1452 1726 attingere.
1527 1663 1604 1710 Ita
1635 1661 1919 1710 desultoriis

86 1733 227 1782 hisce
268 1736 473 1784 calculis
511 1734 752 1798 Georgius
789 1732 950 1796 ludit,
1000 1732 1140 1797 quasi
1169 1732 1531 1797 spectatoribus
1567 1733 1782 1781 illudere
1817 1747 1919 1781 vo-

86 1805 253 1854 luerit.
1375 1838 1378 1842 ,

212 1872 380 1926 ’Έτεσι
408 1873 463 1925 δὲ
487 1871 590 1940 σξ’.]
637 1877 801 1941 Τριῶν
824 1871 1054 1922 videlicet
1093 1866 1335 1933 δεόντων,
1370 1872 1533 1920 tribus
1559 1871 1740 1920 minus.
1777 1871 1920 1920 Iero-

85 1944 231 1994 boam
259 1947 446 2012 quippe
471 1945 752 2011 tyrannidis
777 1944 975 1992 initium
1005 1961 1033 1990 a
1056 1942 1234 1990 mundi
1259 1942 1412 1996 4513.
1436 1943 1640 1992 ineunte
1668 1941 1920 1990 numerari

76 2017 283 2082 coepit,
335 2025 383 2064 et
428 2017 576 2064 desiit
610 2032 815 2080 regnum
863 2015 1018 2063 Israel
1059 2031 1188 2061 anno
1226 2031 1253 2061 a
1290 2013 1467 2061 mundi
1521 2014 1728 2062 conditu
1762 2012 1917 2066 4769·

85 2085 205 2135 Tres
236 2088 407 2152 itaque
438 2105 466 2135 a
503 2092 623 2142 260.
659 2087 1018 2135 desiderantur.
1089 2085 1228 2132 Idem
1261 2084 1558 2132 confirmant
1592 2091 1743 2132 notae
1777 2083 1920 2130 infe-

82 2171 255 2206 nores.

225 2223 369 2277 Κατοέ
394 2224 448 2277 δὲ
473 2226 729 2293 Εὐσέβιον
755 2220 943 2293 Ιδυνόἲ]
982 2224 1067 2271 Sic
1088 2223 1175 2271 ille
1201 2231 1497 2274 numeraret.
1534 2224 1579 2272 A
1602 2222 1780 2271 mundi
1803 2229 1919 2271 ortu

85 2297 150 2345 ad
177 2297 424 2345 Abraham
444 2297 572 2344 diem
596 2297 809 2345 natalem
835 2296 952 2343 anni
968 2293 1130 2348 3184.
1156 2294 1568 2360 intercipiuntur,
1603 2310 1667 2343 ex
1689 2310 1788 2358 quo
1814 2302 1913 2342 ter·-
1935 2290 1988 2335 P·
2018 2291 2076 2336 57

72 2367 220 2417 mino
249 2368 313 2416 ad
339 2369 463 2415 Osee
487 2367 639 2415 finem
660 2372 820 2421 1270.
844 2373 1102 2431 putantur.
1176 2365 1376 2412 Summa
1403 2365 1561 2419 4454.

228 2435 368 2506 Πρός
389 2435 447 2489 τό
473 2432 527 2496 ς’.
549 2433 801 2501 Ἐζεκίου]
837 2439 983 2484 Anno
1008 2436 1117 2483 Ioas
1145 2435 1306 2500 primo
1335 2436 1391 2482 in
1416 2434 1588 2484 mundi
1612 2432 1921 2499 superiorem

86 2517 291 2571 evecto,
330 2526 386 2557 eo
416 2508 553 2573 quod
580 2507 844 2556 Gotholiae
869 2523 1114 2555 annorum
1139 2510 1190 2560 8.
1211 2505 1426 2570 spatium
1450 2506 1505 2553 in
1531 2505 1712 2553 tabulis
1732 2504 1920 2553 vitiatis

72 2596 346 2645 >perperam
375 2596 664 2627 concessum
689 2578 784 2639 sit,
819 2578 1025 2626 Ezeciae
1046 2585 1217 2625 sextus
1248 2594 1405 2624 annus
1441 2576 1601 2624 iniens
1635 2575 1759 2623 Osee
1783 2591 1918 2623 nono

74 2650 292 2698 obeunti
315 2650 599 2716 respondet.
634 2649 917 2697 Recolenda
940 2665 1064 2713 quae
1088 2648 1151 2695 ad
1181 2646 1444 2695 Gotholiae
1466 2653 1675 2694 aetatem
1700 2645 1848 2696 dicta.

223 2722 339 2785 Pag.
377 2720 499 2775 205.
537 2715 817 2788 Ἀσορδοῖν.]
844 2719 958 2781 ‘Qui
991 2718 1307 2767 Assaraddon
1331 2718 1379 2772 4.
1426 2719 1617 2782 Regum
1650 2716 1801 2783 capit.
1837 2718 1919 2770 19.

81 2806 132 2840 v.
167 2790 362 2842 ultimo.

227 2859 340 2929 Πρό
366 2855 453 2920 ἦς’.
476 2861 599 2913 ἐτῶν
619 2857 1047 2927 καθαιρεθείσης]
1085 2859 1268 2907 Everso
1294 2845 1616 2922 Sardanapali
1639 2864 1800 2906 morte
1826 2855 1916 2903 As-

74 2930 332 2996 syriorum
357 2931 566 2998 imperio
597 2950 727 2980 anno
755 2933 909 2986 4675.
947 2931 1259 2979 salmanasar
1291 2937 1455 2976 autem
1478 2929 1614 2994 apud
1642 2927 1913 2976 Chaldaeos

83 3018 217 3049 anno
256 3003 412 3056 4747.
444 3011 731 3068 reparante,
771 3004 858 3067 qui
895 3002 980 3063 fit,
1016 3008 1073 3048 ut
1115 3000 1247 3048 inter
1275 2998 1635 3048 Chaldaeorum
1667 2999 1915 3063 inceptam

84 3071 372 3120 felicitatem
408 3081 456 3120 et
490 3075 805 3139 Assyriorum
834 3073 1032 3122 ruinam
1058 3071 1227 3136 plures
1252 3070 1561 3135 septuaginta
1588 3069 1778 3119 duobus
1819 3084 1912 3113 an-

83 3159 176 3190 nos
203 3141 402 3190 Author
424 3145 714 3193 recenseat?
763 3145 926 3210 Ipsius
955 3142 1315 3191 Chaldaeorum
1336 3141 1635 3207 reparatoris
1658 3139 1913 3186 Salmana—

84 3229 166 3261 sar
190 3212 428 3261 nimirum
453 3230 610 3263 annos
635 3216 718 3269 25.
745 3222 1018 3264 memorato
1034 3230 1241 3261 numero
1260 3212 1501 3260 includit:
1529 3211 1663 3259 unde
1686 3215 1735 3255 et
1761 3206 1911 3254 Chal-

85 3283 324 3331 daeorum
380 3299 553 3346 regum
604 3286 902 3334 laterculum
959 3302 987 3332 a
1033 3284 1253 3332 secundo
1301 3300 1472 3332 eorum
1509 3280 1662 3330 Nabio
1700 3276 1911 3325 inferius

83 3369 197 3419 pag.
235 3357 356 3407 209.
389 3352 632 3403 instituit:
669 3356 830 3404 Unius
866 3372 987 3404 vero
1016 3355 1134 3403 anni
1169 3354 1408 3402 excedens
1432 3351 1618 3400 mentio
1642 3365 1704 3395 ex
1731 3364 1786 3395 eo
1823 3354 1913 3409 est,

87 3422 225 3487 quod
253 3423 564 3473 Salmanasar
589 3442 718 3474 anno
748 3427 904 3481 4746.
940 3442 1149 3491 regnum
1183 3424 1452 3491 suscepisse
1489 3420 1706 3486 scriptus
1741 3417 1910 3478 fuerit,

89 3494 153 3543 de
179 3510 279 3559 quo
304 3494 540 3545 nonnihil
561 3496 807 3563 superius.
