2112 3854
231 137 312 199 58
1027 146 1251 203 GOARI

237 277 428 328 Christi
452 280 502 326 in
532 295 729 342 corpore
752 295 846 325 sao
873 286 1090 341 portans
1106 300 1136 341 ,’
1157 287 1264 327 tam
1275 296 1374 344 pro
1381 277 1516 344 fidei
1539 279 1851 340 constantia,
1888 294 2043 342 quam
2110 326 2112 328 ,

223 367 322 414 pro
357 351 637 397 multarum
668 351 912 398 virtulum
947 350 1260 414 insignibu8‚
1279 360 1499 400 'sanctae
1539 351 1802 397 memoriae
1838 350 2043 396 Tarasii

232 421 426 484 Regiae
467 419 608 466 urbis·
651 419 918 467 Praesalis
951 421 1205 483 :Syncellas
1239 420 1440 486 effeetus
1476 429 1564 469 est.
1645 418 1747 469 Sed
1781 437 1841 466 ne
1877 419 2043 466 multa

223 494 535 556 prosequar,
571 490 800 553 sufficere
818 489 1063 553 arbitror,
1094 489 1169 538 ad
1174 494 1505 556 praeconiam
1529 492 1663 549 eiu-3,
1701 487 1842 555 quod
1862 505 1898 536 a
1922 487 2044 545 Sede

232 560 542 625 approbata-9
579 561 647 607 sit
693 559 1025 624 Apostolica:
1075 560 1278 627 quando
1319 564 1508 611 scilicet
1553 561 1752 609 Vicani
1788 561 1899 607 eiua·
1936 574 2043 607 una

233 649 348 678 cam
387 631 614 677 trecentis
650 632 1029 695 quinquaginta
1063 633 1310 681 Patribus·
1351 635 1407 680 in
1444 634 1638 681 N'c'caea
1676 629 1796 679 urbe
1826 627 2042 679 secundo

227 703 561 749 convenientes
581 702 912 749 universalem
936 702 1193 766 Synodum
1211 703 1550 752 eelebrarzmt:
1585 699 1836 766 siquidem
1858 709 1903 747 et
1924 700 2045 748 lau-5

228 774 339 819 eius
370 774 424 818 in
448 769 622 818 eodem
636 774 848 836 septimo
872 782 917 820 et
944 783 1118 822 sancto
1149 777 1359 822 concilio
1386 774 1648 838 repetitur.
1720 771 1854 831 Quot
1887 787 2044 818 annos

228 849 345 921 post
376 841 597 889 habitam
630 843 886 906 Synodum
927 845 1262 910 superaverit,
1309 845 1690 910 incompertum.
1762 842 1905 889 Certe
1939 856 2043 888 non

227 911 326 961 nisi
352 911 549 961 Tarasio
578 929 604 965 e
637 913 768 962 vivis
796 914 1016 976 sublato,
1053 914 1157 964 eius
1193 915 1427 964 nimirum
1465 914 1640 964 mortis
1687 918 1738 962 et
1774 909 2044 976 Nicephori

227 982 524 1032 successoris
551 1000 680 1031 anno
709 984 880 1048 tertio,
918 986 1001 1050 qui
1027 986 1258 1051 Syncello
1282 984 1350 1053 13)
1383 985 1481 1051 ipsi
1506 986 1565 1033 ab
1591 985 1707 1032 orbe
1734 981 1935 1030 condito
1970 997 2043 1029 se-

226 1053 334 1103 xies
356 1053 640 1102 millesimus
672 1062 720 1102 et
742 1062 818 1104 ter
845 1056 1164 1119 centesimus,
1202 1075 1229 1104 a
1256 1055 1437 1106 Christi
1467 1054 1706 1105 natalitiis
1734 1053 2042 1116 octingente-

227 1124 401 1186 simus,
439 1132 489 1172 et
519 1142 580 1172 ex
614 1124 814 1173 certiori
852 1123 1045 1175 calculo
1082 1131 1186 1181 792
1210 1135 1520 1189 numeratur,
1557 1123 1816 1191 scriptioni
1843 1139 2042 1171 manum

227 1194 527 1257 admovisse,
563 1195 668 1260 ipse
699 1196 839 1243 testis
875 1204 947 1244 est
983 1196 1301 1246 certissimus.
1373 1197 1522 1256 Quod
1550 1204 1711 1244 autem
1744 1192 2043 1259 scriptionis,

229 1282 378 1330 quam
406 1265 460 1313 id
490 1265 729 1331 temporis
765 1267 1025 1326 exarabat,
1060 1267 1351 1329 terminum,
1390 1265 1607 1315 eiusdem
1636 1264 1821 1329 scripta
1852 1279 2042 1311 memo-

225 1344 342 1385 rent
359 1336 418 1382 ab
444 1335 578 1383 orbis
605 1335 814 1383 conditu
837 1337 976 1390 6352
1013 1343 1060 1384 et
1084 1336 1389 1387 Christianae
1406 1336 1574 1385 salutis
1594 1336 1696 1390 852
1718 1332 1787 1402 l4)
1802 1371 1816 1396 ,
1850 1332 2043 1382 librar-ii
2102 1347 2107 1353 ·

226 1423 445 1455 errorem
477 1405 614 1453 haud
649 1406 871 1471 Syncelli
911 1414 1117 1455 aetatem
1153 1415 1393 1472 arguunt,
1433 1406 1518 1471 qui
1559 1406 1720 1455 virilis
1751 1405 1920 1453 saltem
1958 1419 2042 1452 ae·-

225 1477 340 1524 tatis
369 1485 418 1525 et
447 1476 708 1540 Presbyter
733 1485 1074 1540 consecratus,
1114 1477 1365 1527 exhaustis
1396 1494 1497 1526 non
1534 1477 1674 1526 brevi
1700 1484 1924 1540 tempore
1948 1491 2043 1539 pro

226 1548 324 1595 fide
344 1546 527 1595 tuenda
550 1547 800 1595 laboribus
826 1546 893 1611 15)
907 1584 921 1610 ‚
963 1547 1175 1596 concilio
1197 1549 1239 1597 Ν
1245 1549 1411 1596 icaeno
1442 1547 1708 1613 posteriori
1731 1546 1890 1597 adfuit
1911 1561 2057 1592 anno1

227 1622 392 1679 6279,
427 1636 455 1665 a
489 1634 588 1682 quo
627 1617 805 1665 deinde
851 1619 1188 1684 praeterlapso
1232 1619 1310 1679 ad
1340 1623 1508 1680 6300,
1549 1635 1645 1683 quo
1680 1634 1732 1666 se
1768 1615 2043 1664 scribendis

229 1688 488 1738 Chronicis
521 1687 742 1750 addixit,
778 1705 1023 1737 annorum
1056 1689 1232 1753 viginti
1264 1698 1312 1738 et
1346 1688 1494 1737 unius
1521 1688 1706 1754 spatio,
1742 1693 1858 1752 post
1887 1702 2043 1733 annos

228 1759 354 1806 duos
380 1767 429 1808 et
467 1758 848 1823 quinquaginta,
885 1760 983 1807 nisi
1010 1760 1325 1809 centesimum
1362 1761 1509 1823 longe
1534 1764 1901 1824 praetervectus
1935 1773 2044 1804 me-

180 1845 186 1852 ‘
224 1829 362 1879 dium
383 1830 527 1878 illum
547 1830 792 1879 Historiae
816 1838 1012 1878 textum
1037 1832 1278 1895 attingere
1297 1848 1400 1879 non
1418 1829 1611 1896 potuit:
1650 1844 1860 1894 cumque
1876 1825 2044 1875 Theo-

223 1900 411 1967 phanes
432 1900 633 1966 insuper
656 1900 791 1949 vitae
812 1909 1058 1966 superstes
1081 1910 1128 1950 et
1153 1902 1315 1967 operis
1337 1900 1553 1966 suscepti
1577 1899 1896 1948 continuator
1915 1898 2044 1946 Leo-

223 1972 303 2020 nis
328 1971 548 2020 Armenii
581 1978 872 2037 tempestate
905 1971 1088 2020 Christi
1117 1976 1234 2026 818.
1271 1970 1341 2039 (et
1375 1989 1437 2021 ex
1471 1969 1783 2051 Theophanis
1808 1968 1966 2035 ipsius
1994 1975 2044 2016 et

226 2043 425 2107 Georgii
461 2042 681 2107 Syncelli
714 2050 949 2108 computo
980 2043 1120 2108 826.)
1158 2060 1184 2091 e
1217 2043 1347 2092 vivis
1388 2042 1685 2105 excesserit,
1722 2058 1818 2106 qua
1851 2039 2068 2089 ratione'

226 2114 465 2177 Georgius
504 2120 666 2162 morte
690 2121 980 2179 praereptus
1018 2114 1082 2161 ad
1116 2114 1220 2168 852
1258 2114 1493 2176 evolarit‚
1531 2112 1777 2160 incertum
1822 2109 2042 2158 omnino.

223 2184 557 2233 Excedentem
589 2200 833 2232 annorum
856 2185 1213 2249 quinquaginta
1247 2202 1486 2233 summam
1510 2179 1626 2252 ςτβ’
1647 2183 1727 2232 vel
1752 2176 1889 2251 φιβ’
1915 2179 2042 2241 vice,

224 2255 483 2303 librarium
508 2249 655 2324 ςτνβ’
680 2255 1012 2317 substituisse,
1048 2257 1243 2312 nullus„
1276 2263 1334 2304 ut
1354 2272 1480 2318 reor,
1509 2255 1700 2319 sapiens
1723 2232 2044 2299 inficiabitur.

352 2325 564 2389 Georgii
588 2325 823 2390 Syncelli,
860 2327 993 2391 quod.
1015 2326 1242 2391 reliquit,
1280 2343 1405 2391 opus
1430 2333 1516 2387 est,
1555 2342 1702 2404 quam
1725 2323 1926 2389 publico
1949 2322 2043 2370 da-

221 2413 359 2459 111113,
398 2395 821 2477 Chronographia.
895 2398 964 2445 Ea
991 2397 1232 2445 duntaxat
1262 2397 1422 2444 oculis
1459 2395 1705 2460 exposita,
1744 2395 1882 2443 velut
1906 2392 2043 2455 ignes

220 2467 455 2515 nocturni
480 2484 570 2531 pel
601 2473 764 2515 a'erem
787 2467 1078 2530 volitantes,
1117 2475 1166 2516 et
1198 2467 1473 2516 errabunda
1497 2467 1657 2515 sidela
1686 2464 1814 2512 visui
1847 2479 1938 2542 per
1963 2470 2043 2509 te—

223 2537 400 2586 nebras
423 2537 682 2584 illudentia
708 2538 823 2585 solis
851 2539 1070 2586 adventu
1093 2537 1469 2602 extinguuntur,
1496 2538 1565 2585 ita
1579 2552 1698 2600 quae
1723 2553 1748 2580 a
1772 2533 1922 2582 valiis
1950 2549 2044 2580 au·-

227 2607 447 2655 ctoribus
486 2607 617 2655 circa
645 2608 840 2669 Georgii
870 2609 1113 2673 Syncelli,
1150 2608 1490 2674 Theophanis,
1529 2605 1726 2670 Georgii
1749 2603 2044 2666 Hamartoli,

225 2678 536 2742 aliorumque
568 2677 754 2742 scripta
777 2645 1188 2727 hallucinationes
1214 2687 1396 2728 temere
1423 2642 2043 2739 subortaebsunt‚ope1is‚

224 2749 460 2813 inquam,
496 2747 637 2795 istius
659 2748 739 2796 vel
771 2749 924 2795 unico
953 2749 1138 2796 intuitu
1159 2750 1213 2796 in
1238 2758 1443 2798 ventum
1475 2757 1521 2795 et
1545 2748 1705 2795 fumos
1731 2752 2040 2796 evanescent.

225 2820 441 2867 Cunctas
474 2818 685 2866 Allatius
714 2818 970 2882 diligenter
997 2820 1348 2884 pertractavit:
1392 2836 1485 2867 nec
1518 2816 1864 2882 repetendum,
1908 2815 2044 2879 quod

226 2908 254 2941 a
281 2889 551 2955 praestanti
574 2897 989 2954 praeoccupatum
1014 2890 1226 2951 iudicio,
1263 2891 1348 2938 sed
1374 2889 1509 2954 quod
1533 2888 1767 2937 discussit
1796 2902 2042 2935 commen-

223 2960 445 3008 dandum
491 2960 769 3020 studiosus,
821 2969 869 3008 et
916 2961 1052 3025 quod
1107 2961 1310 3025 scripsit
1362 2959 1615 3025 operosius
1671 2957 2041 3024 perlegendum.

225 3032 392 3080 Unum
416 3029 544 3091 dico,
584 3030 781 3092 Georgii
802 3031 1019 3096 Syncelli
1043 3049 1167 3096 opus
1189 3039 1261 3079 est
1280 3032 1430 3093 istud,
1455 3047 1547 3078 nec
1564 3028 1856 3089 Hamartoli,
1885 3028 1924 3074 T
1926 3026 2043 3074 heo-

224 3100 433 3168 phanis,
467 3101 550 3150 vel
575 3100 772 3163 Georgii
797 3103 942 3149 etiam
966 3103 1167 3151 alterius
1189 3101 1407 3167 Syncelli
1430 3102 1614 3165 scripta
1639 3118 1752 3148 cum
1775 3099 1916 3145 istius
1935 3114 2043 3145 mo-

225 3180 464 3220 numento
501 3172 768 3236 praecipuo
806 3182 988 3220 temere
1029 3172 1392 3222 confundenda.
1480 3171 1666 3218 Habeat
1704 3168 2039 3230 Hamartolus,

224 3242 546 3309 Theophanes
579 3239 674 3307 16),
722 3249 770 3289 et
812 3244 1054 3307 Georgius
1088 3244 1232 3291 etiam
1271 3243 1530 3308 Syncellus
1572 3242 1697 3289 alter
1731 3239 2040 3307 (manifestus

216 3428 220 3431 ·
284 3409 360 3464 13)
382 3409 489 3465 rag.
510 3411 539 3454 3
559 3392 616 3454 ‘et
640 3411 681 3451 6.
775 3406 982 3466 14)Pag.
1007 3410 1179 3454 207213.
1260 3410 1346 3464 ¹15)
1375 3408 1445 3452 Ex
1471 3408 1748 3463 Theophane.
1841 3408 1919 3463 16)
1944 3405 2040 3449 Lib.

336 3469 375 3510 2.
400 3469 523 3523 epist.
548 3468 721 3511 CLVII.
1682 3507 1685 3509 ,
