2112 3854
480 952 643 1021 Viri
695 949 1130 1038 doctissimi,
1182 951 1614 1047 amplissimi

141 1261 425 1348 Maximas
457 1299 607 1349 Vobis
646 1299 827 1364 gratias
865 1299 1005 1349 Musa
1048 1299 1285 1349 historiae
1319 1299 1464 1348 debet
1483 1337 1496 1361 ,
1545 1299 1681 1364 quod
1715 1299 1962 1364 praemiis,

138 1369 296 1435 gloria
316 1371 478 1420 Vestri
491 1372 698 1452 ‘imperii
719 1369 896 1434 dignis,
932 1371 1097 1418 studia
1125 1372 1434 1420 eruditorum
1459 1370 1522 1419 ad
1541 1371 1833 1430 doctrinam,
1866 1387 1898 1417 n
1908 1388 1966 1416 0-

139 1450 243 1490 stra
268 1449 425 1490 aetate
450 1442 596 1489 nimis
621 1442 925 1503 neglectam,
960 1442 1224 1491 revocatis.
1300 1441 1637 1506 Clzronologia
1680 1442 1770 1489 lux
1808 1440 1966 1488 histo-

138 1513 240 1561 riae
269 1511 370 1558 dici
391 1520 584 1590 pot-est:
622 1529 735 1558 nam
760 1511 828 1573 si,
865 1519 1142 1574 quaegesta
1163 1520 1309 1573 sunt,
1346 1512 1628 1575 promiscue
1653 1519 1703 1559 et
1733 1512 1837 1559 sine
1877 1528 1963 1559 or-

140 1582 256 1631 dine
278 1581 516 1646 temp01is
541 1599 633 1628 nar
635 1599 738 1642 res,
775 1580 968 1627 animus
987 1582 1237 1645 permixta
1262 1598 1342 1629 rer
1348 1599 1428 1627 um
1454 1583 1599 1629 turba
1623 1583 1692 1627 ita
1721 1581 1964 1643 obruitur,

138 1661 198 1701 ut
218 1655 452 1716 tanq‘uam
472 1651 524 1698 in
551 1651 767 1699 tenebris
787 1650 989 1699 fluitans
1013 1650 1140 1698 nihil
1167 1651 1448 1699 discernere
1476 1668 1569 1699 nec
1602 1659 1769 1699 tenere
1807 1659 1966 1715 queat.

138 1722 331 1772 Nostris
359 1722 558 1786 quidem
579 1721 882 1786 temporibus
904 1721 1062 1769 omnis
1086 1738 1164 1770 res
1191 1721 1540 1784 chronologica
1560 1721 1695 1770 haud
1728 1721 1967 1786 impedita

137 1794 298 1845 videri
322 1800 502 1858 potest,
540 1793 773 1857 quoniam
800 1799 848 1839 et
870 1792 1048 1840 modus
1069 1793 1188 1839 anni
1213 1792 1637 1840 observationibus
1666 1791 1967 1840 astronomi-

141 1865 214 1913 cis
240 1864 413 1912 finitus
440 1871 540 1926 est,
579 1871 627 1910 et
662 1879 905 1911 annorum
941 1880 1177 1911 numerus
1203 1880 1230 1909 a
1269 1870 1404 1911 certo
1439 1863 1677 1928 temporis
1715 1862 1966 1927 principio

142 1935 405 1999 colligitur.
430 1961 502 1972 —
546 1935 712 1998 Longe
736 1950 857 1982 vero
883 1934 1005 1981 aliae
1031 1942 1172 1982 erant
1201 1934 1564 1998 Clzronologiae
1585 1933 1801 1981 rationes
1826 1931 1972 1997 apud

75 2024 84 2034 ⁸
142 2008 406 2071 antiquos:
455 2021 616 2069 neque
654 2021 770 2053 vera
805 2004 924 2051 anni
974 2005 1238 2068 longitudo
1275 2012 1527 2069 comperta
1564 2011 1695 2066 erat,
1742 2020 1904 2067 neque
1940 2021 1968 2049 a

141 2084 276 2125 certo
305 2076 556 2141 principio
593 2092 747 2123 annos
782 2075 1137 2129 numerabant5
1173 2075 1294 2140 quid
1322 2075 1493 2138 quod?
1529 2092 1591 2122 ne
1623 2075 1686 2122 ad
1723 2090 1967 2122 annorum

140 2147 339 2212 quidem
360 2163 620 2194 numerum
648 2163 726 2193 res
753 2153 911 2209 gestas
950 2146 1175 2209 digerere
1199 2147 1351 2194 moris
1378 2153 1507 2194 erat:
1545 2146 1607 2193 ad
1633 2162 1826 2208 regum,
1864 2162 1967 2191 ma·

137 2219 433 2282 gistratuum
447 2257 461 2280 ‚
497 2216 791 2281 pontificum
813 2224 1011 2281 tempus
1036 2234 1113 2264 eas
1135 2217 1428 2265 referebant.
1451 2243 1520 2253 -
1554 2217 1724 2280 Itaque
1746 2215 1800 2262 in
1823 2222 1965 2278 gente

142 2291 453 2336 Graecorum
487 2287 691 2351 quaevis
725 2287 1011 2351 respublica
1041 2305 1176 2335 suam
1201 2286 1582 2350 Chronologiam
1624 2294 1831 2349 sequuta
1865 2292 1963 2332 est:

138 2359 464 2406 Athenienses
482 2374 650 2405 rerum
677 2365 924 2420 gestarum
952 2365 1147 2422 tempus
1168 2356 1487 2405 Arclcontum
1513 2357 1793 2404 nominibus
1809 2393 1821 2416 ,
1860 2358 1967 2402 La-

139 2428 450 2476 cedaemonii
469 2428 805 2492 Ephororum,
840 2426 1031 2492 Argivi
1049 2428 1190 2474 annis
1198 2429 1565 2492 staminiarum
1591 2428 1805 2473 Iunonis
1829 2425 1968 2472 finie-

138 2500 279 2550 bant.
353 2495 654 2567 (Evolvatur
678 2499 792 2545 loco
821 2499 1039 2545 omnium
1074 2496 1388 2561 Thucydides·
1420 2498 1560 2544 initio
1592 2496 1711 2544 libri
1736 2495 1966 2543 secundi:

137 2570 362 2632 Bellum,
403 2569 601 2627 scribit,
638 2567 1011 2615 Atheniensium
1043 2577 1091 2615 et
1124 2568 1510 2633 Peloponnesi01
1515 2585 1597 2615 um
1631 2566 1846 2631 incepit,
1886 2565 1967 2616 ἐπι

143 2641 393 2730 Χρυσίδος
427 2639 480 2691 ἐν
502 2637 676 2721 ’Ἀργει
704 2634 815 2688 τότε
846 2634 1157 2703 πεντήκοντα
1189 2639 1332 2689 δυοῖν
1359 2637 1533 2688 δέοντα
1568 2638 1652 2702 ε’τη
1682 2635 1968 2720 ἱερωμένης,

140 2710 226 2761 καὶ
255 2711 501 2797 Alvnot'pv
525 2704 743 2775 Ἐφόρου
765 2708 818 2759 ἐν
842 2704 1049 2778 Σπάρτῃ
1069 2747 1083 2770 ,
1118 2707 1204 2759 καὶ
1229 2704 1550 2773 Πυθοδωρου
1591 2707 1659 2758 ἔτι
1686 2703 1780 2757 δύο
1807 2710 1970 2771 μῆνας

128 2779 396 2848 ’Ἀρχοντος
435 2776 757 2845 Ἀθηναίοις).
838 2779 927 2827 His
950 2779 1320 2827 diversitatibus
1351 2780 1727 2842 magistratuum
1762 2777 1968 2836 accedit,

140 2853 277 2917 quod
306 2853 403 2901 alii
437 2853 541 2899 allo
570 2860 784 2914 tempore
805 2867 986 2898 munus
1020 2851 1231 2912 inibant,
1255 2867 1415 2913 neque
1436 2850 1553 2897 anni
1575 2849 1967 2911 magistratuum,

142 2923 229 2987 qui
260 2924 430 2971 eodem
464 2931 688 2986 tempore
714 2929 880 2982 erant,
917 2921 1049 2969 inter
1079 2938 1128 2968 se
1153 2887 1544 2982 conveniebant,
1585 2919 1813 2983 quodque
1836 2917 1970 2982 apud

141 2992 367 3041 nationes
409 2992 604 3041 easdem
645 2993 967 3055 principium
1014 3008 1322 3039 summorum
1366 2991 1736 3054 magistratuum
1785 2988 1970 3053 pluries

141 3063 451 3112 mutabatur.
487 3061 764 3110 Archontes
777 3061 985 3109 Athenis
999 3064 1337 3125 magistratum
1354 3061 1542 3108 inibant
1558 3059 1691 3108 circa
1702 3058 1969 3106 solstitium

142 3134 404 3196 aestivum3
440 3131 630 3199 Ephori
671 3133 1028 3196 Spartanorum
1064 3140 1180 3197 post
1203 3132 1435 3179 collectas
1461 3133 1624 3194 fruges
1656 3127 1969 3195 (Plutarchus

142 3204 198 3251 in
223 3203 378 3268 Agide
402 3221 444 3251 c.
474 3200 560 3266 15)
599 3218 765 3250 mense
794 3203 988 3263 Carnio,
1027 3203 1171 3250 cuius
1196 3203 1394 3250 initium
1423 3219 1537 3249 cum
1559 3217 1725 3248 mense
1748 3200 1967 3261 Augusto

148 3276 380 3323 convenit
391 3292 407 3336 3
452 3273 687 3322 Consules
721 3274 1057 3320 Romanorum
1094 3274 1153 3321 ab
1182 3290 1312 3320 anno
1336 3273 1479 3320 Urbis
1514 3275 1615 3325 601
1644 3269 1869 3316 Calendis
1893 3268 1969 3316 Ia-

143 3344 348 3392 nuariis.
382 3373 448 3381 --
486 3343 560 3391 Ab
587 3360 628 3390 a.
654 3343 712 3390 U.
737 3348 837 3397 601
868 3343 1010 3391 dico:
1045 3361 1159 3391 nam
1192 3361 1234 3390 a.
1265 3344 1367 3397 537
1395 3345 1482 3391 Cn.
1519 3341 1755 3389 Servilius
1790 3338 1968 3386 consul

142 3414 327 3463 Romae
358 3414 534 3463 Idibus
557 3413 747 3462 Martiis
775 3414 1110 3477 magistratum
1134 3414 1249 3461 iniit
1277 3414 1465 3480 (Livius
1491 3413 1604 3460 libr.
1632 3409 1793 3458 XXII.
1821 3426 1862 3460 c.
1886 3406 1962 3473 1);

143 3492 191 3532 et
225 3501 354 3532 anno
382 3484 438 3531 U.
463 3489 564 3538 261
603 3483 881 3533 Postumius
919 3484 1133 3549 Agrippa
1177 3492 1227 3533 et
1262 3484 1464 3549 Spurius
1503 3481 1700 3530 Cassius
1743 3480 1968 3528 consules
