2222 3938
293 195 420 256 404
890 195 1466 255 EMENDATIONES

133 308 186 407 ἕ·
213 310 274 412 {g
301 327 504 399 Λάμεχ,
537 327 615 392 οἷς
636 329 663 383 ὅ
682 326 981 397 Ἀφρικανός
1008 322 1358 393 ἀκολουθήσας
1379 330 1450 398 τῷ
1476 322 1646 397 Ιβσξβ.
1683 329 1774 380 τοῦ
1802 320 1990 392 κόσμου
2023 322 2112 378 τᾶν

173 398 184 410 “
298 402 381 454 ἐπὶ
407 406 524 453 Νῶε
549 398 886 466 κατακλυσμὸν
908 399 1253 465 ἐστοιχείωσεν.

435 474 548 535 Pag.
587 474 671 524 83.
711 472 878 537 Μέχρι
908 471 1080 520 τοίνυν
1102 472 1196 519 τοῦ
1219 467 1601 533 κατακλυσμοῦ]
1649 467 1727 516 Ex
1764 465 1903 530 istie,
1940 465 2114 515 scribit

294 543 514 606 Scaliger
544 541 806 590 Animadv.
851 556 959 606 pag.
995 540 1114 594 243.
1162 538 1611 586 hallucinationem
1649 538 1856 601 Georgii
1895 537 2114 600 :syncelli

293 610 685 660 animadvertere
709 612 841 671 licet,
874 611 965 675 qui
989 615 1073 663 70.
1098 612 1349 656 seniorum
1371 626 1618 656 excessum
1642 626 1803 672 supra
1825 608 2113 654 Samaritae

297 683 494 746 colligit
535 698 783 741 annorum
818 684 937 734 930.
990 679 1184 747 (saltem
1221 681 1340 732 935.
1383 672 1494 727 cum
1530 678 1753 726 Authore
1792 677 2112 742 scripsisse·t‚)

296 753 673 801 Samaritarum
700 760 871 798 autem
899 769 1059 815 supra
1090 748 1304 798 Iudaeos
1340 750 1458 803 349.
1503 750 1628 797 Tum
1661 748 1952 814 productis,
1990 763 2115 812 quaa

294 822 664 883 elucubramuS,
698 822 889 883 verbis,
925 819 1025 870 Sed
1055 830 1126 868 est
1160 820 1528 883 hallucinatio,
1572 819 1764 884 inquit,
1793 826 1948 883 putat
1984 820 2114 864 enim

294 892 358 940 ab
382 890 558 938 Adam
582 909 737 958 usque
760 891 832 939 ad
857 889 1114 940 diluvium
1128 929 1141 953 ,
1180 889 1436 941 mendose.-
1474 907 1629 955 quum
1653 892 1741 936 isti
1764 891 1889 935 anni
1905 890 2025 935 ‘sint
2044 885 2119 934 ad

293 970 477 1009 natum
510 962 639 1025 IVoe,
674 981 776 1010 non
801 961 875 1008 ad
897 961 1152 1009 diluvium
1179 979 1333 1025 usque
1360 959 1574 1008 deducti.
1608 959 1958 1009 Hallucinatur
1982 965 2115 1007 certe

296 1033 535 1096 Georgius
553 1070 565 1093 ,
602 1040 653 1080 at
675 1050 778 1081 non
810 1033 865 1080 in
890 1051 989 1098 quo
1024 1032 1239 1095 Scaliger
1259 1032 1553 1080 arbitratur:
1588 1029 1924 1079 hallucinatur
1951 1036 2114 1076 autem

292 1103 513 1166 Scaliger
532 1102 662 1167 ipse,
705 1103 850 1151 etiam
880 1104 936 1150 in
965 1119 1063 1168 quo
1093 1102 1332 1164 Georgius
1371 1101 1716 1150 hallucinatur.
1789 1101 1909 1147 Rem
1945 1100 2114 1164 paucis

291 1172 478 1238 prode.
507 1173 640 1220 Anni
661 1173 814 1221 Adam
842 1177 958 1227 130.
983 1172 1117 1220 Seth.
1147 1173 1263 1225 105.
1286 1173 1417 1220 Enos
1444 1176 1527 1225 90.
1558 1170 1758 1217 cainan.
1783 1174 1869 1223 70.
1892 1169 2116 1218 Malaleel

290 1244 376 1297 65.
403 1243 542 1290 Iared
573 1247 656 1296 62.
684 1242 871 1291 Enoch.
896 1248 979 1296 60.
1007 1242 1284 1291 Mathusala
1319 1246 1401 1295 67.
1433 1239 1644 1289 Lamech
1673 1242 1757 1294 53.
1798 1240 1862 1287 ad
1888 1257 2117 1306 τεκνργο-

290 1314 409 1362 νίαν
439 1329 592 1376 usque
615 1313 765 1361 simul
795 1313 989 1361 collecti
1015 1318 1133 1367 702.
1166 1330 1400 1360 summam
1434 1318 1765 1376 componunt:
1806 1310 2014 1358 Lamech
2037 1311 2117 1356 in-

291 1399 442 1447 super
463 1383 526 1431 ad
552 1383 800 1432 diluvium
824 1401 979 1432 annos
1002 1388 1121 1437 600.
1142 1391 1430 1431 numerante
1455 1382 1603 1432 iuxta
1628 1380 1906 1429 Samaritici
1927 1381 2114 1428 codicis

291 1453 467 1515 verba,
517 1452 603 1503 καὶ
641 1453 871 1519 ἐπέζησεν
905 1454 987 1518 ἔτη
1022 1450 1078 1519 χ’.
1117 1453 1283 1521 μέχρις
1315 1448 1473 1503 αὐτοῦ
1503 1456 1594 1503 τοῦ
1633 1455 2003 1517 κατακλυσμοῦε
2053 1467 2116 1499 ex

290 1527 409 1576 702.
430 1532 477 1570 et
503 1528 619 1578 600.
642 1542 833 1573 summa
859 1527 1013 1578 1302.
1045 1525 1323 1588 colligitur,
1358 1540 1481 1588 quae
1511 1523 1573 1571 ad
1597 1523 1751 1576 2242.
1778 1521 2113 1587 complendos,

290 1609 396 1640 non
428 1595 545 1647 935.
571 1596 657 1642 sed
692 1596 810 1648 940.
843 1595 997 1660 exigit
1027 1597 1284 1661 copulam:
1322 1594 1449 1643 Vere
1483 1593 1638 1658 igitur
1673 1593 1911 1656 Georgius
1943 1592 2114 1640 hallu-

293 1663 488 1710 cinatur
505 1701 518 1721 ,
555 1665 640 1712 ubi
667 1667 1008 1713 Samariticum
1033 1666 1252 1713 codicem
1278 1684 1306 1712 a
1329 1664 1638 1730 septuaginta
1658 1664 1994 1728 Interpretum
2015 1679 2114 1710 nu-

290 1749 426 1780 mero
463 1739 617 1788 2242.
650 1736 767 1783 solis
797 1739 916 1789 935.
954 1736 1164 1784 deficere
1200 1736 1396 1793 statuit,
1444 1742 1492 1781 et
1523 1735 1581 1781 ab
1613 1734 1836 1781 Hebraeo
1870 1733 2114 1782 diluvium

290 1802 356 1850 ad
393 1804 568 1850 mundi
605 1806 857 1868 vulgarem
893 1807 1047 1859 1656.
1083 1823 1267 1853 annum
1303 1806 1535 1868 alligante
1565 1805 1684 1852 solis
1721 1804 1839 1857 349.
1872 1803 2114 1852 minorem

223 1871 228 1879 “
289 1873 465 1938 ponit,
505 1891 618 1921 cum
637 1874 720 1921 hic
746 1876 865 1928 354.
894 1876 963 1923 ibi
986 1879 1107 1944 940.
1131 1876 1337 1923 inferior
1359 1875 1614 1922 habeatur.
1666 1874 2011 1922 Hallucinatus
2041 1882 2114 1922 est

287 1943 456 2005 itaque
483 1945 721 2008 Scaliger,
758 1962 853 1993 nec
877 1946 1140 2007 Georgium
1166 1946 1238 1992 ita
1259 1944 1560 1992 hallucinari
1582 1945 1813 1992 advertit.
1852 1944 2114 2008 Georgium

288 2012 586 2062 hallucinari
623 2016 927 2063 concedam?
977 2016 1090 2062 Non
1128 2015 1223 2063 ita:
1261 2016 1342 2062 sed
1381 2020 1441 2062 ex
1473 2014 1632 2079 ipsius
1663 2015 1895 2077 Scaligeri
1921 2014 2110 2062 iudicio

288 2083 567 2132 Librarium
586 2085 686 2133 eius
713 2086 891 2133 leviter
915 2102 1115 2135 errasse.
1152 2086 1327 2133 Enoch
1360 2102 1514 2132 annos
1543 2089 1626 2138 60.
1651 2085 1758 2134 vice
1785 2087 1867 2138 65.
1891 2085 2114 2133 scriben-

271 2161 389 2214 -tem
415 2155 617 2205 fatebor.
655 2156 874 2219 Scaliger
895 2156 1003 2221 ipse
1025 2173 1285 2203 numerum
1304 2155 1663 2202 emendandum
1679 2155 1894 2219 suggerit
1916 2155 1968 2203 in
1991 2155 2111 2209 haec

287 2224 439 2272 verba
475 2219 629 2290 Ἑνώχ
655 2221 918 2293 γενόμενος
956 2226 1080 2276 ἐτῶν
1119 2221 1199 2286 ξέ.
1235 2228 1290 2273 in
1317 2228 1726 2286 Samaritarum,
1762 2225 1926 2289 inquit
1965 2227 2112 2274 citata

286 2293 481 2359 pagina,
523 2296 844 2360 autographo
875 2292 954 2357 ξέ.
1002 2297 1133 2344 Bene
1162 2305 1235 2344 est
1258 2296 1449 2344 numeri
1477 2297 1585 2343 sani
1611 2312 1794 2357 omnes,
1818 2313 1933 2344 sane
1953 2298 2112 2344 omnis

288 2365 488 2427 Georgii
511 2368 763 2415 sententia.
801 2367 1086 2432 Resumptis
1112 2367 1224 2414 ideo
1252 2368 1456 2414 calculis
1482 2383 1611 2431 pone
1644 2366 1813 2414 Adam
1837 2370 1954 2420 130.
1991 2366 2110 2415 Seth

290 2435 409 2486 105.
436 2435 564 2483 Enos
590 2440 673 2490 90.
701 2436 885 2485 Cainan
913 2442 997 2490 70.
1026 2438 1251 2486 Malaleel
1275 2439 1357 2490 65.
1382 2437 1524 2486 [ared
1549 2442 1630 2490 62.
1669 2436 1844 2486 Enoch
1880 2437 1965 2490 65.
2001 2438 2110 2486 Ma-

287 2502 484 2551 thusala
521 2511 602 2559 67.
640 2507 852 2556 Lamech
884 2510 969 2562 53.
1007 2525 1244 2556 summam
1267 2512 1386 2561 707.
1419 2508 1754 2570 consequeris3
1805 2506 1930 2554 adde
1955 2525 2110 2556 annos

289 2576 410 2626 600.
450 2592 477 2621 a
514 2577 724 2625 Lamech
753 2578 909 2627 natali
949 2578 1027 2626 die
1058 2579 1121 2626 ad
1153 2578 1400 2626 diluvium
1427 2596 1666 2626 summam
1706 2581 1854 2630 1307.
1897 2579 2109 2641 colligis:

289 2646 369 2690 An
392 2660 496 2692 non
524 2646 609 2693 illa
625 2685 638 2709 ‚
677 2657 828 2713 prout
853 2649 1089 2712 Georgius
1117 2650 1313 2709 asserit,
1351 2666 1377 2695 a
1417 2649 1723 2713 septuaginta
1749 2649 2108 2710 interpretibus

288 2712 450 2777 posita
474 2715 536 2762 ad
560 2717 798 2766 diluvium
830 2719 982 2773 2242.
1011 2737 1197 2768 summa
1223 2719 1331 2766 aliis
1361 2721 1480 2773 935.
1508 2720 1671 2765 minor
1697 2718 1975 2782 reperitur?
2028 2721 2107 2767 An

289 2799 394 2830 non
415 2785 581 2832 eadem
607 2788 786 2836 iterum
808 2806 993 2836 summa
1021 2791 1172 2843 1656.
1200 2806 1325 2853 quae
1345 2805 1492 2852 penes
1514 2789 1760 2835 Hebraeos
1787 2786 1961 2837 diluvii
1983 2806 2106 2855 epo-

288 2851 383 2900 cha
425 2862 524 2912 est,
574 2857 682 2904 aliis
718 2859 836 2911 349.
876 2875 992 2907 vere
1029 2860 1236 2907 inferior
1272 2858 1615 2906 decernenda‘x>
1676 2858 1836 2916 Quam
1873 2874 2011 2906 nunc
2043 2876 2105 2908 ex

286 2924 511 2986 propriis
543 2927 760 2990 Scaliger
796 2928 1133 2976 hallucinatur
1169 2929 1412 2992 expendo.
1471 2929 1549 2975 Ad
1593 2944 1746 2974 annos
1781 2928 2106 2990 παιδοποιίας

287 2991 512 3041 Malaleel
533 2994 658 3045 ἑτῶν
682 2993 759 3057 ξέ.
784 2998 920 3054 vice,
968 2999 1335 3062 reponendum,
1372 2998 1521 3061 paulo
1558 2997 1782 3062 superius
1816 2997 2009 3062 inquit,
2038 2991 2104 3047 *ex

286 3065 607 3128 'autographo
623 3068 1002 3125 Samaritarum
1023 3065 1099 3118 σε’.
1126 3068 1333 3115 inferius
1359 3067 1613 3115 nonnihil:
1649 3068 1710 3115 ad
1735 3085 1888 3116 annos
1909 3069 2103 3118 Mathu-

292 3133 394 3180 sala
435 3130 515 3194 ξζ.
543 3135 653 3182 vice
697 3138 750 3182 in
792 3139 1096 3184 Samaritico
1146 3137 1495 3202 autographo,
1541 3138 1674 3200 quod
1722 3137 1919 3203 ipsimet
1959 3140 2102 3189 nobis

292 3205 722 3253 communicarunt
758 3208 1050 3254 Samaritani
1081 3208 1287 3270 legimus
1312 3203 1391 3267 οξ.
1419 3217 1464 3252 et
1492 3210 1568 3253 ita
1599 3207 1967 3272 corrigendum.
2023 3211 2101 3258 Ad

291 3290 417 3337 quae
440 3273 684 3339 sapienter
713 3277 980 3339 respondet
1007 3278 1240 3340 Georgius
1262 3274 1316 3327 τό
1337 3282 1655 3342 Σαμαρειτῶν
1681 3274 1988 3345 ἀντίγραφον
2012 3276 2098 3345 ἄρ-

289 3340 575 3408 χα-ιότατον,
615 3341 643 3395 ὃ
665 3344 749 3395 καὶ
775 3341 960 3410 ἀληθὲς
991 3342 1137 3396 sivest:
1177 3348 1519 3395 Samariticum
1546 3346 1800 3413 exemplar
1821 3350 2097 3397 vetustissi-

290 3430 428 3460 mum
467 3423 514 3462 et
550 3414 976 3479 probatissimum,
1023 3433 1232 3481 nuperus
1266 3418 1466 3465 mendas
1507 3435 1610 3465 non
1643 3419 1890 3479 admittit,
1940 3436 2095 3468 novas

289 3482 698 3534 hallucinationes
725 3502 787 3534 ex
811 3487 975 3535 mendi
1027 3494 1158 3535 ortas
1184 3487 1356 3552 diluit,
1393 3504 1651 3538 numerum
1679 3485 1790 3554 QX.
1824 3489 1932 3538 vice
1955 3483 2091 3551 Άλέ.
