2112 3854
714 176 1216 234 DISSERTATIO.
1800 169 1882 229 47

58 315 318 360 sertatum·
387 307 451 357 Et
488 306 615 357 liber
653 315 888 373 quartuS,
940 324 1087 372 quem
1107 306 1366 372 Georgius
1410 305 1658 373 ἐξαίρετον
1691 306 1881 372 laudat,

59 379 271 446 amplius
296 380 545 444 explicat,
583 395 709 444 quae
740 379 795 426 111
830 379 957 427 libro
994 379 1214 428 secundo
1245 379 1305 428 de
1329 378 1572 444 martyrio
1598 379 1770 427 matris
1797 395 1880 429 se-

56 459 289 518 ptemque
313 450 531 498 filiorum
552 449 752 498 brevius
779 457 976 499 narrata
1001 458 1134 498 sunt.

203 521 581 569 Accuratissime
618 521 831 585 denique
871 521 986 568 loca
1021 522 1087 571 N.
1132 523 1183 569 T.
1222 519 1444 584 collegit,
1482 518 1661 586 quibus
1687 536 1766 569 res
1790 535 1885 584 ge·-

58 598 162 640 stae
198 591 494 640 Iudaeorum
530 598 615 639 aut
649 591 893 655 explicari
931 599 1017 639 aut
1053 590 1235 654 corrigi
1273 598 1499 656 possunt.
1570 591 1777 656 Saepius
1799 607 1881 640 re·-

56 662 186 728 petit
212 662 552 711 testimonium
574 663 765 718 Lucae,
805 679 906 727 quo
933 662 1121 711 Cainan
1157 661 1400 710 decimum
1426 661 1628 710 tertium
1657 662 1717 710 ab
1740 662 1880 710 Ada-

55 749 166 790 mo,
199 731 362 781 filium
387 732 698 798 Arphaxadis
718 749 847 795 esse,
883 750 987 780 non
1013 734 1175 781 Salam
1202 733 1459 797 probatur.
1532 733 1738 798 Saepius
1762 733 1878 782 lau-

55 803 143 851 dat
171 803 470 866 orationem,
507 803 562 851 in
596 821 692 868 qua
717 803 878 851 Lucas
923 802 996 868 (in
1031 804 1238 852 Actibus
1263 803 1485 867 Apostol.
1515 820 1622 868 cap.
1649 802 1719 868 7.)
1759 805 1880 852 Ste-

55 873 278 939 phanum
321 875 741 938 Protomartyrem
778 891 857 922 res
896 874 1188 922 Iudaeorum
1214 874 1528 938 antiquiores
1567 882 1881 922 enarrantem

55 943 179 992 facit
202 960 312 1009 pag.
350 948 433 998 93.
463 945 546 998 94.
579 946 661 998 95.
733 945 797 993 Et
831 943 1092 992 historiam
1131 944 1315 992 Christi
1351 952 1498 1009 atque
1524 943 1877 1009 Apostolorum

0 1038 6 1049 ·
56 1030 120 1063 ex
150 1014 429 1078 Evangeliis
461 1016 763 1080 Actibusque
790 1034 817 1062 a
844 1016 1053 1079 Georgio
1084 1015 1308 1063 haustam
1335 1031 1466 1076 esse,
1503 1015 1595 1063 vix
1634 1033 1759 1080 opus
1786 1023 1878 1078 est,

55 1092 114 1134 ut
137 1101 538 1134 commemorem:
578 1087 667 1134 cfr.
701 1087 804 1140 315
840 1104 913 1151 sq.
945 1090 1049 1140 327
1087 1105 1159 1151 sq.
1225 1086 1439 1133 Maxime
1463 1092 1512 1133 et
1534 1086 1743 1134 fortasse
1770 1103 1877 1134 non

53 1163 251 1221 praeter
285 1157 528 1204 rationem
561 1159 759 1204 Lucam
796 1158 1047 1222 sequitur,
1085 1174 1110 1205 e
1142 1157 1440 1205 sacerdotali
1470 1173 1646 1219 genere
1686 1164 1874 1220 ortum,

13 1278 18 1284 ,
55 1226 140 1290 9111
168 1228 401 1292 temporis
429 1228 652 1275 ordinem
681 1227 965 1290 diligentius
993 1246 1137 1293 quam
1175 1227 1355 1276 caeteri
1382 1227 1669 1290 distinguit,
1710 1227 1876 1275 cuius-

56 1313 153 1361 que
179 1297 397 1346 divinam
425 1298 714 1346 brevitatem
742 1295 854 1363 (τήν
879 1301 1030 1349 θείαν
1057 1297 1351 1365 συντομίαν)
1383 1299 1437 1345 111
1466 1305 1689 1362 tempore
1719 1299 1876 1363 eatpo-

54 1367 222 1416 nend'o
256 1368 431 1416 multis
471 1368 635 1417 verbis
670 1369 866 1416 laudat:
918 1386 1029 1434 pag.
1066 1373 1185 1422 318.
1224 1370 1280 1418 A.
1303 1406 1317 1431 ,
1366 1371 1486 1423 319.
1524 1369 1601 1430 G„
1647 1370 1771 1422 325.
1805 1369 1876 1432 C.‚

53 1441 176 1491 326.
213 1438 269 1488 Β.
340 1439 595 1501 Attamen,
633 1439 710 1486 uti
744 1439 798 1486 in
829 1439 970 1487 libris
1000 1437 1193 1488 Veteris
1216 1438 1517 1488 Testamenti
1541 1441 1726 1503 scripta
1757 1439 1878 1488 'fal-

53 1508 254 1556 mudica
290 1525 394 1556 non
418 1511 727 1573 neglexerat,
764 1526 927 1574 neque
964 1511 1152 1575 scripta
1191 1509 1441 1571 Philonis,
1477 1508 1676 1574 Iosephi
1698 1526 1759 1557 ae
1776 1511 1875 1559 Pa·-

52 1585 186 1636 trum
209 1579 446 1628 ecclesiae
472 1579 770 1628 christianae
791 1581 1056 1645 praeterit,
1096 1597 1123 1627 e
1150 1580 1328 1645 quibus
1351 1579 1604 1628 interdum·
1624 1581 1881 1628 narratio-

52 1665 169 1698 nem
193 1649 621 1714 Evangelistarum
646 1651 889 1716 suppleat.
962 1689 994 1715 „
1012 1650 1280 1699 Sciendum
1312 1658 1411 1712 est,
1445 1669 1498 1716 p.
1522 1652 1627 1703 317
1653 1650 1714 1699 D.
1734 1650 1878 1714 dicit,

52 1721 212 1768 multa
235 1721 502 1785 Evangelia
537 1721 725 1787 scripta
754 1738 887 1785 esse,
925 1738 951 1770 e
981 1721 1162 1787 quibus
1197 1729 1415 1786 quatuor
1444 1722 1691 1769 duntaxat
1710 1721 1876 1771 Beatis

51 1791 290 1857 apostolis
324 1792 534 1857 probata
569 1800 712 1856 sunt,
750 1809 877 1858 quae
909 1792 964 1840 in
992 1791 1227 1842 Ecclesiis
1259 1793 1559 1857 legerentur:
1594 1791 1670 1839 uti
1705 1809 1733 1839 a
1766 1792 1877 1856 qui-

50 1861 257 1910 busdam
289 1861 500 1912 infantia
534 1880 732 1929 quoque
773 1863 1044 1912 Salvatoris
1076 1863 1236 1912 nostri
1271 1863 1523 1928 descripta
1549 1870 1649 1926 est,
1690 1864 1873 1927 quibus

51 1933 296 1982 miracula
330 1938 544 1999 ποιητοῦ
583 1931 774 1986 τούτων
800 1930 1000 1985 αἰώνων
1040 1935 1103 1982 ad
1130 1951 1312 1982 annum
1344 1951 1499 1999 usque
1525 1933 1876 1984 duodecimum

47 2011 246 2069 patrata
275 2013 630 2057 memorantur.
702 2006 781 2053 Ex
816 2005 924 2053 istis
963 2014 1128 2054 autem
1161 2005 1214 2052 in
1252 2001 1490 2054 canonem
1520 2022 1624 2052 non
1658 2006 1874 2070 receptis

50 2074 315 2138 evangeliis
345 2083 510 2140 patres
541 2076 772 2124 ecclesiae
797 2077 1040 2125 nonnulla
1075 2076 1128 2123 in
1156 2075 1340 2141 scripta
1378 2093 1464 2124 sua
1489 2076 1874 2140 transtulerunt,

49 2146 188 2194 unde
229 2147 432 2195 caeteris
474 2146 763 2196 Christianis
794 2155 962 2196 tantae
1002 2147 1311 2196 auctoritatis
1346 2163 1451 2196 esse
1479 2146 1587 2197 visa
1624 2154 1768 2212 sunt,
1815 2155 1876 2197 ut

47 2215 197 2265 fidem
220 2216 336 2264 dare
354 2234 457 2265 non
482 2217 772 2267 dubitarint.

188 2287 270 2334 Sic
295 2287 560 2350 Iacobum,
598 2297 851 2338 auctorem
889 2288 1126 2355 epistolae
1156 2287 1453 2349 catholicae,
1492 2287 1730 2352 Georgius
1754 2289 1876 2354 plu·-

47 2356 147 2406 ries
181 2354 265 2409 τᾶν
301 2353 617 2422 ἆδελφόθεον
647 2359 733 2410 καὶ
776 2359 973 2411 δίκαιον
1009 2360 1206 2422 laudat,
1255 2367 1305 2408 et
1343 2359 1585 2407 Clemente
1612 2368 1730 2406 teste
1760 2377 1876 2409 eum

49 2427 267 2494 primum
307 2428 595 2494 episcopum
630 2430 1092 2495 Hierosolymorum
1133 2431 1300 2495 ponit,
1336 2446 1447 2494 pag.
1481 2432 1601 2482 327.
1623 2430 1713 2493 D.‚
1751 2433 1876 2484 328..

49 2499 108 2548 Α.
135 2499 190 2547 Β.
210 2535 225 2561 ,
259 2501 379 2552 329.
405 2500 458 2550 C.
488 2501 546 2548 D.
562 2536 576 2562 ,
615 2503 736 2553 330.
757 2501 815 2550 Β.
886 2501 1082 2550 Eusebii
1109 2517 1306 2565 quoque
1333 2499 1670 2548 testimonium
1693 2501 1876 2550 addere

48 2569 292 2636 potuisset
319 2569 446 2618 Hist.
475 2570 685 2620 Eccl.H.
712 2588 758 2621 c.
788 2575 835 2624 1.
853 2607 866 2633 ,
906 2579 955 2619 et
984 2589 1047 2620 ex
1074 2572 1281 2628 Eusebio
1308 2570 1366 2618 ΙΙ.
1397 2588 1439 2618 0.
1464 2573 1548 2624 23.
1580 2570 1876 2637 Hegesippi:

47 2639 389 2689 testimonium
407 2657 526 2689 vero
548 2641 918 2704 gravissimum,
956 2643 1090 2707 quod
1113 2642 1394 2691 addendum
1418 2641 1612 2703 fuisset,
1651 2642 1876 2708 scripto-

46 2728 163 2760 rum
197 2710 523 2774 biblicorum,
559 2729 663 2759 non
690 2714 972 2778 profertur,
1011 2714 1148 2778 quod
1191 2713 1381 2761 nullum
1415 2719 1516 2773 est,
1555 2719 1605 2759 et
1633 2719 1741 2760 tota
1766 2721 1873 2762 tra-

48 2781 198 2840 ditio,
244 2782 476 2832 Iacobum
507 2783 681 2845 illum,
719 2783 806 2848 qui
846 2801 874 2831 a
901 2784 1057 2832 Paulo
1093 2784 1149 2841 111
1177 2785 1317 2849 epist.
1347 2782 1409 2830 ad
1446 2782 1642 2831 Galatas
1677 2800 1783 2849 cap.
1821 2788 1871 2838 1.
1927 2810 1932 2815 ·

47 2869 174 2903 vers.
217 2856 296 2907 19.
332 2853 485 2902 frater
522 2853 720 2902 Domini
757 2862 993 2917 vocatur,
1045 2863 1296 2903 auctorem
1327 2853 1564 2918 epistolae
1597 2852 1873 2903 catholicae

48 2930 101 2972 et
126 2922 342 2988 primum
378 2924 666 2989 episcopum
702 2924 1155 2992 Hierosolymorum
1193 2925 1366 2986 fuisse,
1402 2925 1510 2973 solo
1546 2941 1748 2973 rumore
1783 2933 1872 2974 aut

46 2993 331 3042 coniectura
355 2995 447 3043 niu·
469 2995 688 3046 videtur.

191 3064 274 3112 Sic
307 3082 417 3130 pag.
445 3068 565 3125 329.
600 3066 655 3118 B.
695 3066 748 3116 C.
774 3073 972 3121 narrat:
1020 3065 1270 3116 Christum
1296 3065 1359 3114 ad
1387 3064 1637 3129 Abgarum
1657 3102 1673 3128 ,
1707 3082 1871 3131 regem

48 3133 257 3184 Edessae
287 3135 441 3196 (urbis
467 3135 866 3203 Mesopotamiae)
904 3138 1112 3202 effigiem
1139 3140 1311 3187 vultus
1345 3136 1536 3185 misisse
1562 3135 1751 3201 hasque
1777 3138 1870 3184 lit-

47 3213 180 3253 teras
203 3205 418 3255 dedisset
451 3206 539 3270 „in
558 3208 752 3256 coelum
772 3215 1001 3274 receptus
1018 3209 1212 3257 mittam
1234 3209 1325 3256 tibi
1346 3207 1706 3272 discipulorum
1729 3223 1871 3254 meo-

49 3292 163 3325 rum
200 3277 497 3339 nonnullos,
536 3277 761 3326 morbum
804 3286 949 3327 tuum
983 3288 1244 3328 curaturos
1285 3296 1342 3327 ac
1379 3278 1474 3326 tibi
1503 3278 1703 3343 tuisque
1737 3277 1870 3325 vitae

51 3354 279 3395 auctores
313 3345 566 3396 futuros.''
601 3375 671 3387 —
706 3349 772 3397 Et
809 3349 1006 3408 Christo
1042 3358 1240 3399 mortuo
1278 3349 1596 3398 Thaddaeum
1628 3366 1656 3395 a
1678 3346 1868 3395 Thoma

50 3416 221 3465 divino
251 3416 387 3466 iussu
424 3418 660 3475 Edessam
682 3420 884 3471 missum
911 3437 1041 3484 esse,
1093 3421 1399 3485 evangelium
1431 3420 1867 3480 annunciatumm,

50 3487 135 3552 qui
167 3487 418 3553 Abgarum
457 3491 708 3539 sanaverit
748 3499 1051 3557 cunctosque
1091 3492 1227 3541 urbis
1270 3492 1401 3540 cives
1436 3490 1602 3539 verbis
1636 3498 1686 3538 et
1721 3488 1869 3538 sactis
