2112 3854
216 199 298 259 16
851 203 919 259 G.
958 204 1028 260 G.
1065 205 1405 265 BREDOVII

217 332 607 405 ευδιαγνώστους
636 333 915 404 ἐκκθήσομαι
942 355 989 386 κ.
1025 355 1067 385 τ.
1101 339 1145 387 λ.
1173 354 1330 403 neque
1360 338 1531 388 latina
1532 338 1698 423 versio
1734 338 1943 388 discedit
1968 339 2028 389 ab

213 408 310 457 hac
336 409 654 457 correctione.

341 481 453 543 Pag.
485 485 562 533 10.
586 479 643 526 A.
687 477 805 526 Seth
838 476 1057 526 nascitur
1087 494 1216 526 anno
1244 478 1577 527 ducentesimo
1611 482 1857 527 tricesimo
1894 479 2029 529 Ada-
2090 492 2094 496 ·

216 549 308 611 1111,
345 557 393 597 et
423 550 697 597 ablactatur
725 547 1058 596 ducentesimo
1086 547 1476 614 quadragesimo
1505 552 1662 599 tertio.
1733 551 1877 598 Anno
1906 567 2028 599 vero

147 659 150 662 ⁴
218 620 551 668 ducentesimo
589 622 836 666 tricesimo
864 628 1046 683 quarto
1083 620 1347 684 progenuit
1375 620 1592 668 Adamus
1623 620 1776 668 filiam
1802 620 2030 673 Azuram.

215 717 285 727 —
311 691 463 738 Nemo
489 707 590 737 non
615 690 780 748 videt,
824 706 1055 737 numeros
1081 691 1394 755 perturbatos
1419 707 1545 752 esse3
1582 689 1680 739 hoc
1708 690 1837 739 enim
1860 691 2034 740 ordine

213 761 467 810 veritatem
491 776 664 824 seque1
668 768 842 808 entur.
1743 782 1746 784 v

292 834 370 901 Τῷ
388 826 455 880 σλ’
481 829 575 880 ἔτει
592 827 791 896 Ἀδᾶμ’
766 851 793 881 ο
811 827 931 895 Σήθ
955 825 1222 896 ἐγεννήθη,
1259 830 1313 882 ἐν
1341 824 1381 900 ᾧ
1402 851 1456 884 το
1481 828 1742 884 ἑκατοστὸν
1762 827 2031 899 ἑξηκοστόν

354 899 463 960 ἔτος
478 899 711 986 ὐπῆρχεν
735 904 825 951 τοῦ
852 897 1004 951 Καὶν.

288 974 370 1039 Τῷ
393 966 491 1058 σλγ’
522 971 616 1022 ε’τει
636 974 726 1022 τοῦ
753 967 906 1037 Ἀδὰμ,
933 967 1331 1058 οἷπεγαλακτίσθη
1360 991 1385 1022 ο
1403 968 1546 1057 Σήθ.

292 1045 371 1110 Τῷ
394 1038 448 1091 δὲ
473 1038 618 1093 σλδ”
602 1042 696 1092 ε’τει
718 1040 947 1108 ἐγέννησε
967 1040 1247 1120 θυγατέρα,
1283 1039 1351 1106 ἡν
1376 1037 1628 1107 ω’νὸμασεν
1648 1038 1901 1109 Ἀζουραν.

355 1112 412 1159 In
431 1111 530 1159 hoc
554 1113 726 1161 ordine
750 1129 828 1160 les
853 1113 915 1160 ad
944 1112 1200 1160 veritatem
1230 1113 1487 1176 ponendae
1513 1122 1694 1163 essent:
1733 1115 1906 1162 dubito
1936 1130 2032 1162 au-

211 1191 328 1246 tem,
358 1200 421 1230 an
447 1191 622 1231 auctor
646 1191 813 1231 noster
836 1183 903 1230 ita
928 1182 1167 1247 posuerit.
1221 1184 1470 1248 Georgius
1495 1184 1626 1231 enim
1655 1183 1782 1233 Cedr
1783 1202 1920 1246 emm,
1944 1184 2031 1249 qui

217 1253 374 1314 (circa
412 1270 526 1304 ann.
564 1258 700 1307 1060
733 1253 808 1301 uti
834 1253 1085 1316 videtur),
1122 1253 1178 1299 in
1212 1253 1412 1317 antiqua
1439 1252 1647 1302 historia
1686 1255 1850 1302 omnia
1878 1257 1980 1303 fere
2003 1272 2031 1304 e

214 1331 387 1372 nostro
414 1324 625 1388 Georgio
653 1323 845 1388 hausit,
883 1323 1058 1372 scribit
1092 1340 1202 1388 pag.
1228 1327 1283 1378 8:
1329 1344 1356 1375 0
1385 1321 1507 1388 Σήθ
1527 1320 1928 1391 απεγαλακτίσθη
1952 1343 2030 1393 γε·

213 1390 424 1461 νόμενος
447 1394 570 1445 ἐτων
596 1391 804 1444 δώδεκα.

344 1465 458 1528 Pag.
485 1469 566 1518 10.
592 1464 648 1512 A.
686 1463 712 1515 ὃ
728 1463 847 1530 Σήθ
871 1458 1072 1529 ἐμυήθη
1099 1481 1159 1513 τα
1176 1463 1291 1531 περὶ
1312 1466 1400 1529 τῆς
1414 1461 1742 1531 παραβασεως
1765 1461 2034 1532 μελλον-

219 1549 330 1602 σης
364 1534 567 1585 ε’σεσθαι
589 1554 690 1586 των
709 1531 1033 1624 Ἐγρηγόρων.
1069 1563 1139 1576 --
1165 1535 1375 1619 Legitur
1402 1532 1687 1600 μελλόντων.

346 1605 461 1668 Pag.
502 1610 582 1659 10.
614 1607 663 1655 C.
708 1609 788 1674 Τῷ
817 1601 934 1655 υλέ
978 1605 1071 1655 ε’τει
1093 1601 1342 1673 ἐγεννήθη
1377 1609 1446 1674 τῷ
1469 1602 1590 1671 Σὴθ
1625 1627 1650 1658 ο
1641 1601 1837 1667 “Ἐνω’ς.
1879 1599 2038 1667 Οὗτος

216 1669 483 1761 γενόμενος
519 1675 644 1726 ἐτων
679 1657 854 1726 ἑκατόν
885 1671 1185 1741 ἐνενήκοντα
1219 1675 1448 1742 ἐγέννησε
1472 1673 1561 1727 τὸν
1599 1681 1803 1728 Καϊναν
1831 1696 1898 1727 τω
1937 1671 2034 1743 χκέ

219 1746 326 1798 ε’τει.
395 1740 547 1807 Ἐνώς
572 1744 626 1796 δὲ
656 1743 866 1826 η’λπισεν
890 1766 934 1797 κ.
962 1766 1004 1796 τ.
1035 1751 1077 1796 λ

342 1816 402 1863 In
425 1811 498 1866 ‘uk'
536 1825 611 1864 est
639 1817 833 1880 signum
858 1817 1053 1865 numeri
1083 1817 1245 1881 quinti
1267 1811 1299 1868 ε’
1327 1817 1575 1881 sequentis
1595 1816 1733 1866 veibi
1760 1815 1966 1864 littera
1950 1833 2036 1863 111-

215 1886 419 1953 cipienti
441 1887 741 1952 absorptum.
795 1887 973 1935 Lect01
993 1904 1110 1936 vero
1134 1888 1333 1975 quida'm
1355 1889 1559 1952 diligens
1580 1904 1797 1936 e1r01e1n
1819 1887 2037 1935 animad-

209 1967 437 2020 vertens,
476 1957 738 2042 adscripsit
762 1965 1106 2006 correcturus·
1141 1953 1242 2009 οἷπο
1270 1954 1468 2025 Ἀδαμ““
1451 1959 1542 2019 ε’ως
1576 1950 1856 2025 γεννήσεως
1879 1953 2038 2017 Ἐνώς

213 2028 296 2093 ε’τη
320 2023 609 2094 τετρακόσια
629 2046 894 2095 τριακοντα
927 2028 1072 2079 πέντε
1095 2025 1342 2109 δηλούσης
1374 2049 1464 2094 της
1486 2033 1702 2096 γραφῆς,
1739 2045 1864 2094 quae
1885 2028 2036 2078 verba

211 2098 443 2147 libralius
463 2098 654 2160 textui,
689 2115 793 2146 non
824 2106 990 2147 autem
1009 2117 1097 2146 suo
1121 2099 1232 2147 loco
1256 2100 1483 2148 inseruit.

343 2170 456 2232 Pag.
495 2174 576 2223 10.
604 2170 663 2217 D.
699 2186 793 2233 pro
815 2164 946 2219 οὕτω
974 2167 1038 2219 δὲ
1069 2189 1094 2220 ο
1129 2166 1291 2235 σωτηρ
1316 2171 1448 2235 lego:
1489 2165 1620 2221 ου’τω
1644 2170 1750 2221 καί.

345 2239 460 2302 Pag.
498 2244 579 2292 10.
605 2240 664 2287 D.
701 2256 795 2303 pro
819 2259 919 2290 των
945 2239 1057 2307 περὶ
1082 2241 1191 2304 lego
1224 2240 1371 2307 περὶ
1406 2244 1523 2292 τῶν
1558 2236 1685 2292 καθ’
1710 2239 1779 2291 ἓκ.

338 2310 454 2372 Pag.
500 2314 579 2364 10.
606 2310 665 2356 D.
705 2309 844 2369 Quid
866 2310 960 2357 sibi
991 2311 1103 2359 vult
1126 2306 1358 2371 οὕτωςΡ
1394 2313 1646 2359 Lacunam
1677 2311 1776 2358 hoc
1801 2310 1914 2359 loco
1939 2325 2041 2358 esse

214 2379 465 2443 suspicor.
503 2379 763 2442 adiecerat,
798 2380 854 2428 ni
873 2380 1043 2443 fallor,
1082 2382 1322 2446 Georgius
1343 2391 1512 2430 noster
1534 2382 1773 2431 horarum
1795 2380 2035 2444 ordinem,

215 2450 392 2515 quibus
422 2466 594 2514 preces
618 2458 952 2515 peraguntur3
990 2452 1149 2499 scriba
1185 2469 1305 2501 vero
1335 2453 1514 2503 omisit.
1586 2451 1735 2518 Apud
1768 2446 2036 2514 Georgium

214 2521 345 2567 enim
370 2520 645 2568 Cedrenum
672 2538 700 2568 a
721 2521 874 2570 verbo
904 2520 1212 2588 μετανοησας
1237 2543 1263 2573 ο
1292 2518 1450 2589 Ἀδαμ
1473 2540 1628 2588 usque
1654 2522 1718 2571 acl
1742 2517 1901 2584 οῧτῳς
1919 2537 2034 2601 pag.

214 2594 264 2644 9.
300 2590 465 2638 omnia
495 2591 661 2638 eadem
688 2592 949 2655 leguntur,
988 2601 1035 2640 et
1065 2601 1179 2659 post
1202 2589 1360 2653 οὕτως
1382 2595 1609 2679 sequitur
1642 2592 1765 2640 ordo
1795 2592 2034 2657 precium.

343 2661 456 2724 Pag.
489 2661 568 2713 14.
589 2661 642 2707 A.
664 2661 736 2708 Ita
760 2663 867 2725 lego
886 2671 934 2710 et
959 2663 1281 2728 interpungo:
1306 2665 1406 2715 ἐστι
1428 2667 1521 2715 οὐν
1544 2658 1711 2713 αὐτων
1726 2663 2034 2729 (Gigantum,

213 2728 434 2778 filiorum
458 2730 759 2794 Angelorum
784 2748 808 2778 e
808 2699 1025 2781 t>filiabus
1057 2731 1339 2820 hominum)
1372 2733 1410 2799 ἦ
1431 2729 1606 2799 πρώτη
1624 2730 1901 2801 παραδοσις
1920 2735 2036 2800 περὶ

214 2819 405 2857 τουτων
426 2805 526 2851 τῶν
548 2805 745 2865 τεχνῶν.
787 2797 1008 2860 (ἐκάλεσε
1031 2801 1085 2852 δὲ
1108 2800 1292 2867 ταύτην
1314 2801 1404 2868 τὴν
1430 2806 1607 2876 βίβλον
1624 2807 1790 2870 Χημᾶ,
1828 2804 2036 2857 ἔνθενδε

212 2890 246 2936 η
270 2869 413 2937 τέχνη
433 2873 627 2936 Χημεία
650 2876 888 2932 καλεῖται)
914 2871 998 2922 καὶ
1017 2892 1077 2922 τα
1103 2872 1232 2936 ἓξης.
1313 2870 1509 2924 Τούτων
1532 2876 1627 2924 οὐν
1651 2894 1696 2926 κ.
1712 2894 1751 2926 τ.
1778 2878 1822 2925 λ.

350 2942 589 3005 Georgius
615 2949 784 2990 narrat
809 2959 834 2990 e
855 2943 983 2990 libro
1009 2943 1190 2990 Zosimi
1213 2945 1547 3009 Panopolitae‚
1571 2944 1863 3010 Philosophi
1885 2942 2034 2994 Chri-

215 3011 392 3074 stiani,
435 3012 666 3076 Gigantes
686 3050 699 3075 ‚
735 3012 868 3060 filios
898 3013 1225 3076 Angelorum,
1266 3014 1362 3061 llas
1400 3017 1541 3079 ipsas
1581 3025 1716 3063 artes
1747 3015 2034 3065 hominibus

213 3082 493 3131 tradidisse.
563 3084 682 3130 Has·
719 3085 861 3147 ipsas
888 3091 1044 3147 artes,
1083 3084 1137 3131 in
1165 3084 1343 3147 quibus
1371 3086 1560 3133 scilicet
1583 3085 1917 3134 describendis
1948 3093 2035 3135 to-

215 3159 296 3200 tus
314 3152 438 3201 liber
460 3161 689 3201 versatur
703 3190 716 3215 ,
753 3153 814 3201 de
837 3154 1015 3218 quibus
1037 3154 1293 3219 inscriptio
1315 3172 1507 3219 quoque
1527 3163 1689 3203 sumta
1710 3165 1798 3206 est.
1873 3157 2034 3206 Geor-

215 3223 324 3288 gius
344 3223 519 3286 igitur,
556 3225 705 3272 verba
736 3223 850 3291 περὶ
885 3220 1076 3275 τούτων
1111 3229 1211 3275 τῶν
1243 3229 1423 3290 τεχνῶν
1459 3226 1825 3291 explicaturus,
1863 3221 2051 3277 additz'

215 3293 521 3359 „inscripsit
553 3294 682 3341 enim
716 3294 845 3343 libro
883 3295 1087 3342 titulum
1126 3299 1302 3361 Χημοῖ,
1349 3296 1409 3344 de
1446 3314 1542 3361 quo
1582 3298 1733 3345 verbo
1767 3298 1904 3363 apud
1939 3315 2031 3346 nos

213 3380 396 3411 nomen
422 3365 540 3412 artis
558 3367 647 3430 τῆς
676 3366 896 3431 Χημείας
929 3373 1093 3414 ortum
1129 3375 1217 3422 est,
1237 3369 1267 3393 ”
1339 3367 1528 3415 Nomen
1556 3383 1670 3431 ergo
1698 3371 1788 3433 τῆς
1811 3369 2032 3434 Χημείας

218 3434 429 3498 Georgio
453 3435 676 3483 nondum
695 3436 898 3499 longum
919 3452 1009 3501 per
1028 3443 1223 3502 tempus
1248 3439 1530 3501 vulgatum,
1567 3438 1654 3486 sed
1675 3445 1921 3503 tamquam
1942 3441 2031 3486 no-‘

216 3520 335 3551 vum
363 3521 461 3554 esse
494 3505 718 3568 videtur,
755 3523 915 3571 neque
952 3507 1086 3572 apud
1113 3507 1374 3573 scriptores
1410 3508 1712 3573 antiquiores
1739 3510 1899 3573 legere
1924 3525 2033 3556 me-
