2112 3854
235 188 319 247 26
351 256 353 259 ,
875 195 944 250 G.
980 194 1054 250 G.
1087 194 1426 252 BREDOVII

234 321 324 376 καὶ
356 322 683 391 τετρακοσίων
718 319 840 373 ἐτῶν
862 314 1048 388 χρόνον
1083 320 1164 372 ἐπὶ
1186 318 1386 384 ταύταις
1416 319 1659 390 διήνυσαν
1678 331 1785 388 ταῖς
1802 323 2043 380 ταλαιπω-

233 395 366 459 ρίαις
398 421 470 430 ·-
500 395 582 445 ,ΕΧ
621 393 846 440 omnibus
881 391 958 438 his
997 391 1121 440 locis
1154 410 1257 441 non
1283 394 1448 458 colligi
1486 403 1673 460 potest,
1716 398 1958 447 Israelitas
1980 401 2044 447 ad
2108 403 2112 406 ’

230 465 446 513 litteram
487 463 874 528 quadringentos
903 478 1058 509 annos
1091 463 1346 528 Aegyptiis
1376 466 1614 514 serviisse.
1684 468 1829 516 Multi
1850 470 2044 517 numeri

230 543 428 601 praeter
465 534 658 582 finitam
684 533 1056 580 multitudinem
1083 534 1326 582 infinitam
1354 535 1634 597 significant
1656 539 1877 602 copiam,
1915 541 2045 588 inter

233 623 360 670 quos
394 605 448 653 in
470 604 695 652 omnibus
723 604 824 649 fere
845 602 1025 666 linguis
1048 620 1278 652 numerus
1313 606 1620 654 centenarius
1649 616 1753 655 est:
1790 625 1900 657 eum
1925 627 2044 659 vero

231 675 334 724 hoc
365 675 477 723 loco
501 692 593 740 pro
622 672 818 720 infinito
851 673 1194 737 accipiendum
1219 692 1348 736 esse,
1385 676 1491 740 ipsa
1516 677 1667 724 verba
1689 677 1916 727 hebraica
1946 681 2042 727 do—

232 753 375 793 cent:
415 761 538 810 quos
560 743 691 792 enim
726 751 900 791 auctor
926 744 1168 793 Geneseos
1189 762 1337 793 versu
1366 749 1445 798 13.
1475 746 1870 812 quadringentos
1889 768 2044 798 annos

229 816 388 877 dixit,
427 830 570 862 versu
597 818 680 867 16.
710 814 876 861 statim
923 815 1140 879 explicat
1179 825 1363 880 quarta
1383 820 1700 880 generatione
1712 837 1725 881 3
1764 833 1869 868 :mm
1895 820 2045 883 igitur

229 894 280 933 et
305 897 384 935 ἾῚἸ
409 902 501 949 pro
529 884 818 949 synonymis
845 885 1016 949 ponit,
1059 885 1137 933 uti
1158 887 1442 948 saeculam,
1481 888 1628 935 etiam
1653 889 1708 936 in
1731 889 1900 953 lingua
1929 891 2044 938 Gal-

226 955 348 1017 lica,
384 955 438 1002 in
474 963 684 1019 utraque
721 955 1078 1017 significatione
1113 956 1340 1005 dicimus.
1413 958 1477 1004 Et
1512 975 1590 1005 res
1626 959 1735 1024 ipsa
1755 961 2045 1024 neutiquam

227 1033 497 1090 oppugnat.
554 1026 612 1072 In
641 1042 748 1089 cap.
779 1031 825 1077 6.
860 1025 1013 1072 Exodi
1040 1027 1431 1079 veis-14—20.
1460 1038 1680 1092 quatuor
1701 1033 2045 1094 generationes

224 1095 586 1158 Israelitarum,
625 1095 784 1142 dum
770 1112 824 1141 111
849 1095 1073 1159 Aegypto
1096 1113 1182 1144 vei
1184 1097 1276 1143 5311
1302 1105 1444 1159 sunt,
1483 1109 1862 1149 enumerantur·
1898 1103 2045 1163 Levi,

225 1167 327 1231 qui,
363 1166 544 1213 Genesi
566 1166 772 1227 46,11
794 1172 1031 1227 testante,
1070 1182 1184 1213 cum
1209 1167 1386 1213 lacobo
1420 1137 1473 1214 i'n
1498 1161 1772 1234 Aegyptum
1793 1173 2045 1236 profectus

225 1243 327 1298 est,
363 1235 533 1299 genuit
554 1233 642 1285 τόν
671 1234 869 1282 Caatlz·
851 1271 867 1296 ,
910 1234 1064 1283 caath
1085 1255 1174 1287 τον
1197 1237 1444 1299 Amram5
1479 1246 1528 1286 et
1549 1240 1752 1288 Amram
1777 1242 1875 1289 suit
1901 1250 2046 1308 pater

223 1308 385 1355 Mosis
408 1314 460 1354 et
486 1305 712 1352 Aaronis.

366 1375 511 1423 Unde
546 1383 708 1422 autem
749 1373 910 1424 Exod.
962 1378 1056 1437 12,
1094 1375 1163 1428 40
1200 1375 1318 1423 anni
1349 1375 1480 1440 430,
1519 1379 1608 1442 qui
1643 1379 1698 1427 in
1724 1380 1947 1446 Epistola
1980 1382 2046 1447 ad

229 1447 428 1495 Galatas
454 1449 504 1508 3,
545 1449 611 1499 17
647 1444 980 1508 repetuntur?
1018 1471 1089 1482 —
1122 1447 1168 1493 Is
1195 1448 1276 1510 qui
1300 1446 1424 1495 haec
1446 1449 1663 1514 scripsit,
1704 1452 2044 1516 computavit:

224 1518 344 1566 alias
386 1525 582 1582 tempus
610 1514 927 1563 habitationis
961 1515 1333 1565 Israelitarum
1318 1535 1372 1565 111
1394 1518 1617 1584 Aegypto
1645 1523 1811 1570 verbis
1838 1523 2045 1571 Oraculi

222 1588 457 1636 finiisset:
495 1585 881 1650 quadringentos
911 1602 1066 1633 annos
1087 1587 1140 1633 in
1161 1587 1384 1653 Aegypto
1410 1588 1708 1641 habitarunt.
1734 1621 1805 1630 --
1826 1592 1891 1640 At
1918 1610 2043 1657 quos

222 1675 454 1707 numeros
482 1656 828 1736 computavit?
873 1682 940 1694 -
976 1656 1089 1704 Non
1121 1658 1241 1705 alios
1274 1659 1420 1722 novi,
1458 1660 1556 1707 nisi
1585 1678 1816 1710 numeros
1848 1663 2045 1711 Genea-

221 1729 382 1793 logiae
422 1727 597 1793 capitis
636 1728 777 1778 sexti.
814 1754 885 1763 —-
921 1727 1032 1785 Qua
1062 1744 1180 1776 vero
1213 1729 1406 1776 ratione
1433 1748 1496 1778 ex
1520 1730 1599 1778 his
1625 1733 1728 1786 430
1751 1751 1906 1781 annos
1934 1735 2044 1781 col-

223 1800 375 1862 ligere
401 1797 607 1864 potuit?
646 1797 767 1852 Levi,
788 1797 1004 1845 moritur
1031 1815 1160 1846 anno
1186 1799 1316 1847 vitae
1347 1803 1464 1862 137,
1505 1802 1659 1850 Caath
1686 1806 1802 1866 133,
1842 1805 2046 1852 Amram

226 1873 344 1933 137,
381 1877 430 1918 et
450 1869 624 1930 Moses,
653 1884 803 1932 quum
825 1868 1071 1915 1513311135
1101 1886 1164 1916 ex
1177 1870 1402 1934 Aegypto
1432 1872 1677 1935 educeret,
1716 1891 1870 1922 annos
1900 1882 2046 1923 octo-

221 1941 360 2004 ginta
397 1947 540 1987 natus
565 1946 686 1987 erat.
758 1938 933 1998 Annis,
965 1956 1094 2017 ’quos
1111 1939 1244 1988 filius
1270 1958 1382 1987 cum
1411 1950 1548 2006 patre
1567 1943 1714 2005 vixit,
1755 1945 2042 2007 contractis,

223 2010 360 2058 haud
401 2011 560 2057 multo
612 2010 726 2073 plus
763 2008 1002 2073 temporis
1038 2027 1183 2073 quam
1221 2011 1424 2058 ducenti
1460 2013 1579 2060 anni
1615 2015 1934 2078 colliguntur.
1972 2043 2045 2053 —

222 2081 359 2140 Quid
381 2098 415 2128 v
419 2097 499 2128 310
514 2079 539 2126 ‘2
575 2078 782 2128 tradatis
807 2096 961 2144 puero
983 2079 1074 2127 1105
1095 2098 1328 2129 numeros
1353 2083 1686 2147 Genealogiae,
1727 2093 1783 2132 ut
1805 2086 2044 2151 temporis

220 2152 437 2216 spatium
477 2157 747 2229 computet.
820 2150 957 2209 Quid
986 2151 1207 2199 facturus
1253 2152 1360 2199 est?
1401 2171 1633 2202 numeros
1674 2156 1894 2218 singulos
1925 2159 2040 2217 137,

221 2225 498 2283 133,137‚
537 2224 604 2274 80
630 2221 684 2266 111
703 2237 854 2268 11113111
877 2237 1120 2268 suminam
1146 2222 1359 2285 colliget.
1406 2225 1514 2271 Nisi
1539 2225 1704 2288 fallor,
1732 2226 1774 2273 is
1801 2227 1890 2290 qui
1913 2243 2044 2274 sum-

215 2309 349 2340 mam
370 2293 474 2344 430
502 2307 746 2338 annorum
768 2291 1152 2353 collegi1‚haud
1172 2293 1383 2357 peritior
1407 2295 1502 2342 fuit
1524 2294 1903 2344 Arithmetices:
1940 2314 2044 2345 non

217 2380 386 2409 omnes
423 2379 540 2411 vero
578 2378 734 2409 annos
767 2365 860 2412 τοῦ
897 2362 1018 2410 Levi
1051 2363 1105 2410 in
1132 2380 1369 2412 summam
1391 2382 1653 2414 numerare
1680 2367 1874 2431 potuit,
1914 2384 2045 2432 quo-

214 2433 351 2481 niam
384 2432 529 2494 Levi,
578 2449 732 2496 quum
768 2432 823 2479 in
854 2432 1136 2498 Aegyptum
1174 2434 1607 2499 proficiscebatur,
1657 2436 1755 2484 iam
1784 2438 1894 2500 vir,
1943 2437 2044 2485 iam

213 2512 359 2568 pater
397 2503 553 2550 tiium
596 2503 818 2551 filiorum
855 2504 979 2550 fuit:
1033 2504 1165 2552 vixit
1212 2521 1326 2568 ergo
1367 2506 1421 2552 in
1455 2508 1709 2571 Aegypto,
1745 2524 1848 2554 non
1884 2525 2042 2555 annos

218 2576 346 2630 137,
385 2574 473 2621 sed.
492 2589 700 2620 numero
742 2574 860 2635 illo,
900 2573 1034 2638 apud
1070 2575 1318 2623 Hebraeos
1351 2575 1482 2624 inter
1507 2577 1748 2624 rotundos
1787 2579 2040 2642 ponendO,

215 2660 371 2690 annos
408 2647 492 2695 80.
576 2644 641 2690 Et
675 2642 718 2690 si
757 2648 824 2696 80
847 2647 902 2704 -Ι-
929 2647 1027 2696 133
1049 2648 1104 2707 -Ι-
1131 2649 1232 2698 137
1258 2648 1315 2708 -Ι-
1341 2649 1408 2698 80
1447 2647 1666 2710 colligis,
1720 2664 1909 2694 summa
1946 2649 2042 2696 tibi

215 2721 289 2762 est
319 2714 440 2766 430.
485 2740 558 2750 —
603 2713 845 2760 Rideatis!
893 2721 1058 2760 tamen
1092 2715 1217 2762 seria
1253 2732 1340 2777 ago
1382 2716 1435 2761 in
1469 2717 1627 2763 ludis:
1674 2734 1835 2780 neque
1866 2726 2042 2767 contra

212 2800 402 2833 morem
461 2783 790 2831 aiithmetices
833 2783 1177 2846 imperitorum
1200 2784 1336 2830 hunc
1364 2786 1566 2833 modum
1598 2789 1914 2852 computandi
1937 2806 2042 2837 esse

211 2853 454 2901 arbitror
440 2887 458 2914 ‚
493 2870 654 2918 neque
677 2854 822 2901 aliam
846 2853 1140 2901 solutionem
1173 2854 1599 2919 interrogationis:
1638 2859 1771 2906 unde
1797 2858 1876 2906 illi
1898 2851 2039 2913 430¹?

214 2924 380 2975 video.

355 2996 467 3059 Pag.
506 2994 622 3049 164.
645 2995 697 3041 Β.
738 2993 974 3058 Georgius
1009 3014 1075 3065 τῳ
1108 2994 1201 3043 Iair
1228 2996 1486 3055 Galaaditi‚
1512 2996 1671 3045 iudici
1692 2998 2037 3063 Israelitarum‚

212 3083 370 3114 annos
411 3073 605 3113 tantum
644 3067 830 3130 viginti
868 3065 1068 3127 tribuit,
1106 3073 1154 3114 et
1185 3074 1318 3113 totus
1340 3068 1460 3115 ordo
1486 3085 1805 3117 numerorum
1829 3071 2036 3134 indicat,

210 3135 349 3185 hunc
370 3153 629 3184 numerum
657 3153 684 3182 a
705 3135 878 3182 scribis
901 3135 1223 3200 depravatum
1247 3154 1351 3184 non
1380 3155 1499 3187 esse.
1558 3139 1619 3186 In
1639 3139 1891 3188 Hebraicis
1916 3158 2036 3190 vero

211 3215 263 3255 et
299 3207 502 3256 Graecis
552 3207 862 3270 septuaginta
894 3205 1219 3271 interpretum
1279 3207 1533 3256 codicibus
1570 3214 1639 3262 22
1677 3210 1917 3275 scriptum
1948 3220 2036 3261 est.

208 3279 323 3325 Non
360 3278 554 3343 reperio
589 3276 719 3324 unde
749 3293 982 3324 numerus
1026 3277 1112 3325 ille
1139 3286 1366 3342 sumptus
1386 3278 1478 3340 sit,
1515 3279 1616 3326 nisi
1645 3280 1842 3344 Georgii
1878 3288 2037 3330 aetate

209 3349 263 3395 in
288 3349 542 3396 codicibus
567 3348 854 3397 varietatem
874 3347 1101 3396 lectionis
1127 3348 1278 3397 fuisse
1303 3349 1554 3414 posueris,
1591 3367 1717 3415 quae
1745 3351 1800 3398 in
1835 3359 2034 3402 nostros

208 3420 406 3467 codices
431 3436 533 3467 non
551 3417 820 3468 transierit,

351 3491 535 3541 Eadem
572 3488 766 3541 ratione
790 3487 1030 3556 Georgius
1056 3489 1365 3559 Ρ111111ω5111
1390 3490 1512 3541 locis
1541 3492 1600 3542 ab
1625 3492 1917 3542 auctoritate
1940 3509 2032 3541 no-
