2222 3938
325 159 454 222 540
922 167 1504 225 EMENDATIONES

473 298 627 362 Γάϊος
650 295 991 366 Καλλιγούλας
1023 297 1106 365 ε’τη
1134 297 1289 366 τρία]
1325 295 1483 348 Addit
1521 299 1740 365 Scaliger
1771 307 1942 351 textus
1975 301 2153 353 Euseb.

329 387 441 438 pag.
478 373 563 426 64.
603 375 769 438 μῆνας
804 370 939 420 δέκα.
978 411 980 413 -

471 444 584 506 Pag.
619 444 739 495 331.
775 438 966 507 Πέτρος
999 436 1031 491 ὁ
1071 440 1391 507 κορυφαῖος]
1441 439 1573 489 Petri
1609 440 1963 506 Apostolorum
1995 444 2158 509 Cory-

330 512 476 579 phaei
495 511 854 560 Pontificatus
838 528 893 558 m
914 512 1134 558 Romana
1161 511 1275 559 sede
1295 528 1470 573 annOS,
1509 510 1766 576 epocham,
1799 520 1849 560 et
1870 530 1972 561 una
1997 515 2158 563 Geor-

330 583 402 647 gii
450 584 511 632 de
553 582 644 630 illa
694 589 911 630 mentem
959 580 1015 630 in
1075 581 1274 631 Canone
1328 580 1577 631 Chronico
1625 583 1755 632 clare
1798 583 2044 649 designav
2030 601 2158 635 nnus

369 670 444 717 ag.
485 652 604 705 500·
831 684 833 686 v

331 672 365 720 P
472 723 586 786 Pag·
621 724 741 777 332.
778 717 995 790 Μαρκος
1017 742 1043 774 o
1033 716 1479 790 Ἐυαγγελιστής.]
1515 721 1677 771 Prima
1704 738 1770 771 ex
1793 722 1992 787 Georgii
2011 740 2159 773 sensu

331 793 701 843 Alexandrinae
734 793 864 841 sedis
893 793 1081 858 epocha
1120 794 1183 842 ἃᾶ
1214 795 1382 842 locum
1413 793 1625 840 eundem
1658 801 1970 858 recensetur,
2008 802 2058 843 et
2094 811 2158 843 ex

260 862 262 866 ’
328 863 690 914 Ecclesiasticis
720 863 1044 928 Chronologis
1073 863 1207 912 Petri
1227 865 1291 913 ad
1310 862 1493 913 Urbem
1520 864 1739 912 adventu
1764 882 1894 913 anno
1921 865 2030 913 solo
2054 883 2159 931 po-

330 934 510 983 sterior
528 934 792 985 iudicatur.
863 934 1019 983 Marci
1042 935 1369 1000 Episcopatus
1392 951 1547 982 annos
1571 939 1652 988 16.
1691 951 1800 1000 pag.
1839 935 1959 989 334.
1998 935 2055 988 A.
2094 935 2159 984 ad

333 1005 636 1069 marginem,
673 1022 738 1054 ex
768 1006 931 1054 Perez.
965 1022 1161 1069 quoque
1194 1005 1380 1054 codicis
1414 1004 1662 1068 margine,
1699 1021 1957 1070 expressos
1982 1006 2038 1054 in
2060 1007 2159 1057 Ca-

334 1092 467 1124 none
503 1075 751 1124 Chronico
783 1076 1184 1139 numeravimus,
1236 1076 1375 1124 cuius
1410 1083 1661 1141 praeterea
1695 1076 1890 1125 numeri
1932 1076 2054 1124 fides
2094 1094 2159 1126 ex

335 1146 572 1194 adiuncto
598 1147 723 1194 illuc
747 1147 917 1195 eodem
938 1146 1128 1195 monito
1161 1147 1368 1212 probata
1405 1145 1726 1210 relinquitur.
1796 1145 1969 1196 Annos
2003 1147 2162 1196 Marci

331 1217 389 1264 in
433 1216 737 1265 Pontificatu
771 1217 915 1265 aliter
951 1218 1175 1266 referunt
1211 1216 1490 1279 Eusebius,
1512 1215 1850 1281 Nicephorus‚
1884 1217 2162 1282 Eutychius

332 1287 562 1348 Seldeni,
597 1286 909 1336 Abrahamus
931 1286 1267 1336 Ecchellensis
1290 1288 1344 1334 in
1368 1287 1615 1335 Chronico
1639 1287 1909 1351 Orientali,
1949 1295 1998 1336 et
2023 1288 2122 1338 alii.

481 1359 590 1422 Τῆς
620 1353 910 1423 Ἀντιοχέων
950 1357 1210 1421 ἐκκλησίας
1246 1355 1498 1424 πρῶτος]
1544 1357 1623 1405 Ad
1658 1357 1898 1423 epocham
1940 1359 2160 1421 eandem,

335 1428 512 1477 mundi
537 1428 775 1477 nimirum
798 1429 954 1484 5541.
979 1436 1026 1476 et
1050 1428 1233 1477 Christi
1258 1430 1342 1482 41.
1378 1427 1718 1476 Antiochenae
1731 1465 1745 1490 ,
1783 1436 1832 1476 et
1858 1429 2166 1478 Alexandri-

335 1518 430 1548 nae
464 1499 708 1548 Ecclesiae
738 1499 1072 1566 incunabula,
1108 1516 1171 1548 ex
1205 1498 1632 1563 chronologorum
1660 1499 1883 1548 omnium
1918 1517 2162 1549 consensu

336 1570 535 1619 Author
560 1571 758 1634 alligare
782 1570 1000 1621 videtur.

475 1642 589 1704 Pag·
625 1644 744 1695 333
779 1635 1049 1707 Ἀγρίππας
1082 1639 1291 1706 θεμέλια
1321 1634 1640 1706 πηξάμενος]
1690 1639 1824 1688 Haec
1854 1641 1950 1689 alio
1987 1640 2162 1706 dispo·-

336 1711 430 1759 sita
461 1712 634 1759 ordine
659 1713 813 1758 refert
839 1711 1055 1774 Scaliger
1079 1728 1188 1776 pag.
1217 1718 1384 1758 textus
1410 1711 1582 1759 Euseb.
1619 1710 1705 1765 65.
1739 1710 1800 1759 de
1839 1712 2019 1777 quibus
2048 1713 2161 1761 Act.

337 1799 444 1847 cap.
484 1785 566 1835 12.
606 1788 654 1828 et
689 1781 928 1846 Iosephus
965 1781 1252 1845 Antiq.1ib.
1293 1785 1373 1834 19.
1414 1798 1520 1846 cap.
1560 1787 1608 1833 7.
1646 1789 1695 1829 et
1731 1785 1779 1834 8.

473 1847 746 1918 Ἀγρίππας
777 1852 856 1917 ε’τη
882 1872 942 1918 κγ
942 1847 996 1918 ’.]
1035 1852 1253 1915 Scaliger
1283 1868 1390 1916 pag.
1420 1856 1506 1905 66.
1541 1850 1623 1917 ἔτη
1655 1847 1744 1910 σις’.
1783 1853 1936 1901 Recte
1961 1852 2162 1917 quidem

334 1923 398 1971 ad
423 1922 621 1970 Eusebii
646 1930 886 1985 mentem,
926 1922 1136 1986 Georgio
1160 1922 1383 1987 positum
1405 1938 1668 1970 numerum
1698 1923 1878 1986 ubique
1899 1923 2161 1974 retinente.

472 1988 557 2042 Ἐκ
590 2010 680 2044 του
706 2012 908 2060 πρωτου
939 1989 1124 2059 λόγου]
1162 1992 1388 2040 Secunda
1425 1999 1499 2039 est
1527 1992 1582 2039 in
1614 1992 1759 2040 editis
1787 1993 1975 2056 oratio,
2017 1995 2161 2043 cuius

335 2063 422 2112 hic
445 2063 596 2113 verba
636 2063 868 2111 citantur.
941 2063 1020 2111 Ad
1046 2063 1291 2111 editorum
1312 2062 1462 2110 fidem
1483 2063 1582 2110 MS.
1611 2063 1817 2112 mendae
1849 2072 2163 2130 reparantur.

478 2131 773 2200 Γαιτθίων.]
823 2133 1061 2199 Superius
1097 2136 1313 2200 Γηττῶν.
1360 2134 1576 2183 Zonaras
1606 2136 1806 2185 Γιττῶν.
1852 2134 2162 2204 Epiphanius

337 2207 555 2255 Γιτθῶν.

475 2276 590 2338 Pag.
627 2274 750 2328 334.
787 2268 1052 2334 Εὕόδιος’
1036 2272 1118 2340 ἐτη
1143 2268 1226 2324 κθ·’
1231 2272 1266 2338 .]
1304 2274 1487 2338 Pagina
1512 2274 1766 2358 superiore
1790 2274 1988 2341 scripsit
2006 2270 2101 2342 κη’.

472 2342 880 2413 Ῥωμαιτάλκου.]
918 2345 1116 2394 Barber.
1152 2346 1311 2393 codex
1340 2339 1705 2411 Ρυμαιτοὲκλου.
1764 2347 1927 2396 Perez.
1955 2345 2164 2414 Ῥυμαι-

335 2411 537 2467 τᾶλκου.

476 2482 560 2536 Ἐκ
605 2480 817 2537 Τυοῖνων
849 2505 941 2551 της
961 2485 1380 2567 .Καππαδοκίας.]
1419 2486 1534 2535 Tria
1561 2486 1885 2552 Manuscript.
1920 2489 2010 2553 τῆς
2039 2481 2163 2538 Ἰτα-

338 2557 460 2617 λίας.
499 2557 713 2621 Scaliger
740 2575 801 2623 pl
805 2573 1030 2606 ovmclae
1048 2573 1231 2605 nomen
1254 2557 1501 2621 expunxit
1530 2558 1695 2623 pagin.
1733 2560 1816 2613 65.
1905 2590 1907 2593 -

482 2625 594 2695 Προ
635 2624 752 2693 χνδῖ
790 2627 913 2680 ἒτων
952 2626 1169 2694 φανείς]
1208 2628 1286 2677 Ita
1313 2628 1527 2677 fideliter
1564 2636 1745 2678 cuncta
1777 2627 1910 2679 MSS.
1945 2626 2162 2690 Scaliger

341 2696 520 2745 citatus
556 2698 699 2763 χνζ.

483 2768 593 2832 Pag-
630 2765 785 2822 335.’
784 2764 920 2828 Ἐτος
941 2787 1039 2819 που
1061 2763 1141 2833 λ’.]
1178 2768 1484 2819 coniecturis
1521 2771 1584 2819 ad
1613 2787 1723 2836 pag.
1748 2772 1870 2823 330.
1899 2766 2162 2834 productis

339 2837 509 2888 Iacobi
536 2855 692 2886 annos
715 2841 801 2892 28.
827 2839 1056 2887 dubitans
1081 2856 1144 2887 ex
1166 2841 1414 2905 particula
1437 2860 1539 2892 που
1562 2838 1886 2891 subindicavi.

469 2909 595 2972 2'Pag.
633 2911 751 2961 337.
795 2907 1106 2975 Ἡγησίππου
1153 2915 1388 2977 μαθητοῦ
1425 2915 1526 2962 τῶν
1557 2905 1927 2973 Ἀποστόλων.]
1976 2909 2162 2958 Eadem

341 2978 607 3044 Hegesippi
629 2986 843 3026 testatur
869 2981 1051 3028 Abdias
1079 2981 1394 3046 BabyloniuS,
1430 2983 1511 3030 vel
1533 2981 1694 3046 operis
1718 2980 1821 3027 eius
1843 2980 2044 3028 nomine
2069 2997 2162 3046 pu..

340 3050 514 3101 blicati
561 3047 755 3097 author.
843 3050 987 3099 Caret
1033 3050 1113 3099 his
1152 3052 1413 3100 ementitus
1454 3052 1541 3099 ille
1585 3051 2069 3130 Hegesippus'tomo
2107 3053 2160 3102 7.

341 3119 579 3171 Biblioth.
602 3120 690 3169 PP.
726 3118 928 3167 Latium
918 3138 1015 3168 um
1057 3128 1256 3170 extans:
1309 3122 1368 3169 de
1402 3122 1582 3185 quibus
1609 3121 1755 3170 etiam
1788 3123 2001 3170 Renatus
2031 3122 2162 3168 Lau-

342 3191 534 3243 rentius
552 3190 608 3238 in
634 3189 884 3273 prooemio
915 3191 975 3238 ad
998 3192 1207 3239 eundem
1234 3192 1579 3280 Hegesippum.

486 3263 599 3324 Pag.
630 3260 751 3314 340.
774 3254 984 3325 Ἁρματι
1002 3265 1226 3331 πωλικῷ,
1261 3261 1345 3312 καὶ
1369 3263 1561 3330 τελείῳ,
1599 3263 1686 3314 καὶ
1712 3258 2017 3328 δεκαπῶλῳζβ
2051 3261 2160 3310 Au-

344 3332 526 3396 rigasse
556 3332 637 3380 vel
670 3329 999 3395 triumphasse
1028 3302 1264 3395 quosdam
1304 3333 1439 3396 biga,
1478 3334 1735 3398 quadriga,
1770 3334 1931 3396 seiuge
1951 3340 2042 3381 etc.
2075 3349 2159 3380 re-

345 3406 445 3452 fert
464 3402 764 3465 Bulengerus
790 3402 1013 3466 oupscul.
1040 3403 1100 3448 de
1122 3402 1710 3468 Triu1npl1is.Ne10nem
1742 3403 1987 3469 Olympiis
2020 3403 2158 3450 auri-

347 3481 542 3538 gantem
576 3480 744 3522 narrat
775 3471 858 3520 hic
881 3469 1122 3521 Author
1101 3469 1282 3541 α’ρματι.
1318 3478 1541 3545 πωλικῷ,
1579 3493 1737 3523 curru.
1770 3475 2020 3539 simplici,
2054 3473 2157 3522 sive
