2222 3938
322 173 450 234 482
956 179 1534 238 EMENDATIONES

321 314 523 362 Canone
551 311 789 362 visuntur
822 310 1186 360 emendationes
1222 328 1284 360 ex
1315 327 1490 375 regum
1522 309 1722 376 privato
1757 310 2000 363 laterculo
2046 313 2149 363 huc

322 385 509 432 delatas
544 383 715 431 nullus
751 383 1036 442 mirabitur,
1072 382 1172 431 nisi
1203 382 1290 447 qui
1321 382 1503 431 Xerxis
1527 382 1678 447 primi
1701 399 1859 432 annos
1884 401 1994 450 pag.
2030 388 2150 439 250.

320 455 380 507 D.
415 462 464 502 et
495 453 789 502 Artaxerxis
831 471 943 518 pag.
981 455 1099 507 251.
1139 453 1194 503 C.
1232 471 1260 500 a
1296 452 1584 517 semetipso,
1618 454 1838 503 noluerit
1876 456 2150 508 consultos.

319 525 552 590 Reliquas
579 522 923 580 Authorisvel
946 522 1289 572 Librariorum
1312 523 1741 587 hallucinationes,
1767 532 1825 573 ut
1849 533 1897 573 et
1921 543 2152 575 excessus

163 599 214 642 V.
239 598 296 644 53
324 596 445 644 adeo
473 609 725 655 enormes,
762 593 824 641 ad
846 611 1051 660 aequam
1086 593 1331 643 rationem
1367 594 1593 644 revocari
1624 604 1807 660 queant
1845 597 2152 646 commodior

323 666 519 716 occasio
546 664 826 729 patefaciet.

151 739 205 785 P.
233 740 291 786 58
461 736 574 798 Pag.
611 739 731 789 209.
769 735 1039 786 Χαλδαίων
1077 729 1140 802 β’.
1177 733 1542 802 ἐβασίλευσεν]
1600 736 1918 787 Laterculum
1956 736 2057 786 hoc
2091 738 2152 788 ab

317 771 557 855 Eusebio²³
566 806 852 870 neglectum
886 806 1240 871 praetermittit
1283 806 1517 869 Scaliger.
1587 807 1776 856 Forsan
1819 809 2154 858 omittendum
2200 814 2202 817 ’

317 875 565 924 iudicavit
588 877 858 938 EusebiuS‚
898 877 1033 941 quod
1063 877 1297 925 Chaldaei
1325 877 1605 942 Medorum,
1642 896 1856 943 quorum
1880 879 2016 947 apud
2040 897 2154 930 eum

319 954 458 996 extat
486 946 816 1012 diagramma,
854 947 1207 997 subiacerent
1191 948 1418 1013 imperio.

459 1018 573 1081 Pag-
613 1021 731 1072 210
769 1018 1037 1068 Χαλδαίων
1076 1015 1158 1085 ιβ’.
1194 1018 1509 1105 ἐβασίλευσεν
1545 1015 1728 1084 ἄλλος]
1776 1020 1857 1069 Ex
1891 1019 2003 1086 pari
2037 1036 2151 1085 pag.

316 1088 659 1169 praecedentis
713 1088 901 1154 scripto
948 1089 1081 1137 linea
1119 1093 1170 1144 1.
1231 1085 1553 1156 ‹iffae-imme
1602 1087 1750 1151 ἄλλος
1800 1090 2150 1156 reponendum

319 1158 553 1208 coniicio.

460 1224 604 1280 Κατα
628 1226 683 1282 δὲ
702 1247 822 1290 τους
844 1225 1024 1291 ἅλλους
1043 1249 1074 1280 κ
1074 1222 1126 1295 ’.]
1153 1227 1433 1296 Iosephus
1418 1247 1474 1278 111
1498 1228 1746 1296 Apionem
1770 1229 1976 1297 scripsit
1999 1230 2154 1284 εἴκοσι

317 1297 478 1352 ἐννέα.

458 1371 572 1434 Pag—
595 1365 885 1433 ι211.““Έως
910 1369 1129 1438 Δαρείου
1153 1372 1246 1422 τοῦ
1283 1367 1505 1438 Ξέρξου.]
1558 1370 1820 1420 videndus
1857 1368 2055 1420 Author
2089 1371 2154 1421 ad
2203 1417 2207 1419 ,

319 1441 622 1506 Cambysen,
660 1448 710 1488 et
746 1442 810 1489 ad
845 1441 946 1489 eius
977 1458 1162 1489 annum
1191 1441 1423 1505 quintum
1457 1449 1718 1492 annotata:
1765 1442 1996 1492 Petavius
2021 1459 2153 1508 quo-—

318 1529 410 1577 que
438 1513 523 1563 lib.
555 1517 635 1566 10.
665 1511 726 1559 de
749 1513 893 1562 Doct.
916 1511 1087 1577 Temp.
1114 1528 1222 1576 cap,
1249 1516 1332 1565 17,

452 1578 570 1634 ’And
588 1580 814 1647 πέμπτου
842 1581 982 1643 ἔτους
1008 1578 1334 1647 Καμβύσου.]
1394 1577 1490 1645 Τὸ,
1530 1580 1788 1649 πέμπτου,
1823 1582 2153 1632 desideratum

319 1649 376 1701 in
407 1653 558 1717 Regio
592 1653 872 1702 restituitur
907 1670 971 1701 ex
998 1652 1237 1714 Eusebio,
1276 1653 1412 1718 apud
1445 1670 1590 1718 quem
1621 1653 1841 1717 legimus.
1918 1655 2155 1703 obtinuit

317 1724 609 1789 Aegyptum
633 1723 898 1787 Cambyses
921 1726 975 1771 in
999 1741 1135 1771 anno
1163 1726 1340 1788 quinto
1364 1727 1510 1790 regni
1530 1726 1617 1772 31ιὶ
1638 1734 1726 1775 etc.
1783 1724 1925 1773 Hanc
1950 1733 2155 1782 senten-

314 1794 439 1842 tiam
465 1795 561 1842 init
586 1794 803 1860 Scaliger
826 1795 1005 1858 pagina
1032 1798 1117 1848 39.

458 1867 669 1929 Πρωτος
703 1862 883 1929 Ῥῶμος
909 1863 1178 1930 Ῥωμαίους
1191 1859 1516 1949 εἰσήγαγεν]
1571 1864 1696 1932 Apte
1729 1865 1948 1931 Scaliger
1977 1866 2155 1933 pagina

316 1941 486 1983 textus
513 1936 598 1988 39
639 1952 838 2001 πρωτος
866 1933 1117 2000 Ῥωμαίων
1141 1929 1331 2000 νόμους
1358 1930 1635 2004 εἰσήγαγεν.

462 2017 568 2068 Καὶ
593 2016 801 2068 σκυτινα
822 2038 905 2069 και
934 2014 1235 2103 ὀστράκινα]
1274 2020 1354 2067 Ex
1381 2019 1601 2104 propriis
1629 2019 1924 2070 adversariis
1961 2021 2155 2071 addidit

319 2087 434 2136 ille.
470 2083 694 2154 πόλεμον
721 2086 776 2139 δὲ
803 2084 989 2142 ου’δέυα
1010 2085 1215 2142 πώποτε
1241 2086 1541 2159 διωκήσατο.
1613 2091 1724 2139 Hoc
1747 2092 1988 2142 Eusebius
2013 2094 2154 2142 Lati-

318 2175 414 2207 nus
439 2175 545 2207 non
571 2160 807 2223 suggerit.

439 2240 709 2312 ’Ἄρχοντες
734 2241 1016 2309 δεκαετεΐς.]
1056 2242 1311 2292 correctio
1338 2242 1461 2293 haec
1486 2260 1546 2292 ex
1569 2243 1799 2294 Eusebio.

458 2327 572 2391 Pag.
611 2331 732 2382 212.
755 2322 894 2388 ’Ἕως
918 2331 1010 2378 τοῦ
1029 2322 1162 2397 δωα’
1168 2327 1202 2393 .]
1243 2328 1317 2377 Λᾶ
1352 2328 1578 2376 Africani
1606 2337 1821 2378 mentem
1844 2328 1968 2379 haec
1995 2332 2155 2382 Geor-

316 2396 423 2461 gius
449 2414 501 2446 se
527 2397 786 2463 scripsisse
810 2405 1046 2460 testatur,
1086 2398 1269 2446 eisdem
1292 2399 1453 2447 nihilo
1478 2399 1638 2448 secius
1665 2401 1804 2465 quasi
1829 2401 1889 2450 ab
1914 2401 2153 2453 Africano

319 2467 565 2533 decerptis
592 2468 795 2516 titulum
832 2468 1074 2549 praefigit·
1095 2469 1336 2533 Scaliger,
1371 2465 1695 2538 Ἀφρικανοῦ.
1765 2471 1831 2520 At
1866 2489 1978 2521 curn
2016 2475 2153 2524 Afri-

320 2538 432 2585 cani
468 2538 769 2603 Georgiique
803 2539 1022 2587 rationes
1059 2539 1114 2587 in
1141 2540 1390 2604 praesenti
1427 2540 1637 2607 epocha
1652 2543 1979 2607 conveniant,
2028 2543 2152 2593 haec

319 2607 529 2672 Georgio
559 2609 874 2657 detracturus
899 2617 948 2657 et
976 2610 1185 2658 Eusebio
1212 2602 1675 2660 accommodaturus
1699 2614 1938 2678 temporis
1973 2615 2151 2663 calcu-

316 2677 421 2724 lum
450 2696 554 2727 non
576 2679 748 2728 debuit
774 2680 992 2744 Scaliger
1019 2697 1326 2747 expungere,
1364 2690 1414 2731 et
1444 2683 1654 2733 solerter
1679 2684 1853 2732 edere·
1889 2682 1982 2762 ἕως
1999 2687 2150 2738 τοῦδε

318 2747 371 2798 οἱ
387 2742 651 2813 Ἀθηναῖοι
677 2751 895 2815 βασιλεῖς
923 2770 1131 2819 πρωτοι.

454 2824 627 2882 Ἐννέα
660 2852 712 2885 τε
747 2829 1005 2901 ἀρχόντων
1036 2830 1349 2907 Ἀθήνῃσιν]
1388 2836 1490 2898 Qui
1526 2852 1707 2886 novem
1736 2835 1810 2885 illi
1832 2836 2148 2902 Magistratus

314 2900 639 2962 incognitum.
711 2905 914 2953 Planior
940 2906 1088 2955 lectio
1109 2916 1349 2972 reponat:
1384 2906 1422 2973 ἦ
1451 2906 1541 2958 νέα
1563 2925 1615 2958 τε
1641 2902 1896 2973 ἀρχόντων
1924 2904 2148 2982 Ἀθήνῃ-

317 2985 398 3021 σιν
433 2966 559 3038 οἷρχη
595 2971 891 3040 κατεσταθη.
964 2979 1116 3026 Nova
1144 2979 1553 3044 Magi-stratuum
1576 2986 1806 3042 potestas·
1828 2979 2044 3029 Athenis·
2069 3001 2148 3030 m-

316 3043 517 3089 stituta.
568 3043 785 3107 Scaliger
809 3045 1011 3094 Eusebii
1035 3048 1113 3096 sui
1136 3066 1244 3113 pag.
1268 3052 1352 3103 39.
1374 3055 1520 3095 textu
1541 3048 1797 3132 mutilato,
1835 3068 2032 3100 sensum
2063 3053 2147 3101 de-

315 3119 510 3177 pravat.
583 3110 704 3177 μετοὶ
732 3110 942 3177 τούτους
964 3137 1200 3184 αρχοντες
1227 3113 1508 3204 ᾈθηνῃσιν
1542 3112 1669 3185 οἷρχη
1692 3115 1994 3188 κατεσταθη.
2030 3121 2067 3187 ἦ
2090 3121 2148 3175 δὲ

315 3200 420 3233 των
447 3181 712 3234 ἐνιαυσίων
731 3180 919 3251 η’ρχθη.
976 3191 1186 3239 Φιλῖνον
1215 3188 1327 3238 vice
1366 3185 1592 3274 Φιλήνου
1615 3188 2146 3278 interpolat.1⁷9avov

318 3249 629 3319 Σαβινιανον
649 3254 901 3303 Severiani
923 3256 1036 3305 loco
1068 3258 1349 3320 substituit,
1386 3266 1435 3306 et
1453 3253 1749 3311 Ἀντωνίνου
1777 3261 1864 3313 καὶ
1885 3257 2145 3348 Αὕγέντου

315 3323 601 3372 nominibus
624 3340 725 3372 una
748 3341 861 3372 cum
881 3326 1085 3376 Petavio
1111 3329 1289 3394 positis
1308 3324 1607 3380 Ἀντωνίνου
1629 3350 1719 3383 του
1737 3331 1823 3384 καὶ
1846 3327 2143 3400 Αυγοῦστου

315 3401 504 3443 rectam
527 3394 848 3460 scriptionem
871 3397 1055 3460 requiri
1077 3416 1181 3447 non
1207 3399 1572 3448 animadvertit.

453 3471 565 3531 Ἐπὶ
594 3482 686 3547 τῆς
706 3475 794 3534 aff.
815 3476 1181 3550 Ὀλυμπιοὶὃος.]
1220 3484 1575 3554 olympiadum
1598 3501 1730 3538 anno
1767 3502 1797 3536 a
1825 3485 2004 3538 mundi
2024 3502 2142 3536 con.
