2112 3854
762 222 1261 282 DISSERTATIO.
1844 219 1918 278 17

457 328 485 356 ⁴

107 353 254 404 mini:
308 359 455 418 atque
490 360 725 416 accentu,
776 370 876 418 quo
912 357 1067 419 Χημᾶ
1100 354 1360 415 scribitur,
1409 353 1668 418 docemur,
1714 354 1922 407 verbum

106 442 212 473 non
250 439 354 472 esse
389 425 602 472 Graecae
648 423 869 487 originis.
954 426 1290 474 Derivandum
1330 433 1404 473 est
1454 443 1482 472 a
1517 424 1670 473 verbo
1705 424 1920 478 Arabico

107 495 274 561 (liceat
303 501 362 542 ut
398 493 652 543 Hebraicis
692 494 872 542 litteris
905 492 1038 560 utar)
1076 507 1196 558 ἠ»,
1245 495 1397 558 texit,
1446 495 1650 558 celavit,
1703 497 1836 560 quod
1863 498 1921 547 in

107 557 309 613 caeteris
345 564 566 613 dialectis
603 564 924 613 orientalibus
968 565 1310 628 desideratur,
1366 566 1502 614 unde
1553 565 1922 617 substantivum

107 647 285 700 wmq,
323 651 401 683 ars
423 651 617 682 arcana.
691 635 854 694 Quum
874 651 991 683 vero
1018 636 1222 698 Graeci,
1258 635 1473 684 maxime
1497 635 1785 699 orientales,
1823 637 1923 687 iam

105 704 219 752 inde
241 722 268 751 a
292 704 487 752 saeculo
510 705 685 769 quinto
705 705 787 753 vel
810 712 953 752 sexto
980 725 1029 771 η,
1058 723 1100 755 ει
1127 706 1340 769 aliasque
1362 706 1553 754 litteras
1579 708 1775 754 vocales
1797 715 1921 756 tono

105 778 196 825 τοῦ
227 775 329 822 Iota
363 775 770 840 pronuntiarent3
808 792 1014 838 nomen,
1053 776 1188 839 quod
1227 777 1286 822 ab
1313 776 1566 841 Aegyptiis
1599 777 1801 824 Clcimia
1838 795 1924 826 au..

107 844 357 906 diverant,
411 846 606 910 Χημεία
646 845 981 910 scripserunt,
1033 862 1178 909 quem
1213 846 1463 894 scribendi
1501 847 1706 894 modum
1751 864 1922 896 omnes

95 915 282 963 Graeci
299 915 497 979 sequuti
524 922 651 966 sunt.
724 916 901 963 Suidas
932 932 972 963 e.
997 931 1040 978 g.
1064 915 1208 980 ponit
1232 917 1427 981 Χημεία
1455 917 1508 963 in
1533 933 1589 964 eo
1611 917 1723 964 loco
1758 919 1849 965 sub
1874 938 1917 984 χ,

105 1002 249 1049 quem
281 986 469 1033 vocalis
494 1005 527 1051 η
567 986 814 1051 postulat,
863 1002 922 1032 ac
953 993 1148 1033 tantum
1190 985 1341 1034 libros
1376 985 1643 1050 Aegyptios
1681 987 1796 1053 περὶ
1829 993 1922 1053 τῆς

102 1056 308 1120 χημείας
337 1055 523 1103 laudat.
561 1084 626 1092 --
666 1056 833 1114 Quum
870 1072 990 1104 vero
1032 1056 1235 1120 Χημεία,
1268 1055 1456 1103 Chimia
1490 1058 1919 1121 pronuntiaretur,

103 1133 151 1173 et
171 1143 247 1173 ars
273 1125 360 1172 illa
384 1143 563 1174 arcana
586 1127 797 1174 maxime
819 1143 896 1174 ars
919 1126 1267 1191 liquefaciendi
1289 1128 1420 1174 facta
1443 1135 1594 1190 esset,
1630 1144 1800 1175 veram
1823 1146 1920 1176 no-

101 1195 248 1243 minis
288 1195 643 1244 derivationem
676 1197 990 1260 ignorantes,
1042 1197 1236 1244 saeculo
1278 1197 1585 1259 duodecimo,
1620 1207 1680 1244 ut
1706 1199 1920 1261 videtur,

99 1266 395 1331 inceperunt
423 1264 686 1330 Clzymiam
713 1267 951 1328 scribere,
988 1275 1222 1330 tanquam
1250 1284 1277 1313 a
1303 1267 1508 1332 κέχυμαι
1532 1267 1806 1316 derivatum
1842 1285 1923 1316 es-

103 1343 199 1398 set3
238 1344 287 1383 et
312 1335 443 1383 hanc
477 1337 725 1386 rationem
751 1337 1112 1402 pronuntiandi
1144 1344 1193 1384 et
1228 1338 1475 1385 scribendi
1511 1355 1680 1385 omnes
1711 1339 1814 1386 fere
1835 1356 1922 1387 re-

102 1405 345 1454 centiores
381 1424 530 1471 usque
563 1408 626 1455 ad
653 1407 985 1455 Boerhavium
1013 1407 1211 1471 sequuti
1245 1416 1377 1456 sunt.
1448 1407 1752 1455 Boerhavius
1784 1425 1922 1471 ver0,

101 1475 183 1523 cui
217 1483 470 1524 narratum
500 1485 629 1539 erat,
677 1477 731 1524 in
762 1476 1067 1526 Bibliotheca
1103 1477 1365 1525 Parisiensi
1400 1485 1593 1527 exstare
1629 1479 1717 1530 Ms.
1741 1479 1923 1527 Zosimi

99 1546 447 1610 Panopolitae,
498 1546 553 1593 in
601 1564 695 1610 quo
730 1547 893 1595 ubivis
938 1547 1136 1611 Χημεία
1171 1547 1417 1611 scriptum
1459 1549 1550 1603 sit,
1602 1557 1776 1597 auctor
1813 1550 1923 1611 fuit,

98 1624 156 1664 ut
193 1616 416 1681 plerique
449 1616 779 1679 medicorum,
828 1617 1058 1678 inprimis
1085 1617 1314 1664 Bataviae
1353 1625 1399 1666 et
1426 1619 1745 1680 Germaniae,
1784 1618 1922 1667 Che-

99 1686 247 1735 miam
279 1687 659 1752 pronuntiarent
699 1695 748 1735 et
786 1687 1074 1735 scriberent.
1145 1686 1226 1734 An
1259 1687 1351 1736 Ms.
1389 1687 1567 1737 Zosimi
1597 1696 1781 1750 exstet,
1830 1707 1923 1738 ne-

99 1757 229 1805 scio:
267 1757 328 1804 ad
356 1774 459 1805 rem
484 1764 703 1805 nostram
734 1758 848 1805 satis
873 1758 1008 1805 valet
1033 1758 1175 1805 locus
1208 1757 1421 1822 Georgii.
1493 1759 1678 1806 Tamen
1701 1758 1922 1807 Boerha-

96 1827 209 1876 vius
245 1835 489 1892 punctum
522 1845 626 1876 non
664 1828 803 1875 tulit:
856 1828 1083 1876 Zosimus
1119 1827 1320 1892 quidem
1355 1828 1536 1875 scribit
1573 1830 1774 1894 χημεία,
1815 1847 1921 1877 non

97 1914 215 1946 vero
247 1897 444 1945 Chemia
488 1900 866 1963 pronuntiavit.
935 1898 1015 1947 Ad
1054 1915 1223 1947 veram
1260 1899 1608 1963 etymologiam
1654 1900 1749 1947 soli
1788 1900 1923 1947 Galli

95 1984 277 2016 nomen
315 1968 540 2017 scribunt
583 1969 863 2031 Clzimz'am,
914 1975 963 2016 et
998 1983 1152 2035 quae,
1203 1968 1432 2018 Articulo
1477 1976 1672 2018 tantum
1706 1968 1920 2019 Arabico

96 2046 237 2086 aucta
253 2075 266 2100 ,
306 2039 473 2087 eadem
500 2055 614 2087 cum
639 2039 829 2087 chimia
854 2046 954 2098 est,
989 2039 1067 2087 Al
1076 2038 1376 2088 —clzz'miam.

223 2110 336 2172 Pag.
387 2109 467 2162 14.
510 2110 564 2160 C.
603 2106 759 2160 Ζώων
782 2112 931 2160 τινῶν
964 2108 1018 2161 ἐκ
1041 2113 1131 2175 τῆς
1156 2109 1378 2178 ἐρυθρᾶς
1399 2106 1662 2175 θαλάσσης
1685 2109 1924 2162 θανὲν-

94 2196 232 2229 των.
269 2205 340 2218 --
376 2179 568 2228 Goarus
606 2181 806 2228 coniicit
835 2175 1140 2231 θαλλόντων.
1174 2208 1234 2216 —-
1271 2181 1460 2230 Goarus
1496 2198 1644 2241 vero,
1683 2181 1921 2230 similitu-

95 2248 211 2297 dine
242 2249 507 2315 deceptus,
545 2250 682 2314 signa
709 2254 751 2302 Θ
781 2257 830 2298 et
864 2253 911 2300 Φ
940 2258 1151 2299 mutasse
1185 2251 1389 2301 videtur
1423 2252 1479 2300 in
1511 2251 1720 2315 legendo
1749 2252 1920 2300 codice

98 2319 312 2382 Georgii.
384 2319 556 2367 Scribe
595 2319 949 2384 φανέντων.

233 2391 654 2456 Κομπολογίᾱ
691 2408 794 2439 non
819 2398 908 2453 est,
944 2390 1022 2439 uti
1055 2391 1248 2439 Goarus
1277 2390 1415 2453 vult,
1455 2397 1714 2438 contextus
1741 2407 1922 2438 narra-

93 2457 245 2506 tionis
283 2458 498 2523 pulchro
539 2460 714 2509 ordine
755 2461 995 2524 digestae,
1030 2462 1116 2509 sed
1150 2461 1307 2509 oratio
1339 2460 1661 2509 iactabunda:
1706 2461 1920 2509 Berosus

93 2528 362 2592 grandibus
381 2530 544 2577 verbis
569 2529 800 2578 historias
824 2548 936 2579 suas
963 2532 1241 2581 exornavit.

219 2600 331 2663 Pag.
371 2599 451 2652 14.
485 2601 543 2648 D.
588 2597 654 2651 To*
685 2605 766 2650 τῶ
777 2620 807 2650 ν
833 2601 1099 2651 Χαλδαίων
1134 2609 1184 2649 et
1209 2600 1360 2666 paulo
1397 2606 1542 2664 post,
1587 2597 1674 2650 καὶ
1711 2599 1765 2650 οἷ
1806 2595 1920 2651 κατ’

95 2663 230 2719 αὐτό
241 2689 285 2719 ν.
309 2695 378 2707 -
401 2670 606 2718 Errores
630 2671 929 2736 typographi
953 2687 1054 2719 esse
1079 2671 1315 2720 videntur
1341 2666 1395 2721 τὰ
1416 2666 1505 2721 τόν
1535 2673 1598 2719 Χ.
1630 2677 1679 2718 et
1702 2665 1848 2721 αὐτῶ
1861 2688 1920 2722 v:

92 2740 292 2804 repetiti
319 2756 437 2789 vero
462 2748 580 2788 sunt
603 2757 666 2788 ex
693 2741 908 2788 editione
934 2741 1261 2790 Parisiensiin
1289 2741 1490 2789 Veneta.

233 2807 309 2861 Τὸ
341 2807 455 2877 γὰρ
485 2807 599 2876 τήν
632 2806 780 2861 καθ’
814 2810 986 2876 ’ἡμᾶς
1019 2810 1418 2877 οἰκουμένην
1446 2816 1561 2859 cett.
1607 2809 1744 2857 Haec
1769 2811 1919 2860 verba

96 2878 288 2927 Goarus
323 2897 528 2944 prorsus
571 2898 671 2928 non
703 2881 981 2944 intellexit,
1017 2881 1239 2930 inserens
1280 2881 1560 2946 ἐκείνης.
1635 2881 1797 2928 Locus
1835 2899 1921 2928 sa·-

92 2965 187 2995 nus
217 2958 313 2996 est:
350 2951 501 2998 verba
535 2950 603 3001 ἐν
639 2945 678 3022 ᾗ
700 2953 959 2999 referenda
986 2959 1104 2999 sunt
1131 2952 1194 3000 ad
1227 2960 1446 2999 nostram
1476 2960 1689 3013 terram,
1724 2952 1758 2998 i.
1787 2969 1826 2999 e.
1857 2952 1921 2998 ad

93 3019 381 3067 universum
410 3029 637 3068 nostrum
675 3021 842 3070 orbem
883 3029 1158 3084 terrarum,
1210 3039 1356 3086 quem
1391 3029 1504 3069 ante
1537 3020 1783 3069 diluvium
1817 3020 1921 3067 ha·-

94 3087 304 3136 bitatum
332 3091 479 3138 suisse
514 3099 676 3155 patres
710 3092 959 3140 Ecclesiae
989 3099 1248 3156 negarunt.
1321 3092 1507 3157 Opinio
1534 3090 1666 3139 inter
1693 3108 1775 3138 eos
1801 3090 1918 3138 vul-

94 3158 224 3220 garis
264 3167 396 3222 erat,
445 3169 626 3209 terram
664 3178 765 3210 esse
803 3162 1031 3227 planam,
1072 3162 1259 3210 Oceani
1296 3162 1487 3210 circulo
1530 3162 1916 3222 circumdatam3

99 3230 388 3288 (secundum
413 3231 558 3292 alios,
596 3239 654 3279 ut
680 3233 892 3279 Cosman
917 3233 1314 3297 Indicopleusten
1330 3270 1342 3293 ,
1380 3239 1511 3282 terra
1542 3239 1645 3279 erat
1669 3230 1920 3294 quadran-

95 3298 282 3359 gulata,
340 3301 733 3365 quadrangulato
787 3303 983 3350 Oceano
1034 3299 1382 3366 circumfusa).
1484 3303 1629 3350 Ultra
1666 3302 1918 3348 Oceanum

96 3367 244 3414 aliam
272 3375 452 3417 terram
482 3388 612 3433 esse,
651 3388 777 3436 quae
811 3372 995 3420 Oceani
1027 3390 1176 3437 aquas
1214 3372 1628 3420 circumclaudat:
1678 3378 1826 3433 atque
1860 3369 1918 3416 in

96 3434 191 3484 hac
220 3444 351 3485 terra
375 3441 509 3488 ultra
535 3442 808 3504 Oceanum,
846 3442 1023 3491 altiore
1052 3443 1255 3491 caeteris
1279 3450 1478 3490 nostrae
1510 3450 1670 3488 terrae
1695 3439 1917 3503 regioni-

96 3506 220 3568 bus,
257 3506 482 3557 homines
524 3518 638 3559 ante
675 3512 923 3563 diluvium
950 3512 1225 3562 habitasse:
1271 3512 1326 3560 in
1365 3511 1554 3562 diluvio
1587 3527 1707 3560 vero
1745 3510 1805 3558 ab
1831 3509 1920 3557 illa

216 3589 379 3648 Georg.
409 3591 640 3647 Syncellus.
682 3592 742 3636 11.
1541 3586 1578 3636 2
