2222 3938
616 185 716 243 ET
750 149 1341 243 ANNorATIONEs.
1777 172 1908 247 517⁴

74 334 168 367 sus
197 325 245 364 et
279 316 492 365 obaesus
531 315 798 368 indicatur.
883 316 1139 367 videndus
1161 315 1348 366 'Simon
1396 314 1592 366 Portius
1630 315 1686 364 in
1720 316 1915 368 Lexico'*

74 387 439 438 mixobarbaro.
1007 411 1011 415 ·

101 490 105 493 -
134 511 137 513 ,
223 461 334 509 Τῶν
356 452 450 509 δύο
476 457 787 527 βασιλειῶν]
830 455 1160 508 Alexandriae
1186 457 1422 507 nimirum
1447 465 1498 506 et
1522 458 1754 524 Cyrenes.
1798 458 1901 507 Uni
1932 467 1983 512 V..
2005 464 2063 512 65

73 545 318 593 namque,
355 536 419 577 et·
444 545 804 594 nonnunquam
841 529 1033 579 duobus
1076 529 1288 595 sceptris
1327 536 1540 594 utraque
1575 529 1711 594 regio
1736 527 1907 578 subia-

75 599 236 648 cebat.

205 662 330 720 Ὦδε
375 661 761 733 συντάττονται.]
809 667 1034 717 Alicuius
1069 668 1317 718 defectum
1342 669 1597 734 sequentia
1632 668 1785 719 verba
1817 668 1907 718 de-

75 739 294 801 clarant3
341 754 436 785 nec
480 739 612 786 enim
650 747 976 787 memoratum
1010 739 1097 786 hic
1133 748 1250 804 post
1282 741 1616 789 Ptolemaeum
1655 739 1906 789 Phuscum

73 825 419 858 successorum
443 824 614 872 regum
639 810 933 858 laterculum
960 811 1245 876 profertum
1283 819 1330 860 et
1353 829 1381 858 a
1407 811 1683 859 Ptolemaeo
1708 810 1904 859 Phusco

73 880 141 929 ad
167 881 479 944 Cleopatram
508 880 774 928 Ptolemaei
800 881 1007 945 Dionysi
1029 880 1183 928 filiam
1203 881 1412 929 inferius
1430 889 1673 943 vocatam,
1709 882 1908 930 nullum

73 950 294 1016 Aegypti
328 965 492 1014 regem
528 951 738 1017 exponit
769 951 981 1003 Author.
1036 951 1080 999 A
1114 953 1364 999 communi
1388 953 1556 1000 forsan
1578 952 1755 1001 mundi
1774 969 1905 1001 anno

74 1023 233 1076 5377.
269 1037 366 1085 quo
397 1019 620 1069 Phuscus
658 1022 711 1069 in
745 1021 928 1070 solium
956 1029 1182 1083 evectus,
1222 1022 1285 1070 ad
1318 1022 1630 1087 Cleopatram
1663 1023 1906 1086 Lagorum

73 1090 330 1153 ultimam,
365 1098 415 1138 et
437 1099 637 1156 sceptro
665 1092 758 1140 sub
785 1110 971 1141 annum
1000 1092 1174 1140 mundi
1201 1092 1354 1146 5446.
1383 1101 1441 1140 ut
1462 1092 1637 1140 scribit
1657 1093 1768 1156 ille,
1803 1111 1906 1159 po-

73 1162 246 1224 titam,
292 1161 464 1210 nullus
503 1163 631 1211 alter
668 1163 897 1212 medius?
959 1163 1253 1211 Inserendus
1283 1179 1401 1211 sane
1439 1164 1727 1228 Cleopatrae
1763 1171 1907 1228 pater
1976 1199 1980 1203 -

75 1232 203 1280 alius
239 1233 580 1296 Ptolemaeus,
629 1240 740 1281 tum
782 1235 937 1282 frater
969 1235 1142 1282 eodem
1175 1233 1378 1282 nomine
1412 1234 1806 1299 nuncupanduS‚
1857 1240 1909 1282 et

73 1310 286 1367 uterque
320 1303 569 1368 praesenti
600 1304 714 1352 loco
748 1304 960 1353 Librarii
996 1305 1257 1352 oscitantia
1291 1305 1612 1370 praeteritus:
1661 1321 1811 1369 quam
1845 1321 1914 1353 ex.

74 1372 299 1422 Authore
316 1373 516 1438 partim,
551 1381 600 1422 et
619 1375 805 1439 partim
829 1392 892 1423 ex
917 1375 1136 1440 probatis
1161 1374 1486 1438 Chronologis
1506 1374 1721 1424 maxime
1742 1373 1907 1423 Chro-

75 1444 194 1492 nico
221 1444 560 1493 Alexandrino
594 1445 812 1494 Authori
837 1463 942 1494 non
962 1445 1133 1509 ignoto
1154 1446 1481 1510 reparandam
1511 1445 1724 1496 decrevi.

217 1511 479 1582 Αἰγύπτου
513 1514 599 1566 καὶ
627 1511 993 1602 Ἀλεξανδρείας
1022 1514 1087 1599 η’.
1127 1515 1441 1582 ἐβασίλευσεν
1463 1535 1517 1567 το
1545 1519 1747 1585 πρῶτον
1774 1519 1905 1567 Πτο-

76 1584 328 1654 λεμαῖος““
303 1605 329 1636 ο
357 1586 633 1645 Φοῦσκος’
617 1586 697 1651 ἐτη
725 1583 776 1638 ι’.
808 1591 901 1638 τοῦ
930 1585 983 1637 δὲ
1008 1581 1201 1671 κόσμου
1230 1581 1379 1656 staff.

219 1651 483 1743 Αἰγύπτου
517 1655 604 1707 καὶ
635 1652 1003 1745 Ἀλεξανδρείας
1036 1652 1107 1708 θ’.
1156 1637 1473 1722 ἐβασίλευσεν
1516 1651 1833 1725 Ἀλέξανδρος
1877 1655 1909 1708 ὅ

75 1721 240 1780 αὐτοῦ
260 1723 519 1790 αδελφός’
503 1726 585 1791 ε’τη
610 1723 680 1778 ιε’.
716 1748 806 1779 του
834 1726 888 1778 δὲ
909 1723 1097 1793 κόσμου
1120 1722 1278 1796 ετπζ.

218 1793 479 1864 Αἰγύπτου
501 1817 585 1848 και
605 1792 973 1885 Ἀλεξανδρείας
997 1795 1041 1848 ι’.
1071 1776 1388 1882 ἐβασίλευσεν
1413 1792 1468 1848 τό
1504 1792 1738 1866 δεύτερον
1767 1799 1906 1847 Πτο-

77 1872 280 1936 λεμαῖος
301 1866 329 1918 ὁ
358 1867 647 1928 Φουσκος”
618 1888 700 1933 ετη
730 1865 794 1935 η’.
825 1872 919 1920 τοῦ
948 1865 1003 1919 δὲ
1026 1863 1218 1952 κόσμου
1241 1864 1378 1937 ευβ’.

218 1933 491 2022 Αἰγύπτου
514 1937 600 1989 καὶ
631 1934 996 2026 Ἀλεξανδρείας
1037 1933 1121 1990 ια’.
1169 1938 1486 2005 ἐβασίλευσεν
1532 1939 1843 2004 Πτολεμαῖος
1876 1955 1909 1987 ο

79 2003 364 2069 Διόνυσος’
343 2007 430 2092 ε’τη
451 2002 512 2061 λ’.
546 2011 638 2059 τοῦ
663 2007 717 2061 δὲ
736 2005 965 2079 κόσμου
966 2028 1074 2060 sve..
1128 2045 1131 2050 »

221 2074 486 2148 Αἰγύπτου
516 2078 603 2130 καὶ
623 2059 987 2168 Ἀλεξανδρείας
1009 2074 1090 2145 ιβ’.
1127 2078 1445 2163 ἐβασίλευσεν
1467 2081 1776 2166 Πτολεμαῖος
1795 2071 1910 2135 υἷος

81 2142 425 2215 Πτολεμαίου,
459 2169 550 2200 του
584 2149 670 2201 καὶ
707 2148 962 2203 Διονύσου
995 2144 1323 2216 Κλεοπάτρας
1363 2144 1582 2212 οἷδελφος
1618 2147 1699 2213 ε’τη
1724 2143 1909 2206 ς’.τοῦ

81 2219 138 2273 δὲ
161 2217 352 2285 κόσμου
376 2218 457 2284 ἔτη
481 2215 614 2287 ευμῖ.

223 2290 366 2340 Prius
391 2298 438 2338 et
456 2290 686 2338 iteratum
711 2289 987 2355 Physconis
1010 2306 1215 2354 regnum
1232 2287 1406 2337 asserit
1429 2287 1627 2336 Author
1653 2292 1910 2350 praesente

79 2363 224 2426 loco,
262 2368 311 2409 et
344 2360 606 2424 utriusque
635 2362 803 2409 fratris
836 2368 1032 2424 tempus
1067 2376 1309 2408 summam
1343 2375 1587 2406 annorum
1622 2360 1709 2410 33.
1749 2355 1909 2403 confi-
1987 2415 1995 2423 Ι

84 2450 196 2482 cere
232 2438 469 2480 testatur:
533 2431 813 2479 Ptolemaeo
862 2430 1108 2496 Dionyso,
1157 2430 1262 2478 sive
1307 2429 1575 2493 Dionysio,
1615 2426 1911 2492 quibusdam

81 2503 251 2553 Auleti
293 2501 402 2550 aliis
439 2500 661 2550 Lathuro
699 2501 1023 2565 cognomine,
1073 2499 1310 2561 Georgius
1345 2500 1535 2565 pariter
1573 2515 1631 2545 ac
1668 2496 1910 2545 Eusebius

82 2574 288 2637 triginta
328 2572 510 2620 tribuit
547 2589 727 2631 annos,
760 2538 841 2619 t'ad
883 2571 1061 2619 mundi
1095 2570 1333 2620 videlicet
1376 2568 1531 2623 5440.
1603 2567 1840 2631 Sequitur
1881 2584 1910 2613 a

82 2644 339 2711 plerisque
371 2642 748 2708 praetermissus
783 2642 1091 2691 Ptolemaeus
1124 2640 1356 2697 ultimus,
1393 2641 1499 2688 sive
1531 2638 1829 2703 Dionysius,
1867 2635 1910 2684 si

82 2722 229 2781 pater
247 2713 344 2762 fuit
368 2713 594 2775 Auletes,
626 2713 711 2762 vel
732 2711 1010 2774 Lathurus,
1039 2712 1190 2760 cuius
1212 2727 1363 2774 regno
1396 2708 1634 2758 nonnulli
1656 2708 1798 2765 duos,
1821 2706 1910 2754 alii

86 2802 176 2833 sex
208 2784 435 2833 Petavius
472 2782 558 2832 lib.
584 2787 664 2837 10.
689 2800 796 2848 cap.
820 2783 903 2835 46.
929 2782 1149 2847 quinque
1184 2798 1339 2829 annos
1363 2779 1638 2845 imputant,
1676 2795 1706 2826 a
1731 2776 1909 2826 mundi

86 2856 242 2910 5440.
269 2854 333 2902 acl
360 2854 513 2907 5446.
540 2870 643 2918 quo
667 2870 812 2901 soror
836 2853 1097 2919 Cleopatra
1128 2869 1233 2900 non
1264 2851 1489 2899 exercuit
1522 2849 1703 2911 mod0,
1738 2847 1825 2896 sed
1861 2854 1910 2895 et

86 2927 272 2989 regiam
309 2941 502 2972 omnem
534 2923 752 2989 suscepit
782 2930 1075 2989 potestatem
1107 2940 1170 2971 ex
1200 2938 1309 2987 pag.
1333 2924 1453 2975 303.
1483 2920 1539 2973 A.
1576 2920 1912 2968 Ptolemaeum

88 2996 243 3044 istum
266 2995 517 3043 diversum
543 2995 602 3042 ab
634 2995 809 3042 Aulete
831 3011 936 3041 non
959 2992 1154 3042 Author
1182 2992 1330 3040 modo
1350 3007 1459 3056 pag.
1483 2994 1602 3045 301.
1628 2991 1686 3038 D.
1718 2997 1767 3038 et
1791 2991 1911 3042 303.

88 3068 149 3116 A.
180 3081 276 3114 nec
302 3082 547 3113 annorum
571 3065 720 3114 modo
746 3081 1009 3127 nummus,
1041 3080 1216 3112 veium
1247 3069 1296 3110 et
1336 3062 1642 3127 scriptorum
1673 3058 1912 3106 authori-

89 3144 196 3198 tas,
235 3142 284 3183 et
315 3142 445 3182 aetas
485 3142 679 3198 tenera,
724 3152 822 3200 qua
854 3134 1125 3199 Eutropius
1164 3141 1212 3183 et
1250 3132 1431 3180 Paulus
1466 3130 1668 3180 Orosius
1704 3146 1730 3178 e
1761 3128 1909 3189 vivis,

92 3207 156 3255 ob
192 3205 426 3270 Pompeio
465 3221 636 3253 necem
672 3206 733 3253 ab
776 3222 832 3254 eo
872 3205 1142 3253 crudeliter
1177 3203 1396 3264 illatam,
1431 3219 1459 3249 a
1497 3203 1698 3248 Caesane
1733 3198 1912 3246 deinde

93 3276 341 3324 sublatum
375 3281 696 3324 attestantur.
739 3275 825 3323 hic
857 3275 1056 3339 quidem
1092 3274 1220 3323 libro
1249 3278 1296 3328 6.
1334 3290 1440 3338 cap.
1476 3271 1556 3325 15.
1620 3270 1727 3316 ῘῙίΟ
1751 3270 1911 3316 &altus

86 3364 294 3412 pugnae
318 3343 390 3390 ad
412 3346 923 3409 Palaeoplzarsalium
942 3348 1069 3406 fuit.
1147 3346 1417 3408 Pompeius·
1435 3340 1654 3404 sagien-9
1693 3341 1746 3385 in
1780 3339 1909 3385 ostio

95 3418 247 3466 Pinea·
268 3416 434 3461 amnis
458 3418 744 3463 onerariam
777 3434 866 3463 πω
872 3433 952 3462 em
987 3425 1193 3478 nactas,
1231 3416 1285 3462 ln
1307 3413 1492 3461 Asiam
1524 3411 1761 3456 tnmsiit:
1795 3406 1910 3455 inde

90 3505 184 3552 per
228 3485 446 3551 Cuprum
477 3487 534 3533 in
567 3485 854 3551 Aegyptum
893 3488 1053 3536 venit:
1102 3486 1272 3550 ibique
1304 3500 1415 3530 mox
1448 3487 1502 3529 ut
1541 3479 1686 3527 lictus
1721 3480 1911 3545 attigit,
