2222 3938
314 150 444 214 522
921 155 1498 216 EMENDATIONES

315 301 425 341 tum
447 307 603 340 unum
629 308 658 340 a
689 289 867 341 mundi
891 288 1100 337 conditu
1121 305 1311 337 annum
1331 290 1516 338 referre
1543 295 1593 338 et
1619 289 1852 361 alligare,
1883 295 1938 344 et
1958 293 2040 344 his
2064 296 2151 344 illa

315 380 622 430 praeponere
645 362 905 425 hucusque
926 359 1129 423 solitus,
1166 367 1380 424 utraque
1408 359 1512 406 ab
1496 361 1713 411 invicem
1739 363 1974 434 deinCeps
2006 366 2152 416 divi-

316 452 397 497 sa,
436 441 485 482 et
519 440 728 481 aetatem
757 431 958 497 quidem
996 430 1171 478 mundi
1204 430 1371 496 prim,
1406 437 1516 478 tum
1554 431 1891 484 Romanorum
1921 432 2149 502 Impera-

312 513 479 553 torum
509 504 824 567 aliorumque
848 501 1017 550 eadem
1042 508 1198 549 aetate
1221 500 1499 550 viventium
1521 508 1759 568 tempora,
1799 506 1974 555 ordine
1998 515 2149 573 certe,

313 583 366 623 at
388 575 532 623 nullo
563 589 700 621 nexu
731 574 795 622 ad
821 590 871 621 se
893 580 1068 620 mutuo
1096 572 1269 624 iuncta
1290 571 1346 620 in
1370 573 1683 635 sequentibus
1709 575 1965 627 describit.

456 639 671 710 Κόσμον
691 638 840 713 ευνη’
845 642 880 709 .]
917 644 1169 712 Repono
1172 637 1327 693 evva'.
1364 642 1521 690 Iulius
1546 643 1678 693 enim
1709 646 1887 695 Caesar
1923 664 2030 696 11011
2052 647 2153 696 11131

316 717 530 764 obeunte
553 732 685 762 anno
707 714 863 768 5454.
903 692 1170 762 Dictatoris
1194 713 1419 761 exercuit
1442 729 1650 778 munus,
1685 717 1889 766 ineunte
1909 717 2154 767 nimirum

317 785 619 866 Olympiade
645 788 762 839 183.
797 802 860 832 ex
889 784 1100 848 Georgio
1130 800 1243 848 pag.
1271 786 1392 838 303.
1419 785 1474 832 Β.
1500 793 1617 850 post
1640 802 1796 836 annos
1819 788 1972 852 igitur
2002 788 2154 854 quin-

316 873 410 922 que
443 855 709 922 imperium
743 856 807 903 ad
847 855 1002 909 5459.
1043 854 1349 920 prorogavit.
1422 855 1689 903 Tiberius
1673 873 1881 924 insuper
1911 877 1938 906 a
1963 859 2153 908 mundo

317 927 522 975 condito
547 927 702 980 5015.
731 926 942 992 suscipit
965 926 1230 991 imperium
1267 942 1333 974 ex
1356 942 1467 990 pag.
1493 929 1610 980 319.
1634 927 1691 975 B.
1716 945 1829 976 eum
1862 928 2017 994 igitur
2038 937 2154 979 ter-

311 998 506 1047 minum
542 1005 602 1046 ut
637 999 886 1062 Augustus
919 997 1131 1059 attingat
1155 1003 1272 1061 post
1310 996 1701 1045 administratam
1728 999 1812 1052 56.
1835 1001 1977 1048 annis
2005 1001 2152 1050 Rom.

311 1068 556 1134 Rempub.
583 1086 714 1116 anno
715 1035 896 1122 D5459.
918 1067 1090 1115 debuit
1113 1067 1177 1114 ad
1198 1083 1376 1114 munus
1402 1067 1535 1114 illud
1561 1068 1875 1118 subeundum
1903 1071 2152 1120 accedere.

314 1140 545 1204 Denique
567 1140 610 1186 si
635 1147 791 1204 prout
817 1138 1054 1187 subditur
1083 1154 1244 1185 annus
1275 1138 1451 1185 mundi
1477 1137 1632 1218 5460.
1662 1132 1836 1187 obiens
1857 1140 1958 1188 fuit
1986 1142 2153 1207 Augu.

315 1211 382 1258 sti
415 1210 663 1258 secundus
703 1210 1004 1274 completus,
1053 1216 1186 1257 certe
1227 1224 1357 1256 anno
1390 1208 1545 1261 4559.
1580 1208 1844 1274 imperium
1865 1209 2034 1260 iniisse
2055 1230 2154 1277 pa-

313 1288 407 1331 tet.
478 1281 590 1328 Alia
622 1281 946 1329 correctionis
966 1279 1118 1328 huius
1150 1278 1332 1327 certior
1353 1279 1642 1327 coniectura
1662 1280 1796 1329 notis
1814 1281 1877 1329 ad
1897 1298 2008 1348 pag.
2030 1286 2152 1336 311.

313 1352 612 1416 suggeritur.

464 1426 548 1472 Τω
573 1416 699 1492 ευξ.
729 1424 822 1473 τοῦ
841 1416 1071 1502 κόσμου]
1125 1419 1376 1484 Augustus
1407 1437 1539 1468 anno
1573 1419 1731 1475 4559.
1762 1420 2035 1488 imperator
2059 1422 2154 1471 de-

313 1474 530 1541 claratus
556 1472 868 1541 secundum
852 1493 1055 1559 lmperii
1081 1508 1271 1540 annum
1302 1491 1481 1539 mundi
1506 1491 1662 1545 4560.
1702 1500 1932 1542 numerat
1964 1509 2026 1541 ex
2059 1510 2154 1543 su-

308 1564 507 1650 periore
536 1571 673 1612 nota.

451 1630 533 1685 ’Ev
557 1628 598 1704 ᾠ
621 1654 707 1685 και
732 1655 765 1700 η
780 1631 1026 1694 ’Ίνδικτος
1050 1631 1369 1699 ἕθεσπίσθη]
1405 1631 1778 1696 Promulgatum
1806 1632 1867 1681 ab
1896 1632 2030 1682 orbis
2056 1651 2153 1682 na-

309 1705 403 1753 tali
435 1723 565 1752 anno
605 1706 762 1759 5460.
815 1704 1031 1769 Augusti
1074 1706 1294 1754 secundo
1334 1703 1634 1753 Indictionis
1674 1704 1931 1753 decretum
1979 1705 2154 1754 asseiit

310 1793 430 1823 cum
468 1775 686 1824 Maximo
718 1777 984 1839 Georgius.
1021 1776 1096 1823 Ab
1126 1777 1247 1841 ipsis
1284 1774 1417 1823 orbis
1447 1774 1768 1823 incunabulis
1794 1775 2152 1824 numerandam

308 1847 492 1895 volunt
516 1846 719 1908 Graeci,
760 1847 894 1909 quod
919 1863 1085 1894 earum
1115 1846 1350 1911 periodus
1381 1863 1492 1893 cum
1531 1845 1632 1892 eius
1669 1862 1878 1894 numero
1921 1863 2026 1894 11011
2060 1847 2151 1895 111-

310 1933 528 1980 congrue
568 1918 859 1965 consentiat.
931 1918 1198 1982 Excipitur
1222 1932 1382 1962 annus
1413 1932 1543 1963 unus
1571 1916 1728 1968 5460.
1758 1916 2025 1979 nimirum,
2062 1917 2152 1982 qui

309 2004 421 2035 cum
448 1987 811 2052 multiplicatae
831 1987 1166 2036 indictionum
1205 1986 1399 2051 periodi
1427 1987 1558 2034 foret
1590 1986 1795 2049 quintus
1838 1987 2060 2035 decimus
2086 2004 2151 2036 ex

305 2058 522 2122 Augusti
559 2059 730 2120 iussu,
771 2059 913 2106 aiunt
942 2059 1051 2121 illi,
1104 2057 1397 2106 Indictionis
1431 2058 1487 2104 in
1523 2064 1778 2120 posterum
1814 2058 2150 2107 numerandae

305 2129 501 2195 primus
522 2127 720 2176 habitus
744 2136 832 2177 est.
881 2129 1057 2178 Paucis
1083 2128 1137 2176 id
1161 2129 1307 2176 docet
1331 2127 1560 2176 Petavius
1587 2128 1648 2175 de
1671 2129 1813 2177 Doct.
1838 2129 2009 2193 Temp.
2033 2129 2148 2180 libr.

309 2204 396 2254 11.
443 2216 550 2264 cap.
582 2203 670 2253 39.
710 2206 760 2246 et
796 2216 929 2264 seqq.
963 2207 1013 2247 et
1044 2198 1243 2250 Auctar.
1276 2199 1391 2246 libr.
1428 2201 1479 2251 8.
1518 2214 1627 2263 cap.
1667 2198 1715 2251 5.
1752 2199 2023 2261 Maximus,
2062 2201 2148 2248 in·-

308 2270 447 2335 quit,
486 2269 762 2317 Monachus
787 2270 843 2317 in
872 2272 1115 2335 Computo
1141 2269 1473 2317 Indictionem
1512 2269 1584 2315 ait
1618 2269 1837 2334 coepisse
1874 2287 2004 2317 anno
2043 2271 2151 2319 Au-

305 2341 443 2405 gusti
469 2342 687 2388 secundo
705 2377 720 2402 ,
759 2347 904 2405 quem
936 2341 1115 2389 mundi
1139 2347 1283 2405 putat
1305 2341 1460 2393 5460.
1494 2339 1581 2403 qui
1610 2340 1797 2388 divisus
1820 2357 1910 2406 per
1930 2340 2150 2405 quinde-

309 2413 409 2458 cim
449 2412 537 2459 dat
570 2411 903 2459 Indictionem
941 2414 1021 2466 15.
1061 2419 1112 2459 at
1143 2412 1392 2474 Augustus
1430 2410 1643 2475 primam
1680 2410 1820 2458 illam
1856 2427 1957 2458 esse
2004 2413 2150 2461 iussit

307 2490 358 2529 et
383 2482 530 2532 infra.
601 2483 877 2545 Augustum
910 2482 1156 2530 Maximus
1190 2489 1336 2546 putat
1373 2499 1464 2546 pro
1502 2480 1781 2528 Indictione
1820 2484 1901 2533 15.
1935 2483 2153 2549 primam·

147 2561 203 2606 V.
228 2562 288 2606 67
315 2569 628 2616 numerasse,
681 2561 773 2601 etc.
831 2554 1105 2601 Maximum
1141 2553 1367 2617 sequitur
1414 2552 1654 2615 Georgius
1698 2551 2001 2614 Monachus,
2052 2562 2145 2603 etc,

308 2623 445 2671 Haec
472 2625 519 2670 S.
548 2623 586 2671 I.
615 2623 899 2689 Dionysius.
949 2623 1180 2672 Petavius
1214 2624 1338 2670 alter
1366 2623 1549 2669 Paulus
1586 2624 1788 2670 nomine
1819 2623 2053 2670 Tractatu
2085 2623 2148 2671 de

309 2693 573 2742 Annorum
609 2695 972 2743 Incarnationis
1012 2694 1226 2760 epocha,
1282 2701 1330 2740 et
1368 2692 1759 2740 Indictionibus:
1807 2693 1919 2740 Non
1953 2695 2147 2756 tacebo,

308 2763 506 2825 scribit,
544 2780 606 2811 ex
630 2766 786 2827 Dione
814 2782 990 2814 census
1014 2773 1060 2812 et
1084 2764 1287 2828 Augusti
1307 2763 1662 2828 descriptiones
1688 2769 1973 2811 recensente
1996 2765 2146 2828 plura

305 2834 458 2882 facile
481 2834 763 2899 induxisse,
802 2845 856 2885 ut
885 2854 998 2884 cum
1023 2834 1344 2901 Computistis
1371 2835 1618 2881 crederem
1650 2833 1902 2881 institutas
1929 2835 2146 2883 subAu..

305 2911 453 2968 gusto
479 2904 794 2954 indictiones.
870 2907 1008 2967 Quae
1030 2907 1230 2971 quidem
1254 2906 1344 2954 sub
1376 2904 1732 2965 Constantino,
1769 2910 1827 2950 ut
1853 2904 2005 2967 vulgo
2033 2923 2145 2953 cre-

306 2975 472 3036 ditur,
510 2975 592 3024 vel
616 2975 893 3025 Theodosio
910 3015 923 3040 ,
951 2985 1010 3025 ut
1033 2977 1149 3025 vult
1177 2977 1457 3038 Cedrenu.S,
1495 2976 1652 3022 factae
1681 2974 1876 3021 demum
1899 2991 2144 3024 annorum

304 3045 526 3108 indices,
566 3045 878 3110 Olympiadis
912 3047 1133 3096 reiectis:
1182 3064 1285 3094 non
1324 3046 1468 3092 etiam
1507 3044 1723 3109 primum
1764 3044 2009 3095 inventae.
2083 3046 2144 3093 Id

305 3133 514 3177 sanum,
552 3133 646 3164 nec
684 3118 856 3164 sebrile
890 3136 990 3165 esse
1032 3117 1315 3178 convincit,
1363 3114 1500 3179 quod
1535 3115 1758 3162 Iulianus
1779 3123 1826 3162 et
1849 3117 2049 3163 Paullus
2082 3117 2144 3164 de

303 3186 481 3234 Fundo
506 3186 777 3234 Indictioni
805 3188 1016 3251 obligato
1041 3187 1412 3252 responderunt
1436 3185 1609 3238 1111.1.
1635 3188 1683 3238 3.
1709 3183 1756 3248 ἓ.
1785 3190 1834 3239 6.
1864 3186 1924 3233 de
1947 3187 2142 3235 Action.

305 3265 458 3321 empt.
484 3265 533 3305 et
558 3261 644 3311 28.
680 3258 741 3305 de
769 3274 864 3306 usu
891 3267 940 3305 et
964 3259 1118 3306 usufr.
1156 3255 1353 3320 Ambigi
1380 3263 1632 3321 praeterea
1659 3255 1805 3303 video
1836 3257 2143 3304 tributumne

306 3328 513 3391 capitis,
557 3335 643 3375 aut
665 3329 953 3394 patrimonii
980 3328 1146 3375 suerit.
1222 3331 1383 3391 Super
1408 3343 1505 3390 quo
1539 3326 1703 3374 visum
1726 3325 1874 3374 mihi:
1912 3328 1972 3375 ab
1994 3328 2141 3385 initio

305 3399 526 3446 mixtum
563 3398 641 3446 ius
682 3407 946 3463 utrumque
985 3397 1166 3445 fuisse:
1214 3415 1325 3446 cum
1361 3414 1464 3445 non
1487 3397 1672 3462 passim
1706 3413 1904 3459 omnes,
1943 3398 2028 3445 sed
2054 3397 2141 3461 qui

311 3468 375 3516 ad
403 3477 590 3517 certam
622 3471 948 3534 quantitatem
979 3485 1214 3533 agrorum
1242 3468 1578 3534 possiderent,
1619 3474 1937 3517 censerentur
1973 3467 2137 3528 modo,
