2222 3938
577 209 675 262 ET
720 206 1308 263 ANNOTATIONES.
1741 195 1867 254 429

4 376 6 379 v
57 338 309 390 Librarius
342 333 522 384 scribit
557 329 724 403 ,unffi
765 335 835 384 ita
873 336 1129 384 emendata
1172 334 1350 384 calculi
1374 334 1501 384 ratio
1527 328 1692 404 ,yxoy'j
1714 350 1870 399 repo-

0 448 2 453 ,
55 411 275 461 nendum
311 406 498 456 suadet.
567 405 716 452 Iacob
750 406 881 454 enim
912 406 1053 456 iuxta
1088 406 1329 455 minorem
1366 405 1578 455 Authori
1611 412 1868 470 receptum

0 506 7 513 „
54 487 348 545 computum
378 484 518 525 ortus
545 492 673 522 anno
698 477 852 531 3472.
879 485 939 524 ut
961 477 1252 526 coniicimus
1282 494 1346 526 ex
1373 477 1571 542 scriptis
1595 495 1644 542 p.
1667 478 1781 530 103.
1806 475 1866 524 A.

52 550 226 615 genuit
243 547 421 613 Ioseph
445 563 575 594 anno
596 547 767 594 aetatis
789 550 872 600 91.
898 549 1070 596 mundi
1094 548 1328 596 nimirum
1355 549 1510 601 3563.
1536 547 1716 596 exinde
1739 545 1878 593 vivit*

51 619 231 686 Ioseph
258 626 460 667 centum
492 614 735 664 et‘decem
762 634 943 679 annos,
982 636 1291 666 communem
1311 618 1479 682 itaque
1509 619 1664 672 4673.
1693 615 1869 664 mundi

53 708 239 740 annum
263 688 571 748 numeravit,
610 694 658 734 et
683 687 882 735 Amram
910 691 1064 742 3661.
1092 690 1152 737 de
1181 707 1277 754 quo
1305 696 1422 736 nota
1456 688 1551 736 hac
1576 687 1868 754 penultima,

53 770 223 810 natum
252 759 564 807 duodennem
586 757 729 807 vidit.
766 761 834 828 τῷ
863 755 1126 828 δωδεκάτῳ
1153 763 1241 824 τῆς
1275 761 1406 824 ζωῆς
1425 754 1632 826 Ἀμροὶμ.
1678 758 1875 806 Erroris

54 849 200 882 causa
235 829 327 878 sibi
350 829 446 877 fuit
469 826 665 876 Author
696 828 784 891 qui
827 845 969 894 pagg.
997 834 1114 882 107.
1144 830 1196 876 C.
1238 833 1355 882 109.
1385 829 1440 875 A.
1470 834 1585 883 110.
1622 829 1683 877 A.
1719 844 1874 875 annos

51 900 230 967 Ioseph
262 900 401 965 quasi
425 898 558 964 patri
586 898 730 946 Iacob
758 899 1091 963 nonagenario
1117 900 1362 946 duntaxat
1387 899 1564 946 mundi
1594 900 1747 952 3562.
1770 897 1877 946 nati

52 979 337 1021 enumerat:
374 977 608 1034 sequente
635 986 753 1019 vero
778 969 957 1039 Ioseph
980 977 1117 1019 ortus
1143 987 1274 1017 anno
1305 986 1406 1017 uno
1443 986 1634 1035 semper
1666 968 1876 1017 inferior

50 1043 317 1109 reperitur.

178 1110 303 1177 ’Ἔπη
333 1107 388 1162 δὲ
410 1104 603 1180 Ιγφξγῖ]
653 1108 744 1157 His
785 1109 828 1158 si
868 1110 1116 1159 addideris
1152 1113 1272 1164 130.
1322 1110 1510 1158 Cainan
1546 1108 1606 1156 ab
1641 1107 1875 1156 Africano

52 1181 390 1251 praetermissi
444 1198 628 1243 annos,
676 1183 828 1234 3693.
874 1182 1095 1245 colligis:
1146 1198 1172 1228 a
1216 1182 1395 1246 quibus
1435 1179 1663 1228 demendi
1697 1178 1878 1242 viginti

54 1253 203 1316 anni,
242 1269 367 1317 quos
405 1252 469 1300 ad
506 1251 752 1299 diluvium
784 1268 940 1316 usque
987 1252 1234 1318 superflue
1275 1251 1557 1301 numeravit
1597 1250 1878 1307 Africanus,

53 1333 114 1373 ut
145 1322 384 1372 Authoris
415 1338 604 1369 summa
627 1329 745 1367 nota
783 1323 1041 1386 superiore
1072 1323 1289 1370 discussa
1317 1322 1523 1388 probata
1543 1321 1838 1369 obtineatur.

197 1389 342 1443 Κατοέ
379 1386 631 1455 Εὕσέβιον
668 1385 768 1439 cino*
801 1386 953 1455 Ἀδᾶμ
981 1392 1061 1456 ἔτη
1093 1389 1295 1460 Ιγφμεῖ]
1337 1393 1541 1454 Dolose,
1578 1409 1670 1456 pro
1713 1391 1875 1452 solito,

56 1481 120 1514 ex
146 1481 234 1511 sua
259 1461 494 1510 nimirum
518 1469 566 1507 et
587 1459 857 1509 adversarii
876 1462 1119 1509 sententia
1142 1464 1417 1527 captiosum
1446 1462 1566 1525 quid
1592 1462 1746 1508 insert
1769 1462 1878 1509 Au·-

56 1535 189 1585 thor.
225 1533 471 1582 Numerus
498 1530 652 1584 3545.
679 1529 767 1594 qui
789 1549 944 1579 annos
972 1532 1143 1579 mundi
1172 1534 1303 1580 circa
1343 1532 1521 1596 Ioseph
1547 1531 1738 1579 obitum
1765 1531 1878 1578 col-

54 1606 209 1657 lectos
232 1604 417 1667 signat,
455 1602 527 1649 sic
546 1600 606 1647 ab
636 1617 692 1647 eo
722 1602 986 1665 colligitur.
1059 1602 1307 1650 Abraham
1347 1619 1476 1650 anno
1511 1602 1666 1655 3184.
1701 1601 1878 1649 nasci-

55 1684 169 1725 tur:
208 1672 516 1722 centenarius
540 1680 775 1736 procreat
798 1673 962 1720 Isaac:
998 1671 1083 1720 hic
1105 1673 1447 1737 sexagenarius
1471 1671 1648 1719 Iacob:
1684 1672 1770 1735 qui
1794 1675 1877 1725 91.

60 1753 329 1813 provectus
362 1743 504 1790 annis
539 1741 747 1805 suscipit
781 1743 976 1809 Ioseph.
1048 1743 1228 1809 Ioseph
1265 1743 1435 1791 aetatis
1458 1746 1719 1795 suae,110.
1747 1758 1878 1788 anno

56 1818 288 1865 moritur·
322 1831 509 1862 summa
543 1819 617 1860 Θὸῒ
646 1813 867 1861 omnium
898 1813 1055 1867 3545.
1115 1815 1194 1862 Ad
1231 1813 1430 1862 Eusebii
1465 1820 1630 1859 tamen
1665 1819 1879 1858 mentem

1 1913 4 1916 ’
57 1888 212 1940 3546.
234 1901 494 1933 numerare
519 1883 782 1947 debuerat,
824 1901 937 1931 cum
969 1902 1099 1932 anno
1130 1885 1278 1932 Iacob
1308 1890 1390 1939 92.
1421 1882 1597 1947 Ioseph
1626 1882 1680 1929 in
1714 1883 1881 1929 lucem

56 1957 252 2006 venisse
279 1956 536 2003 manifeste
575 1954 760 2001 scribat
800 1955 1038 2003 Eusebius
1079 1956 1278 2003 Latinus
1311 1955 1374 2002 ad
1413 1953 1659 2002 Abraham
1693 1968 1882 1999 annum

59 2029 179 2082 252.
214 2026 432 2090 Scaliger
457 2041 567 2091 pag.
581 2032 750 2072 textus
773 2032 857 2080 22.
884 2026 1131 2075 calculum
1155 2026 1292 2074 hunc
1313 2025 1646 2074 Eusebianum
1671 2030 1720 2070 et
1740 2023 1882 2071 Afri-

61 2114 296 2145 canaeum
319 2098 537 2162 profert,
575 2103 624 2142 et
653 2095 852 2160 Georgii
880 2097 939 2144 de
967 2098 1070 2146 illis
1096 2114 1355 2146 censuram
1382 2095 1609 2144 Animad.
1633 2110 1743 2158 pag.
1761 2094 1881 2148 253.

60 2169 266 2233 probat,
306 2169 443 2214 cuius
470 2166 705 2213 asseclam
731 2184 781 2214 se
803 2168 1099 2218 manifestat.

202 2232 542 2303 Διαμαρτᾶνει
569 2233 623 2285 δὲ
658 2232 818 2297 οὕτως
845 2237 970 2288 ἔτεσι
998 2234 1130 2305 ρκζ.]
1172 2239 1248 2285 Ex
1273 2236 1451 2284 omisso
1478 2236 1663 2283 Cainan
1683 2233 1882 2282 iuniore

61 2326 166 2359 non
193 2307 457 2360 solis-127.
488 2305 628 2353 annis
658 2308 840 2355 erravit
866 2309 1129 2371 Eusebius,
1166 2310 1253 2356 sed
1279 2308 1396 2355 totis
1428 2309 1541 2360 130.
1579 2305 1764 2352 Cainan
1790 2304 1883 2351 de·-

60 2380 212 2428 bitis:
249 2378 304 2424 in
328 2393 426 2440 quo
452 2392 664 2439 namque
684 2384 784 2424 tres
807 2377 884 2424 illi
911 2396 1115 2427 numero
1145 2379 1391 2427 detractos
1418 2375 1737 2439 insumpserit
1758 2391 1883 2421 nus-

63 2465 213 2515 quam
240 2447 548 2509 observavit,
585 2453 668 2493 aut
692 2448 1014 2512 exprobravit
1039 2449 1294 2512 Georgius,
1339 2449 1418 2497 Ex
1439 2447 1696 2510 ipsiusmet
1722 2445 1884 2491 Geor-

63 2521 132 2584 gii
155 2518 320 2567 verbis
343 2517 504 2579 nodus
533 2517 878 2566 exsolvendas.
948 2520 1038 2567 Ille
1069 2535 1280 2582 namque
1313 2535 1426 2565 cum
1450 2519 1506 2564 in
1543 2516 1707 2580 ipsum
1743 2515 1884 2563 dilu-

62 2590 135 2639 vii
173 2605 358 2636 annum
396 2586 668 2652 Arphaxad
702 2589 920 2653 primum
966 2598 1131 2638 ortum
1171 2588 1431 2648 coniiciat,
1480 2586 1717 2634 Eusebius
1760 2601 1882 2634 vero

62 2660 263 2708 biennio
300 2665 416 2724 post
441 2657 686 2706 diluvium
720 2659 886 2724 elapso
923 2661 1131 2708 collocet
1158 2659 1298 2706 annis
1327 2661 1441 2712 128.
1471 2657 1742 2716 duntaxat,
1778 2655 1884 2703 eius

68 2730 248 2779 calculi
271 2729 554 2776 Eusebianis
579 2730 856 2794 superiores
886 2731 1202 2795 colliguntur.
1275 2729 1412 2777 Idem
1449 2727 1557 2793 ipse
1593 2728 1772 2775 iterum
1797 2726 1884 2773 Io-

66 2800 215 2866 seph,
253 2800 313 2847 de
351 2816 449 2863 quo
484 2798 539 2846 in
564 2801 816 2863 praesenti
843 2818 1031 2863 sermo,
1071 2818 1200 2849 anno
1238 2799 1395 2864 patris
1435 2798 1582 2846 Iacob
1613 2802 1699 2851 90.
1744 2800 1880 2860 (non

64 2878 217 2938 prout
241 2870 355 2918 alibi
382 2872 493 2932 91.)
531 2871 840 2933 frequentius
870 2872 1084 2935 colligit,
1122 2879 1169 2919 et
1204 2871 1445 2918 unitatem
1473 2868 1669 2916 sibimet
1701 2868 1876 2916 detra—
1904 2863 1959 2909 V·
1984 2863 2042 2908 35

65 2943 169 2990 hit:
207 2958 304 3004 quo
330 2940 418 3003 fit,
452 2949 512 2988 ut
547 2941 755 2989 Eusebio
785 2959 1031 2991 annorum
1064 2945 1179 2995 130.
1209 2941 1455 2989 desectum
1481 2940 1535 2987 in
1568 2939 1708 2987 nullo
1739 2956 1882 2987 com-
1915 2935 1962 2979 P·
1990 2934 2048 2980 38

64 3019 333 3078 pensante,
378 3011 654 3059 ternarium
698 3013 938 3076 Eusebio,
988 3030 1051 3061 ex
1089 3013 1286 3061 defectu
1328 3011 1531 3076 proprio
1569 3011 1786 3072 relaxet,
1836 3017 1885 3057 et

67 3084 167 3130 iam
192 3098 294 3128 non
329 3098 571 3130 annorum
608 3085 725 3137 130.
750 3084 1071 3145 omissorum,
1109 3083 1194 3131 sed
1230 3087 1346 3136 127.
1378 3083 1625 3130 duntaxat
1653 3091 1794 3129 reum
1828 3079 1884 3126 in

7 3182 10 3185 Δ
69 3153 315 3201 iudicium
355 3168 412 3198 ac
444 3169 654 3218 poenam
690 3162 851 3203 vocet.
921 3156 1000 3203 Ex
1040 3154 1118 3202 his
1157 3153 1331 3216 collige
1366 3169 1454 3200 cur
1492 3151 1883 3199 emendationem

69 3223 266 3273 numeri
293 3218 453 3290 ,ygossfl
487 3223 540 3271 in
575 3219 732 3292 ,75072
771 3227 995 3291 superius
1032 3232 1223 3290 ceptam
1262 3222 1348 3270 hic
1391 3223 1588 3287 quidem
1620 3220 1882 3268 tenendam

69 3302 262 3352 mente,
300 3301 350 3340 at
383 3311 487 3342 non
523 3303 690 3359 aperte
723 3296 1135 3344 manifestandam
1177 3310 1477 3344 censeamus,
1552 3291 1678 3340 Vide
1715 3290 1883 3353 ipsum

71 3365 349 3413 Authorem
375 3366 523 3413 modo
550 3366 776 3431 superius
803 3367 1028 3433 exposito
1053 3367 1185 3415 circa
1204 3381 1358 3413 annos
1376 3361 1552 3428 Ioseph
1573 3358 1884 3408 hallucinan-

71 3444 172 3485 tem
200 3450 311 3501 pag.
338 3452 437 3499 seq.
464 3437 593 3485 linea
620 3438 795 3502 prima.

212 3509 324 3571 Pag·
363 3511 477 3563 113.
521 3503 690 3579 Τούτῳ
723 3513 791 3579 τῷ
825 3501 900 3573 ψ’.
934 3502 1065 3573 ἔτει]
1107 3506 1271 3556 Verba
1311 3504 1432 3553 haec
1472 3517 1563 3549 suo
1599 3500 1713 3548 loco
1749 3505 1884 3547 mota
