2222 3938
645 196 748 251 ET
783 196 1381 255 ANNOTATIONES..
1796 192 1918 284 3541

93 327 336 378 limitibus
361 324 744 387 circumscribit.
812 326 1032 377 Eandem
1054 329 1231 394 igitur,
1271 348 1415 396 quam
1437 330 1515 379 illi
1539 329 1921 395 chronologiam

94 398 397 463 depingunt,
433 415 537 446 non
568 398 761 446 invitus
787 399 1038 447 nominari
1067 401 1358 465 assentirer,
1406 401 1515 466 quis
1539 401 1719 450 etenim
1744 409 1922 451 'rerum

92 469 194 516 suis
216 467 523 534 temporibus
545 475 791 532 gestarum
813 470 1047 519 notitiam
1070 478 1118 519 et
1150 473 1333 521 factam
1360 473 1512 522 verbo
1539 480 1685 521 tenus
1715 473 1924 537 exposi-

91 537 276 587 tionem
299 557 327 585 a
349 539 595 587 concinna
623 541 980 606 commodaque
1003 543 1285 591 earumdem
1317 560 1407 609 per
1433 552 1660 608 tempora
1683 542 1923 592 distribu-

91 609 230 656 tione
267 616 317 657 et
353 609 687 675 descriptione
718 620 874 676 ponat
903 613 1188 662 diversam?
1233 614 1430 678 Ecquid
1466 613 1643 663 secreti
1676 621 1726 662 et
1753 614 1922 662 arcani

91 678 423 743 Chronologia
451 681 691 743 involvit,
742 683 879 746 quod
909 683 1189 747 exprimere
1232 693 1445 750 nequeat
1479 683 1919 750 Chronographia'?

89 750 188 797 nisi
224 749 604 815 chronologiam
643 768 756 800 cum
800 754 1046 817 Scaligero
1089 753 1279 818 dicam,
1326 763 1376 803 et
1415 772 1529 803 cum
1561 755 1758 804 Petavio
1795 772 1921 803 cen·-

88 837 245 884 seam‚
284 838 410 886 quae
440 822 707 870 intervalla
733 831 1039 888 temporum,
1076 831 1126 871 et
1160 821 1340 887 ἐποχας
1377 827 1652 888 examinat,
1689 833 1843 874 metas
1871 833 1920 874 et

87 892 327 940 terminos
350 892 626 940 intervallis
655 894 860 956 statuit,
898 902 946 942 et
971 911 1127 941 annos
1155 894 1367 958 denique
1391 898 1626 944 collectos
1649 915 1678 943 a
1708 903 1842 944 certo
1870 904 1920 944 et

85 961 366 1011 indubitato
393 963 538 1011 initio
575 964 635 1011 ad
678 972 863 1012 certam
895 965 1045 1012 finem
1080 965 1338 1028 perducit·
1385 973 1434 1013 et
1463 966 1921 1032 Chronographiam

86 1032 323 1096 subinde,
363 1051 488 1115 quae
510 1034 588 1082 his
607 1035 851 1083 instructa
874 1035 1171 1083 rudimentis
1194 1036 1478 1101 priscorum
1502 1038 1633 1085 facta
1659 1037 1760 1085 suis
1787 1045 1921 1084 tem-

84 1104 295 1184 poribus
322 1105 570 1168 assignare
593 1106 765 1168 novit,
807 1113 856 1153 et
888 1123 993 1154 non
1021 1105 1195 1154 ordine
1222 1107 1372 1155 modo
1406 1107 1703 1172 disponere,
1742 1107 1827 1155 sed
1855 1107 1918 1154 ad

84 1174 301 1223 invicem
347 1193 643 1241 componere
684 1177 833 1224 certis
872 1176 1172 1240 a1gun1entis
1215 1178 1390 1225 edocta
1435 1185 1523 1226 est.
1608 1178 1721 1225 Uno
1761 1177 1916 1226 verbo
1959 1201 1965 1210 ·

85 1262 232 1309 quam
265 1263 433 1294 rerum
462 1255 510 1294 et
535 1246 796 1294 hominum
834 1264 948 1295 eum
975 1255 1200 1312 tempore
1236 1248 1417 1296 certius
1447 1249 1715 1299 observato
1740 1248 1915 1300 seriem

83 1315 137 1363 in
179 1316 280 1364 suis
321 1316 582 1365 Chronicis
622 1317 854 1365 authores
890 1318 1318 1384 contemplantur,
1353 1319 1559 1367 eandem
1595 1319 1648 1369 ἐν
1684 1319 1812 1369 τωδε
1844 1322 1917 1388 τῷ

82 1390 329 1453 χρονικςδ,
373 1389 457 1436 vel
491 1389 870 1456 χρονογραφίῳ,
922 1388 1028 1437 sive
1068 1390 1412 1463 χρονογραφία
1457 1389 1697 1454 Georgius
1743 1397 1915 1438 noster

81 1458 314 1522 exponit,
353 1466 402 1506 et
424 1475 487 1506 ex
512 1459 870 1523 Chronologiae
895 1459 1072 1523 quibus
1097 1441 1399 1524 frequenter
1403 1460 1566 1509 utitur
1596 1459 1913 1526 praeceptio-

79 1527 228 1576 nibus
253 1529 458 1592 digerit,
495 1537 544 1577 et
569 1531 623 1577 in
646 1496 793 1577 bonon
801 1529 990 1578 lumine
1014 1530 1247 1579 collocat.

220 1610 497 1680 Διαφόρως
519 1634 613 1680 γαρ
633 1633 769 1680 παρα
793 1610 1091 1679 διαφόροις.]
1119 1613 1266 1662 Haud
1290 1613 1466 1662 melius
1487 1611 1754 1661 discrimen
1775 1612 1914 1662 istud
1962 1619 1967 1623 ’

78 1701 226 1750 quam
258 1701 322 1732 ex
346 1684 585 1747 Scaligeri
611 1683 899 1748 Petaviique
924 1685 1156 1732 doctrina
1182 1684 1244 1732 de
1266 1691 1490 1750 tempore
1520 1683 1787 1748 percipias.

149 1804 155 1810 -
221 1771 332 1833 Pag.
373 1775 422 1822 7.
459 1768 581 1819 Εἰσὶ
606 1766 659 1819 δὲ
685 1769 742 1818 αἱ
759 1774 889 1836 τρεῖς
915 1769 1190 1837 διαφοραί.]
1221 1769 1395 1818 Trium
1420 1767 1630 1816 istarum
1652 1766 1912 1815 nationum

77 1857 268 1890 menses
307 1839 369 1887 ad
403 1840 618 1887 invicem
658 1840 975 1905 compositos,
1009 1857 1072 1887 ex
1098 1857 1198 1905 quo
1227 1839 1443 1888 maxime
1463 1838 1556 1887 fixi
1581 1837 1770 1887 redditi
1791 1844 1912 1884 sunt

78 1913 211 1978 apud
237 1911 534 1975 Aegyptios,
574 1910 782 1976 proprio
819 1911 1089 1974 tabulario,
1137 1927 1203 1959 ex
1236 1910 1436 1976 Georgii
1464 1909 1628 1960 nostri
1646 1909 1802 1959 Nisan
1827 1925 1911 1955 ca-

76 1991 172 2049 put
194 1983 454 2031 immotum
479 1982 663 2047 ubique
689 1982 996 2048 reputantis,
1036 1981 1287 2049 conspice.
