2112 3854
801 189 1228 244 PRAEFArlo.
1315 271 1318 274 .
1835 183 1922 258 ⁴69

14 336 22 374 ς
91 335 210 374 num
236 319 538 375 Batavorum
574 320 638 377 ad
659 336 710 368 se
737 319 1057 368 deferendum
1082 321 1251 370 Marco
1285 319 1484 371 Velsero
1508 316 1748 382 significat
1779 318 1918 384 epist.

8 387 15 403 ²
93 389 210 457 155.
246 389 491 454 accepisse
528 390 717 451 indicat
742 389 952 445 obscure
982 392 1188 453 geminis
1214 391 1552 457 sequentibus:
1592 406 1739 453 penes
1767 407 1818 436 sc
1844 398 1919 438 te-

93 475 236 524 nere,
274 475 368 512 nec
393 460 706 525 lacunosum,
745 460 942 524 qualem
983 461 1296 525 Vaticanum,
1332 463 1376 510 si
1414 470 1576 510 tamen
1615 459 1746 506 aliud
1770 478 1918 524 ⁴quam

16 542 18 545 ’
91 497 418 592 fragmentum
449 530 854 595 est,g1atulatur
893 531 1034 613 epist,⁸
1075 533 1193 587 159.
1246 532 1489 584 Describit
1522 532 1584 580 ad
1625 531 1764 595 epist
1803 535 1916 584 161.

91 600 343 665 conceptis
377 602 552 658 verbis.
631 602 858 650 Continet
896 604 1123 666 pagina-s
1156 606 1260 658 230
1307 603 1490 651 membr
1492 619 1647 654 aneas
1672 601 1919 663 lontrina-

89 668 229 722 dim‘s·
244 668 466 734 pedalis,
504 670 799 719 latitudinis
821 670 1159 720 dodmntalis.
1231 673 1334 730 Sed
1354 683 1564 722 zesectae
1587 680 1707 718 sunt
1729 671 1791 717 al)
1816 673 1918 717 Hc·-

22 758 26 761 ·
87 742 249 787 storia
289 741 415 807 Imp.
455 743 723 790 Valezz'am'
763 741 875 789 ad
862 746 1080 807 tertium
1105 744 1230 808 Imp.
1266 746 1437 794 Probi.
1470 745 1740 792 Chal-aeter
1762 742 1919 788 bonae

86 819 262 874 notae,
298 821 555 874 vetustus,
582 816 686 878 qui
710 822 904 878 tempus
936 831 1189 861 annorum
1215 816 1412 861 circiter
1433 833 1498 862 Dc
1532 814 1774 879 ])1··ιιε’]“ειε.
1852 814 1918 860 Et

84 897 253 932 rursus
293 882 432 947 epist.
475 886 591 936 163
624 901 790 932 ccxxx
817 885 963 947 folia
987 885 1361 932 membranacea
1377 884 1560 949 pedali
1582 887 1701 932 lona
1662 881 1914 946 mandene,

84 949 385 1003 dodrantali
422 952 722 1016 latitudine,
754 963 957 1019 praeter
998 958 1117 1018 tria,
1153 962 1211 1003 ut
1232 956 1418 1004 veritas
1450 957 1573 1016 seit,
1611 972 1738 1018 quae
1753 956 1915 1017 perie-

80 1031 214 1070 runt.
279 1025 404 1073 ,Non
432 1033 575 1088 puto,
616 1025 790 1075 scribit
815 1025 983 1073 eadem
1011 1026 1173 1091 epist„
1195 1029 1512 1080 vetustiorem
1546 1026 1754 1088 Gemgc'c'
1777 1022 1914 1070 codi-

81 1109 183 1140 cem
218 1110 298 1155 eo,
339 1112 481 1159 quem
507 1098 562 1142 in
585 1097 823 1143 manibus
842 1096 1101 1160 habemas,
1137 1114 1274 1144 nanc
1300 1107 1502 1144 exsuctae
1567 1095 1701 1142 Ante
1724 1112 1913 1141 sexcen-

10 1168 15 1173 '
72 1172 159 1215 tos
191 1181 353 1211 annos
394 1168 640 1230 scriptum
667 1166 914 1219 arbitror:
953 1182 1278 1233 στοχαστικως
1311 1168 1510 1217 omnino
1547 1173 1594 1213 et
1641 1182 1702 1213 ex
1738 1164 1909 1212 iudicii

78 1234 317 1283 facultate
362 1234 627 1299 singulari.
675 1238 778 1287 MS.
833 1237 1020 1304 quippe
1059 1235 1363 1305 προσγραφή
1407 1239 1470 1285 ad
1512 1236 1908 1289 continuatmem

81 1304 281 1368 Georgii
321 1304 698 1372 Theophanem,
739 1315 788 1355 et
825 1307 970 1357 huius
1004 1309 1236 1356 Ioannem
1265 1307 1651 1361 Grammaticum
1693 1306 1909 1365 eiusdem

75 1374 270 1423 librarii
301 1392 454 1424 manu
485 1378 674 1425 adiecta
707 1378 937 1427 Codicem
969 1396 1099 1426 anno
1132 1377 1667 1443 Constantinopolitani
1691 1375 1911 1440 computi

76 1446 213 1499 6521
256 1454 510 1495 exaratum
550 1456 774 1498 testatur.
857 1449 949 1498 Ille
984 1467 1013 1496 a
1053 1448 1239 1498 Christi
1279 1467 1409 1499 anno
1444 1448 1598 1500 natali
1619 1447 1910 1496 millesimus

77 1522 153 1562 est
205 1522 254 1563 et
305 1516 570 1566 vicesimus
619 1519 834 1582 primus,
891 1537 919 1566 a
961 1537 1059 1584 quo
1115 1520 1179 1567 ad
1235 1537 1450 1582 annum,
1517 1535 1616 1583 quo
1666 1516 1910 1568 scribebat

38 1588 43 1593 “
81 1585 299 1648 Scaliger
342 1587 563 1635 sexcenti
614 1589 769 1636 ferme
831 1587 1256 1637 intercurrerunt:
1319 1590 1382 1638 ad
1441 1595 1746 1653 praesentem
1803 1589 1904 1639 631

73 1656 246 1720 elapsi.
317 1655 556 1705 Vetustus
582 1657 898 1720 quantumvis
940 1658 1125 1720 codex,
1161 1659 1350 1721 integer
1387 1667 1458 1706 est
1484 1665 1532 1705 et
1552 1674 1729 1719 sanus,
1769 1656 1903 1726 soliis

72 1727 234 1775 tribus
256 1727 494 1792 exceptis,
524 1722 728 1793 quibus,
750 1735 875 1775 teste
896 1696 1167 1777 memora'to
1191 1729 1450 1795 scriptore,
1476 1747 1553 1775 res
1577 1746 1610 1775 α
1629 1724 1904 1776 Valeriano

75 1795 151 1844 ad
194 1797 423 1845 Probum
458 1799 581 1863 Imp.
633 1801 983 1846 continentur.-
1034 1799 1285 1863 quondam
1320 1812 1438 1852 vero
1473 1799 1537 1846 ab
1570 1797 1903 1862 Antiquario,

77 1868 168 1932 qui
206 1865 499 1932 descripsit,
538 1869 715 1916 multas
747 1869 982 1933 partibus
1018 1870 1317 1916 mutilatum
1359 1868 1603 1929 codicem3
1642 1876 1718 1929 et,
1752 1870 1905 1915 Anti-

76 1940 316 2002 quarium
352 1941 515 1987 multa
556 1939 655 1987 sibi
684 1942 739 1988 in
761 1938 999 1987 tollendis
1024 1942 1089 1987 iis
1107 1943 1397 2005 permisis-se
1412 1977 1427 2003 ,
1465 1958 1593 2005 quae
1614 1940 1782 1986 abesse
1802 1956 1904 2009 nors

76 2009 226 2056 aliter
278 2027 435 2074 quam
476 2028 532 2066 ex
576 2012 685 2074 ipso
731 2020 937 2061 auctore
977 2013 1346 2075 perspicimus:
1395 2028 1548 2076 quum
1599 2017 1647 2058 et
1680 2009 1903 2058 ordinem

75 2079 392 2130 anteverterit
417 2080 639 2145 Georgii,
676 2088 725 2129 et
745 2081 901 2143 multa
938 2098 1150 2147 quorum
1173 2082 1410 2146 Georgius
1440 2080 1688 2143 meminit,
1727 2079 1903 2127 omisc-

72 2149 169 2206 rit,
208 2159 539 2200 commentum
581 2152 814 2215 Scaligeri
851 2159 926 2201 ,est
963 2152 1103 2217 epist.
1141 2157 1255 2208 161.
1294 2158 1397 2211 162
1434 2160 1482 2200 et
1519 2155 1636 2204 163.
1672 2151 1725 2197 in
1750 2166 1899 2215 prae*—

71 2219 234 2268 missis
275 2221 472 2270 abunde
499 2222 785 2275 refutatum.
856 2223 902 2271 Is
935 2222 1068 2271 idem
1106 2223 1274 2288 itaque
1312 2240 1424 2271 cum
1457 2222 1605 2280 mihi,
1640 2228 1750 2270 tum
1777 2221 1899 2267 Sca-

72 2291 227 2354 ligero
269 2292 546 2346 communis
570 2293 743 2355 codex,
781 2309 874 2341 nec
897 2293 1051 2341 alium
1070 2293 1320 2357 integrum
1354 2310 1405 2347 se
1432 2301 1634 2341 nactum
1652 2327 1666 2352 ,
1704 2297 1751 2337 et
1775 2306 1901 2354 quae

73 2361 355 2425 obtigerunt
377 2363 651 2425 fragmenta
693 2363 951 2412 desideriis
976 2381 1080 2411 non
1105 2365 1277 2412 fecisse
1300 2363 1442 2425 satiS,
1481 2362 1642 2410 citatis
1676 2359 1898 2425 epistolis

73 2432 284 2496 sparsim
333 2431 671 2497 conqueritur.
742 2433 991 2497 Integrum
1026 2434 1227 2482 laudavi
1253 2434 1499 2497 codicem,
1542 2449 1604 2480 ex
1641 2429 1898 2496 potissima

73 2501 307 2554 nimirum
353 2510 616 2551 contextus
655 2503 868 2554 auctoris
908 2503 1059 2566 serie,
1098 2521 1239 2568 quem
1261 2503 1420 2552 nihilo
1449 2503 1606 2552 secius
1630 2499 1801 2566 paucis
1818 2500 1898 2547 la—

74 2571 216 2620 cunis
248 2572 592 2637 deturpatum,
631 2592 657 2622 a
689 2573 893 2622 librario
927 2575 1263 2638 frequentibus
1296 2574 1423 2623 locis
1457 2573 1688 2625 vitiatum
1723 2569 1897 2625 monui

70 2642 126 2691 in
147 2644 456 2708 praemissi8‚
492 2645 629 2708 quod
668 2661 785 2694 vero
829 2644 963 2692 foliis
1007 2644 1265 2694 disiunctis
1286 2645 1365 2693 vel
1391 2661 1545 2709 prave
1573 2640 1895 2694 conformatis

71 2714 298 2771 resarciri
340 2722 388 2762 et
409 2714 606 2778 religari
633 2731 833 2764 necesse
866 2715 1044 2778 fuerit,
1082 2733 1164 2763 ora
1192 2723 1404 2776 resecta,
1440 2723 1650 2771 resectas
1682 2727 1893 2776 quoque,

73 2791 124 2840 et
159 2800 223 2832 ex
257 2792 398 2849 parte
427 2802 651 2834 corrosas
677 2785 954 2850 marginum
980 2786 1320 2834 annotationes
1343 2785 1580 2850 plurimas
1598 2822 1611 2846 ,
1648 2784 1730 2832 vel
1760 2781 1894 2846 quod

70 2855 374 2910 revolvendo
415 2855 542 2904 lib10
568 2873 720 2904 manu
742 2855 934 2923 saepius
946 2864 1198 2914 terantur,
1237 2856 1516 2907 obliteratas
1540 2854 1892 2902 animadvcito.

74 2924 270 2988 Georgii
282 2925 503 2990 Syncelli
528 2926 627 2974 MS.
646 2926 863 2980 codicem
881 2926 1031 2974 alium
1052 2926 1298 2990 integrum
1315 2934 1505 2976 exstare
1529 2925 1625 2974 nisi
1637 2941 1792 2973 unum
1813 2922 1893 2971 vel

70 2995 279 3047 alterum
315 3013 418 3045 non
466 2996 644 3044 audio:
684 3014 761 3053 ex
773 2997 933 3059 Regio
985 2997 1224 3062 descripti
1260 3013 1523 3049 numeium
1559 3012 1661 3049 non
1699 2998 1892 3055 augent,

73 3082 166 3125 ceu
187 3081 280 3126 nec
301 3066 424 3125 bene
447 3067 607 3129 multi,
645 3067 732 3131 qui
754 3067 999 3132 plerisque
1021 3067 1334 3118 Bibliothecis
1357 3085 1382 3124 a
1406 3066 1638 3131 Pompeio
1663 3065 1744 3112 vel
1765 3062 1889 3110 Iulio

73 3136 276 3197 Caesare
298 3136 598 3200 incipientes
621 3145 955 3188 trecentorum
977 3138 1175 3187 circiter
1202 3155 1444 3187 annorum
1470 3136 1743 3194 Historiam
1767 3148 1889 3183 conv-

72 3205 235 3265 tinent
269 3213 317 3254 et
341 3215 532 3271 partem
556 3207 734 3273 operis,
771 3208 916 3256 molis
940 3208 1091 3257 totius
1121 3208 1247 3271 vice,
1283 3214 1667 3272 repraesentant.

214 3275 349 3335 Quid
385 3294 562 3342 operae
589 3279 790 3331 tandem
809 3278 940 3327 circa
968 3280 1187 3344 Syncelli
1210 3279 1466 3327 laudatum
1490 3295 1613 3342 opus
1637 3272 1892 3339 praestite-

74 3346 186 3407 iim,
210 3345 292 3403 vel
313 3356 560 3410 praestare
581 3348 945 3410 contenderim,
983 3349 1162 3397 lectoii
1179 3350 1417 3398 benevolo
1449 3344 1733 3423 inquirenti,
1762 3340 1897 3406 quod

75 3415 342 3470 dicendum
366 3419 734 3481 praemiseram
770 3419 942 3484 paucis
966 3421 1178 3484 a1)e1iam
1207 3419 1463 3468 sinceiius.
1536 3414 1733 3477 Georgii
1758 3427 1895 3476 opus,

13 3552 18 3555 ι
76 3485 212 3534 haud
233 3502 426 3550 meum,
461 3489 659 3554 publico
689 3488 834 3549 datur
840 3506 923 3551 us,
961 3491 1180 3554 Syncelli
1203 3498 1391 3539 textum
1419 3488 1563 3538 verba
1588 3485 1749 3551 apices
1772 3482 1895 3531 fide-
