2222 3938
637 189 740 244 ET
775 187 1366 246 ANNOTATIONES.
1788 182 1915 243 545

229 313 562 384 Δολιχιανός]
600 318 978 383 Dolichianum,
1014 319 1120 370 sive
1142 319 1495 371 Dulichianum
1516 319 1748 392 Narcisso
1768 339 1917 387 prae·
1937 294 1940 298 Δ

89 389 246 439 mittit
266 390 443 439 Euseb.
471 390 534 436 ad
555 407 636 441 an.
666 392 721 441 C.
751 394 869 446 186.

233 468 439 539 Κόσμον
478 471 584 533 ἔτος
626 469 750 543 εψγ’
752 473 785 539 .]
825 475 1032 523 Severus
1066 468 1211 523 Rom.
1253 472 1528 538 Imperator
1562 492 1694 524 anno
1726 477 1917 526 conditi

90 543 224 592 orbis
250 545 404 598 5685.
433 524 638 591 Domini
662 547 778 610 185.
810 544 1166 606 renunciatur,
1202 550 1251 591 et
1286 544 1428 592 annis
1458 548 1540 598 18.
1564 546 1789 612 imperat.
1827 549 1919 596 Se·-

91 615 266 680 quitur
301 614 584 662 Antoninus
625 615 875 662 Caracalla
906 615 1041 663 filius
1075 614 1253 662 mundi
1283 615 1439 668 5703.
1479 615 1666 664 Christi
1710 622 1830 672 203.
1868 625 1918 668 et

91 685 234 733 annis
270 693 456 750 septem
487 684 697 749 imperio
722 687 911 750 potitus
947 693 1048 747 est,
1083 685 1146 732 ad
1178 685 1352 732 mundi
1388 686 1542 739 5709.
1578 687 1759 736 Christi
1794 692 1917 742 209.

92 755 374 820 Occupavit
403 755 653 804 Macrinus
683 773 813 803 anno
837 774 966 819 uno,
1003 755 1180 803 mundi
1210 754 1446 803 nimirum
1470 761 1624 810 5710.
1674 759 1920 807 Successit

90 825 376 874 Antoninus
407 826 664 888 Aurelius,
705 826 791 891 qui
815 827 1188 891 Heliogabalus,
1224 826 1404 873 mundi
1430 826 1584 879 5711.
1613 830 1665 878 C.
1687 833 1807 883 211.

230 907 483 978 Ῥωμαίων
520 906 603 976 ιη’.
657 910 972 978 Μακρῖνος.]
1030 911 1297 959 Numerum
1338 914 1417 963 18.
1453 911 1646 960 duobus
1688 913 1920 978 Imperat.

93 974 369 1028 Caracallae
398 989 447 1028 et
475 982 695 1029 Macrino
735 982 891 1048 (quod
926 981 1064 1029 hunc
1097 981 1239 1028 istius
1267 988 1413 1046 putet
1436 981 1622 1046 filium,
1662 991 1711 1031 et
1748 984 1921 1033 ambo-

89 1068 196 1099 rem
223 1067 382 1099 unum
406 1051 691 1118 imperium)
734 1053 969 1116 Georgius
999 1051 1222 1118 apponit.

231 1139 502 1200 Μακρῖνος
540 1134 594 1187 δὲ
630 1131 812 1188 τούτου
847 1135 1008 1201 παῖς]
1058 1135 1163 1184 Nisi
1197 1134 1439 1186 famulum
1468 1135 1808 1207 interpreteris
1847 1135 1915 1203 τὸ,
1945 1141 2001 1189 V.
2019 1142 2078 1189 75

90 1209 238 1269 παῖς,
276 1205 459 1254 erroris
485 1224 657 1270 argues
685 1206 972 1256 Authorem.

230 1284 438 1356 Κόσμον
463 1287 613 1361 εψιοί
616 1291 654 1357 .]
693 1290 1163 1340 Parachronismum
1193 1291 1278 1340 hic
1309 1300 1563 1359 repertum
1588 1300 1708 1342 nota
1741 1294 1925 1359 penul-

91 1359 214 1409 tima
234 1341 477 1410 emendat.

90 1501 151 1551 D
190 1432 348 1556 181’633·
385 1432 507 1486 358.
542 1427 864 1501 Σαρδιανός]
916 1431 1161 1481 Gordium
1195 1439 1345 1482 vocat
1369 1431 1608 1482 Eusebius
1643 1434 1708 1483 ad
1739 1451 1924 1484 annum

233 1574 346 1637 Pag.
383 1573 503 1626 359.
538 1568 659 1623 ‘Yazd
695 1567 1022 1640 Ἀλεξάνδρου
1069 1568 1447 1640 αὐτοκράτορος.
1436 1571 1478 1637 .]
1529 1574 1632 1622 Sub
1667 1575 1923 1624 decessore

91 1642 350 1692 Antonino
373 1643 690 1707 Heliogabalo
725 1644 1021 1706 legationem
1051 1643 1111 1691 ab
1139 1643 1375 1692 Africano
1401 1652 1681 1709 susceptam
1711 1663 1923 1694 consen-

92 1714 257 1776 tiunt,
297 1714 379 1779 qui
400 1715 460 1762 de
486 1730 542 1761 eo
569 1714 808 1778 scripsere
833 1714 1148 1778 Chronologi.
1219 1714 1299 1762 Ad
1321 1715 1620 1763 successoris
1655 1717 1925 1764 Alexandri

91 1792 288 1850 tempus
318 1801 408 1832 cur
434 1802 537 1832 non
559 1786 742 1832 referat
765 1785 1020 1848 Georgium
1056 1784 1265 1833 coniicio
1290 1801 1353 1832 ex
1377 1784 1685 1849 Cassiodoro,
1723 1786 1810 1851 qui
1833 1787 1923 1834 sub

92 1854 415 1919 Heliogabalo
456 1855 656 1920 quidem
693 1855 818 1920 Imp.
857 1863 905 1903 et
937 1855 1221 1904 Alexandro
1255 1872 1370 1903 cum
1410 1871 1466 1902 eo
1502 1855 1715 1904 Consu-le
1748 1857 1926 1905 initam

94 1925 448 1974 animadvertit
470 1925 524 1972 in
550 1925 813 1975 Chronico.
866 1927 942 1974 Ex
966 1926 1263 1974 Consulatus
1289 1926 1459 1990 itaque
1485 1926 1548 1974 ad
1570 1926 1768 1991 imperii
1793 1944 1926 1992 epo-

95 1996 241 2044 cham
266 1996 461 2044 transiit
486 1995 742 2059 Georgius.
788 1996 859 2043 De
887 1996 1112 2046 Africani
1136 1998 1282 2060 gestis
1310 2004 1359 2044 et
1378 1994 1580 2061 scriptis
1608 1998 1846 2046 Eusebius
1871 1998 1926 2045 in

97 2067 378 2129 Chronico,
427 2074 476 2115 et
518 2066 647 2116 Hist.
686 2066 827 2115 Eccl.
861 2067 948 2115 lib.
990 2072 1039 2121 6.
1091 2084 1202 2131 cap..
1238 2070 1326 2119 31.
1372 2067 1431 2113 D.
1479 2067 1816 2131 Hieronymus
1865 2068 1926 2115 de

96 2138 280 2202 Script.
319 2137 507 2195 Eccles.
539 2135 854 2201 Nicephorus
882 2137 970 2188 lib.
999 2137 1048 2190 5.
1083 2154 1190 2201 cap.
1214 2141 1299 2189 21.
1349 2135 1555 2198 Suidas‚
1594 2154 1656 2185 ex
1677 2137 1757 2185 his
1797 2154 1926 2187 nova

97 2207 402 2256 Trithemius
418 2244 432 2271 ,
471 2214 521 2253 et
546 2208 758 2254 certiora
783 2207 987 2254 Vossius
1014 2207 1076 2253 de
1096 2205 1364 2254 Historicis
1398 2206 1716 2255 Graecorum.

242 2287 401 2342 Καθοὶ
434 2289 635 2354 Βίωνι.]
677 2291 929 2338 Solensem
961 2289 1086 2337 dicit
1119 2291 1321 2338 Vossius
1354 2291 1416 2338 de
1445 2291 1571 2342 Hist.
1611 2291 1838 2353 Graecis,
1877 2298 1926 2338 et

96 2361 389 2427 Aethiopica
435 2361 705 2425 scripsisse.
777 2361 897 2409 Eius
934 2361 1232 2409 testimoniis
1268 2361 1484 2418 Plinius,
1539 2368 1588 2408 et
1626 2360 1925 2409 Plutarchus

96 2441 330 2481 utuntur.
378 2433 451 2479 De
484 2431 730 2490 Belitara,
775 2430 860 2495 qui
899 2430 1165 2479 Semiradis
1201 2432 1485 2496 progeniem
1528 2431 1826 2496 extirpavit,
1878 2438 1926 2478 et

97 2504 416 2568 Assyriorum
436 2518 587 2566 regno
619 2501 812 2567 potitus
839 2508 912 2549 est
938 2502 1272 2550 narrationem
1302 2502 1576 2552 instituisse
1604 2503 1757 2552 refert
1792 2502 1926 2565 Aga-

98 2572 228 2623 thias
250 2574 337 2624 lib.
365 2579 416 2627 2.

222 2641 350 2709 ’Έτη
372 2663 478 2712 ατς
473 2635 524 2708 ’.]
560 2641 842 2691 Recolenda
864 2641 947 2690 hic
971 2642 1156 2708 scripta
1187 2660 1299 2709 pag.
1330 2646 1446 2698 168.

244 2713 535 2781 Παμβεκῷ]
571 2713 717 2762 Barb.
755 2712 990 2763 Παυέκω.

234 2785 354 2871 Pag·
390 2788 509 2838 360.
544 2780 817 2848 Σᾶνανον.]
859 2785 1026 2833 Perez.
1062 2778 1313 2850 Σᾶγανον.

234 2849 568 2923 Ἄρταξαρης,
605 2853 631 2906 ὅ
657 2854 741 2905 καὶ
765 2849 908 2921 ’Ath
948 2855 1133 2917 Regum
1159 2855 1417 2903 Persarum
1443 2872 1472 2902 a
1496 2853 1706 2919 Georgio
1735 2852 1928 2902 descri-

100 2933 193 2992 pta
210 2931 437 2991 tempora
458 2942 563 2974 non
585 2925 890 2974 conveniunt
913 2941 1027 2972 cum
1041 2923 1358 2990 Theophanis
1383 2933 1619 2992 computo
1647 2926 1708 2974 de
1728 2924 1922 2988 regibus

101 2997 277 3046 iisdem
298 2997 554 3045 instituto.
594 2996 655 3045 de
676 3013 774 3060 quo
793 2995 857 3043 ad
880 2994 1244 3080 Theophanem.

241 3062 540 3155 Σαπωρης’
524 3066 604 3132 ἐτη
629 3064 701 3117 λα’
705 3067 736 3133 .]
775 3067 939 3115 Perez.
967 3061 1057 3115 26'.

241 3131 505 3203 Ὀρμίσδας
526 3137 609 3202 ἔτη
637 3157 689 3196 ς.
662 3133 713 3203 ’]
751 3137 897 3185 Barb.
925 3144 973 3184 et
997 3137 1160 3184 Perez.
1189 3133 1271 3201 ἔτη
1297 3132 1359 3202 η’.

250 3204 352 3259 Τον
397 3206 631 3274 Τζίβιοτκ]
678 3207 823 3258 Bar.b
861 3214 910 3256 et
946 3208 1110 3256 Perez.
1149 3203 1206 3258 το
1248 3207 1527 3274 Νιτζίβιος,
1573 3202 1795 3267 intellige
1834 3201 1927 3253 Nl-

105 3290 154 3329 σι
193 3294 256 3328 ιν.

157 3278 191 3344 β
244 3348 360 3410 Pag·
395 3348 513 3400 361
547 3341 751 3415 Ἀδεσῆρ
782 3351 946 3414 μῆνας
981 3343 1118 3398 ἑπτά.
1134 3346 1153 3412 ]
1192 3346 1330 3395 Inter
1356 3346 1626 3395 Adeserum
1659 3350 1708 3390 et
1730 3341 1925 3390 Ormis-

107 3417 223 3465 dam
261 3417 494 3465 ultimum
533 3417 730 3467 Barber.
768 3426 816 3466 et
852 3419 1015 3466 Perez.
1052 3418 1374 3465 intercalant.
1423 3410 1723 3483 Σαραβάξας
1762 3414 1926 3477 μῆνας

106 3482 218 3539 δυο.
257 3483 459 3554 Βοράνη
484 3484 522 3552 ἦ
549 3485 774 3555 θυγάτηρ
801 3483 1037 3555 Χοσρόου
1060 3491 1224 3554 μῆνας
1244 3482 1379 3540 ἑπτά.

226 3569 389 3626 Georg.
418 3569 649 3625 syncellus.
681 3570 740 3614 ΙΙ.
1518 3556 1588 3610 35
