2112 3854
245 218 327 278 32
871 225 942 282 G.
980 220 1048 278 G.
1083 223 1421 283 BREDOVII

248 375 338 407 του
368 351 579 424 μεγάλου
601 350 816 406 θεόπτου
841 351 1118 415 Μωῦσὲως
1124 353 1236 422 περὶ
1258 357 1347 421 τῆς
1369 352 1616 416 πολιτείας
1631 349 1781 423 'Addet
1807 354 1892 408 καὶ
1913 353 2056 417 Evae

247 445 350 476 των
373 421 807 509 πρωτοπλαστυνων,
831 419 1375 490 οἷποκαλυφθεῖσα
1401 423 1570 511 παροέ
1603 442 1710 477 του
1746 430 1938 487 θεοῦ,
1973 423 2057 478 ὅτε

245 493 335 555 τοὶς
379 491 570 555 πλάκας
616 500 705 546 τοῦ
747 489 905 559 νόμου
948 494 1142 556 ἐδέξατο
1177 495 1231 546 ἐκ
1262 514 1421 563 χειρος
1461 491 1632 558 αὐτοῦ,
1675 496 1926 562 διδαχθεὶς
1961 493 2064 548 ’15πό

246 569 340 616 τοῦ
367 561 679 633 Ἀρχαγγέλου
703 561 925 629 Μιχαήλ.
960 590 1030 601 -
1063 565 1371 652 Epiphanius
1398 566 1606 630 denique
1629 565 1821 614 haeresi
1844 569 1928 619 39.
1946 583 1988 614 c.
2009 571 2060 618 6.

246 636 427 693 tradit,
476 652 681 701 paivam
724 635 938 682 Genesin
971 643 1021 683 et
1066 630 1320 716 Ἰωβηλαία
1354 637 1549 698 vocari,
1599 637 1766 684 forsan
1801 636 1937 701 quod
1969 652 2062 702 per

246 705 492 771 Iobelaea,
527 706 559 754 i.
585 722 624 753 e.
646 721 735 768 per
759 705 917 770 spatia
943 704 1295 770 quinquaginta
1323 723 1565 755 annorum
1596 706 1780 770 digesta
1803 713 1922 754 erat.

328 790 331 792 ’
387 775 588 839 Signum
631 792 831 838 magnae
866 774 1011 823 huius
1044 776 1160 824 libri
1195 776 1502 824 auctoritatis
1541 783 1639 838 est,
1677 776 1809 840 quod
1841 775 2060 839 elingua

244 844 483 894 Hebraica
506 845 559 892 in
583 845 802 908 linguam
834 846 1070 894 Graecam
1094 848 1333 894 translata
1356 847 1475 906 fuit,
1510 854 1558 894 et
1580 863 1873 910 quamquam
1900 846 2060 894 Geor-

246 916 355 978 gius
376 915 567 978 metuit,
604 933 666 963 ne
688 915 841 963 animi
866 916 1189 980 simpliciores
1215 934 1270 964 eo
1296 916 1605 982 decipiantur
1629 914 1701 984 (p.
1728 921 1809 970 27.
1834 913 1918 984 A.)
1951 915 2061 981 ipse

244 993 412 1039 tamen
435 986 591 1033 multa
611 1003 673 1033 ex
694 985 791 1034 hoc
814 988 950 1034 fonte
970 986 1151 1035 hausit.
1225 987 1611 1035 Continebantur
1628 986 1726 1035 hoc
1747 987 1876 1034 libro
1900 986 2061 1034 inter·-

242 1056 547 1121 pretationes
594 1057 836 1105 Geneseos
883 1074 912 1104 a
947 1057 1232 1106 doctoribus
1265 1057 1518 1105 Hebraicis
1553 1057 1750 1119 doctae,
1798 1056 2059 1120 ampliores

239 1127 573 1175 enarrationes
617 1143 785 1175 rerum
826 1145 854 1174 a
885 1126 1183 1175 Patriarchis
1217 1135 1487 1191 gestarum,
1522 1127 1841 1190 traditiones,
1880 1126 2059 1190 quibus

240 1196 512 1261 antiquitas
563 1197 903 1245 auctoritatem
962 1199 1064 1245 fere
1106 1197 1324 1245 divinam
1371 1197 1645 1249 addiderat.
1730 1197 2061 1257 Quamobrem

245 1267 507 1330 Georgium
536 1284 591 1314 ea
615 1284 811 1331 quoque
833 1268 887 1315 in
911 1266 1307 1315 Patriarcharum
1327 1266 1558 1329 historia,
1596 1283 1804 1331 quorum
1825 1268 1938 1314 fons
1956 1283 2062 1314 non.

241 1345 395 1402 patet,
430 1336 643 1384 maxime
679 1355 740 1385 ex
767 1336 864 1385 hoc
891 1337 1018 1384 libro
1046 1336 1279 1396 hausisse,
1315 1336 1446 1384 haud
1468 1345 1650 1385 temere
1676 1337 1916 1385 coniicere
1937 1335 2062 1383 mihi

241 1407 430 1455 videor.
503 1408 645 1454 Certe
669 1407 864 1470 quidem
890 1407 1176 1470 fragmentis
1202 1425 1230 1454 a
1254 1407 1478 1454 Fabricio
1506 1407 1730 1455 collectis
1755 1423 1862 1472 pag.
1886 1410 1988 1460 838
2013 1413 2063 1454 et

242 1480 374 1539 839,
416 1483 464 1524 et
497 1493 608 1542 pag.
634 1478 736 1531 849
764 1504 832 1513 -
860 1477 962 1530 864
968 1443 1084 1525 bduo
1110 1493 1135 1524 e
1164 1478 1295 1524 beo]
1296 1494 1375 1540 glo
1398 1485 1570 1525 nostro
1603 1477 1719 1525 addi
1740 1485 1963 1542 possunt.
1996 1504 2058 1512 —-

241 1548 394 1610 „Pag.
431 1551 513 1600 27.
554 1548 605 1595 C.
630 1548 684 1596 D.
719 1548 878 1611 Georg
854 1547 958 1594 cius
994 1564 1056 1595 ex
1086 1547 1384 1612 Apocalypsi
1412 1547 1560 1596 Mosis
1582 1555 1773 1609 narrat,
1815 1547 2061 1610 Gigantes,

241 1617 277 1667 i.
317 1633 356 1667 e.
381 1616 511 1663 filios
534 1616 831 1679 Angelorum
858 1624 907 1664 et
930 1617 1146 1665 filiarum
1178 1617 1457 1678 hominum,
1498 1617 1686 1666 invidia
1717 1625 1832 1683 post
1853 1624 2064 1665 mortem

238 1695 415 1748 motOS,
443 1686 571 1734 filios
591 1687 762 1734 Noes'
747 1705 802 1734 111
827 1704 1039 1735 errorem
1065 1687 1336 1745 induxisse.
1409 1688 1575 1747 Quum
1609 1704 1727 1736 vero
1749 1689 1854 1735 Noe
1885 1704 2063 1735 orave-

236 1757 329 1818 rit,
368 1764 428 1804 ut
467 1757 525 1803 ab
563 1757 630 1805 eis
667 1757 993 1819 discederent,
1033 1758 1135 1805 Deo
1175 1758 1372 1805 iubente
1405 1774 1588 1806 novem
1622 1765 1788 1823 partes
1813 1757 1872 1806 ab
1901 1757 2062 1806 Arch-

238 1828 410 1890 angelo
446 1826 686 1874 Michaele
714 1829 766 1875 in
796 1829 1025 1891 abyssum
1048 1827 1260 1875 deiectas
1286 1843 1387 1875 esse
1416 1845 1571 1892 usque
1594 1828 1657 1875 ad
1691 1828 1820 1876 diem
1854 1828 2060 1890 iudicii3

238 1897 480 1944 decimam
526 1905 690 1945 autem
735 1898 932 1946 diabolo
971 1898 1166 1961 roganti
1205 1915 1486 1946 concessam
1531 1915 1655 1960 esse,
1699 1906 1759 1946 ut
1802 1897 2062 1947 hominum

235 1967 387 2015 fidem
414 1984 524 2032 erga
558 1969 713 2015 Deum
740 1969 1034 2016 tentarent.”
1070 1994 1139 2005 —
1174 1968 1271 2029 „Et
1299 1985 1408 2034 pag.
1435 1972 1518 2021 98.
1549 1969 1603 2018 Β.
1630 1967 1667 2033 ἦ
1698 1967 1847 2034 λεπτή
1872 1968 2065 2035 γένεσίς

237 2052 426 2102 φησιν,
463 2045 739 2086 maternum
774 2055 920 2087 avum
948 2038 1136 2086 Abraae
1174 2039 1341 2086 eodem
1374 2039 1571 2086 nomine
1611 2038 1821 2087 Abraam
1860 2054 2064 2087 nuncu-

234 2115 409 2174 patum
446 2125 545 2156 esse
557 2127 571 2171 3
611 2110 779 2157 Saram
821 2126 942 2159 vero
986 2117 1207 2165 sororem
1247 2126 1308 2157 ex
1350 2110 1521 2158 eodem
1563 2125 1678 2157 cum
1712 2109 1874 2158 Abraa
1921 2116 2065 2175 patre

232 2178 542 2243 progenitam
565 2178 765 2229 fuisse.”

384 2250 566 2297 Contra
597 2266 752 2297 unum
787 2251 1131 2312 fragmentum,
1170 2250 1302 2314 quod
1329 2249 1587 2299 Fabricius
1614 2266 1723 2315 pag.
1747 2248 1860 2303 142.
1879 2265 2065 2315 parvae

240 2319 421 2367 Genesi
458 2320 661 2382 tribuit,
702 2319 822 2367 huic
861 2321 989 2368 libro
1028 2320 1344 2368 detrahimus.
1421 2321 1689 2384 Gregorius
1726 2328 1926 2383 narrat,
1973 2322 2065 2367 Se-

237 2388 383 2437 thum
413 2389 781 2454 quadragesimo
821 2391 990 2438 aetatis
1026 2409 1155 2438 anno
1193 2391 1252 2438 ab
1296 2391 1493 2455 Angelis
1531 2399 1731 2456 raptum
1763 2389 2067 2439 revelatione

239 2461 414 2508 divina
475 2460 706 2509 didicisse
749 2462 1109 2525 Egregororum
1160 2461 1375 2522 crimen,
1428 2461 1671 2509 diluvium
1712 2461 1966 2520 futurum,
2017 2468 2067 2508 et

239 2531 528 2577 Salvatoris
565 2529 857 2580 adventum:
903 2548 1255 2596 reversumque
1294 2540 1410 2596 post
1444 2532 1767 2595 quadraginta
1800 2531 1904 2578 dies
1941 2530 2066 2578 haec

240 2601 333 2648 sibi
358 2603 573 2648 revelata
606 2601 778 2666 primis
805 2602 1086 2666 parentibus
1115 2603 1399 2666 exposuisse
1433 2609 1526 2649 etc.
1562 2628 1633 2640 -—
1670 2602 1936 2664 Gregorius
1972 2618 2067 2649 au-

241 2678 423 2718 ctorem
440 2708 455 2732 ,
494 2688 638 2735 quem
662 2671 903 2735 sequitur,
940 2689 1042 2719 non
1063 2673 1309 2731 nominat,
1346 2672 1400 2719 in
1426 2671 1711 2734 fragmentis
1738 2687 1857 2719 vero
1882 2687 2067 2736 parvae

242 2742 485 2788 Geneseos
522 2742 698 2790 nullibi
734 2742 995 2805 vestigium
1034 2742 1259 2791 vaticinii
1291 2742 1344 2788 in
1386 2741 1610 2788 Messiam
1653 2748 1736 2788 aut
1774 2741 2066 2805 religionem

235 2811 557 2859 christianam
583 2812 931 2876 deprenditur3
970 2813 1071 2875 sed,
1114 2812 1191 2859 uti
1214 2828 1276 2859 ex
1299 2811 1603 2875 Hieronymo
1630 2811 1915 2869 didicimus,
1952 2813 2066 2858 He-

237 2882 404 2929 bratce
426 2882 550 2930 liber
571 2883 785 2947 scriptus
807 2882 928 2944 fuit,
965 2898 1126 2947 neque
1150 2882 1364 2945 cogitare
1386 2881 1530 2943 licet,
1567 2881 1927 2945 Hieronymum
1949 2898 2066 2931 ver-

232 2952 422 3000 sionem
460 2952 750 3000 Hebraicam
784 2953 1105 3001 laudaturum
1139 2953 1320 3015 fuisse,
1357 2951 1398 3000 si
1435 2951 1562 2999 liber
1593 2951 1853 3014 originitus
1892 2968 2065 3014 graece

231 3022 449 3088 scriptus
477 3023 659 3071 fuisset.
732 3023 1140 3087 Antiquissimus,
1179 3023 1262 3087 qui
1289 3039 1494 3087 parvam
1518 3022 1730 3070 Genesin
1752 3022 1951 3083 laudat,
1989 3030 2067 3070 est

229 3092 592 3157 Epiphaniae,
652 3094 739 3156 qui
788 3094 950 3141 medio
991 3093 1189 3142 saeculo
1237 3099 1411 3156 quarto
1453 3099 1567 3157 post
1608 3090 1721 3139 Chr.
1761 3099 1864 3139 nat.
1903 3092 2060 3154 vixit5

231 3163 435 3228 eiusque
457 3171 611 3211 aetate
630 3163 755 3211 liber
782 3164 879 3211 iam
906 3165 1228 3229 pervulgatus
1255 3163 1404 3211 fuisse
1426 3162 1637 3211 videtur.
1709 3161 1936 3209 Fortasse
1961 3161 2058 3208 iam

233 3241 348 3283 ante
377 3232 492 3282 Chr.
519 3240 619 3284 nat.
652 3234 870 3298 scriptus
893 3242 963 3282 est
974 3253 988 3296 3
1027 3242 1092 3296 et,
1129 3233 1185 3282 ni
1211 3234 1387 3295 fallor,
1424 3233 1529 3297 ipse
1559 3231 1796 3296 Iosephus
1822 3231 2059 3280 traditio-

233 3321 320 3352 nes
341 3303 568 3353 Iudaicas
592 3320 654 3351 ex
678 3320 733 3351 eo
758 3304 947 3352 hausit:
991 3312 1123 3352 certe
1145 3304 1313 3352 eadem
1339 3305 1455 3365 fere,
1485 3302 1681 3366 quaein
1703 3302 1880 3349 Genesi
1901 3318 2059 3366 parva

233 3375 419 3424 tradita
447 3381 591 3436 sunt,
629 3382 824 3437 narrat,
863 3375 1182 3439 quamobrem
1216 3373 1455 3438 Georgius
1491 3380 1539 3420 et
1576 3373 1659 3419 alii
1696 3371 1951 3420 interdum
1985 3369 2058 3439 (p.

234 3447 283 3497 8.
311 3445 395 3507 D.;
433 3444 644 3494 Michael
671 3445 850 3509 Glycas
878 3462 928 3510 p.
957 3445 1083 3507 1043
1125 3444 1365 3508 Georgius
1393 3442 1643 3491 Cedrenus
1669 3459 1721 3508 p.
1745 3445 1814 3505 3.)
1855 3441 2058 3506 Iosephi

236 3515 586 3565 auctoritatem
618 3522 667 3565 et
704 3530 888 3583 parvae
926 3515 1167 3566 Geneseos
1209 3515 1535 3579 coniungunt.
1574 3539 1645 3551 —
1683 3513 1773 3562 Ille
1818 3513 1960 3560 locus
1995 3511 2060 3560 de
