2222 3938
642 195 741 250 ΕΤ
776 171 1362 252 ANNorATIONEs'.
1792 181 1917 243 523

93 344 187 396 per
209 326 426 391 singulas
453 325 738 392 provincias
766 324 901 375 varie
930 324 1278 391 praefinitum,
1316 322 1488 372 aetatis
1518 339 1705 371 annum
1730 323 1921 387 attigis-

95 406 223 448 sent.
294 399 420 446 Nam
444 397 532 462 qui
560 397 880 462 descriptioni
900 403 1156 462 praeerat,
1195 403 1245 444 et
1271 394 1618 456 Consualibus,
1658 410 1746 442 seu
1772 395 1922 443 Acto-

95 486 210 519 rum
233 468 409 531 libris,
444 485 631 515 annum
655 468 827 515 aetatis
856 468 1241 531 uniuscuiusque
1278 464 1539 514 censitioni
1564 463 1799 527 obnoxii,
1837 465 1922 514 ad-

94 539 327 600 notabat,
365 538 668 602 addebatque
700 538 902 586 modum
932 555 1104 586 census
1125 555 1183 585 ae
1205 546 1426 602 tempus,
1465 553 1563 601 quo
1596 503 1799 585 censuni
1827 537 1927 584 sol-

95 627 215 660 vere
236 609 539 674 inciperent,
578 608 659 673 qui
690 616 828 670 tum,
864 609 995 656 infra
1019 609 1254 674 scriptam
1283 615 1490 655 aetatem
1514 607 1679 655 adhuc
1708 615 1924 671 agerent.

98 681 246 730 Aetas
278 688 440 728 autem
460 680 554 733 jlla
587 696 691 727 non
724 679 892 727 eadem
923 680 1134 744 ubique,
1173 681 1258 727 sed
1284 697 1376 744 pro
1409 677 1693 727 diversitate
1714 678 1928 727 Provin-

102 753 293 800 ciarum
324 750 458 798 varia
487 759 535 798 et
558 750 795 798 distincta
819 751 931 802 suit.
969 751 1100 815 Syrii
1127 758 1283 812 certe,
1313 749 1373 796 ab
1399 749 1541 797 annis
1564 755 1646 804 12.
1667 749 1925 811 foeminae,

100 841 129 870 a
168 823 249 876 14.
286 821 524 883 masculi,
560 821 748 869 tributo
784 821 985 884 obligati
1022 822 1182 871 suere:
1227 829 1284 869 ut
1314 821 1374 867 ab
1409 821 1623 885 Ulpiano
1665 819 1928 868 didicimus

100 894 134 945 l.
172 895 223 946 3.
265 892 321 939 Ι).
357 892 419 940 de
459 891 712 940 Censibus.
770 891 910 940 Idem
945 892 1258 940 observatum
1286 891 1419 955 apud
1456 891 1579 939 alios
1618 891 1809 957 plures,
1845 891 1930 938 in—

101 964 261 1028 deque
284 962 496 1023 factum,
533 969 590 1010 ut
615 963 700 1016 15.
727 963 870 1010 annis
895 970 1145 1011 constaret
1180 962 1408 1012 indictio,
1481 962 1606 1010 Nam
1634 962 1688 1009 in
1727 961 1932 1026 quinde-

101 1033 334 1083 cennium
357 1032 507 1082 fiebat
539 1033 836 1098 descriptio:
871 1032 1023 1098 inque
1055 1033 1250 1097 longius
1273 1040 1467 1098 tempus
1507 1032 1618 1080 fieri
1653 1049 1757 1080 non
1784 1042 1934 1098 pote-

101 1113 195 1156 rat.
225 1103 448 1152 Necdum
473 1104 603 1152 enim
626 1112 732 1151 tum
757 1104 888 1166 nati,
927 1105 1011 1168 qui
1033 1105 1264 1171 proxime
1286 1103 1511 1168 sequenti
1538 1102 1728 1151 decimo
1757 1104 1932 1167 quinto

103 1192 235 1224 anno
273 1175 535 1224 functione
573 1175 814 1223 onerandi
846 1183 1002 1223 erant.
1086 1175 1345 1224 Variatum
1381 1173 1561 1222 deinde
1597 1181 1699 1236 est,
1749 1181 1798 1221 et
1833 1174 1934 1220 iam

103 1245 307 1312 Ulpiani
338 1246 495 1311 ipsius
541 1252 723 1302 aetate,
775 1245 914 1293 aliud
941 1245 1128 1309 iugatio
1159 1247 1282 1306 suit,
1319 1245 1460 1294 aliud
1490 1244 1742 1310 capitatio.
1815 1243 1938 1307 Agri

104 1317 377 1383 siquidem,
414 1324 472 1365 ut
503 1333 615 1364 cum
641 1316 951 1364 Tertulliano
985 1318 1194 1380 loquar,
1229 1317 1419 1364 tributo
1455 1315 1645 1378 onusti,
1685 1323 1733 1363 et
1764 1314 1936 1362 homi-

105 1405 228 1437 num
264 1388 426 1452 capita
451 1386 698 1452 stipendio
727 1404 870 1434 censa
898 1388 1052 1435 fuere.
1125 1388 1203 1435 Ex
1225 1387 1475 1452 primaeva
1501 1395 1664 1434 autem
1694 1386 1781 1433 illa
1816 1402 1936 1433 cen-

106 1459 311 1519 sitione,
364 1465 413 1506 et
442 1457 575 1505 illud
613 1457 846 1506 utilitatis
887 1474 1131 1522 emergere
1172 1458 1337 1506 voluit
1371 1457 1693 1506 Cassiodorus
1729 1461 1778 1511 3.
1819 1457 1935 1505 Var.

107 1530 244 1596 Epis.
283 1533 370 1584 52.
415 1529 554 1593 quod
592 1528 722 1575 nulli
763 1545 851 1575 sua
882 1528 1076 1576 incerto
1116 1528 1393 1594 possessio:
1450 1527 1715 1593 Augusti,
1758 1526 1939 1591 inquit,

107 1600 416 1667 temporibus
447 1599 584 1647 orbis
609 1601 882 1647 Romanus
915 1602 1059 1664 agris
1091 1599 1325 1660 divisus,
1364 1617 1636 1664 censusque
1663 1597 1945 1663 descriptus

109 1682 184 1721 est
201 1709 213 1733 ,
254 1679 313 1718 ut
325 1672 579 1735 possessio
604 1688 704 1717 sua
728 1670 865 1717 nulli
895 1670 1166 1718 haberetur
1195 1673 1416 1731 incerta,
1457 1688 1613 1735 quam
1636 1686 1737 1734 pro
1776 1668 1944 1716 tribu-

111 1753 281 1792 torum
315 1750 603 1806 susceperat
630 1743 920 1806 quantitate
938 1739 1245 1789 solvendam.
1315 1740 1523 1788 Initium
1561 1757 1682 1788 vero
1709 1739 1945 1787 Indictio-

109 1831 233 1864 num
251 1812 383 1860 idem
414 1812 551 1877 quod
579 1812 695 1859 anni
721 1812 843 1859 fuit:
881 1811 1050 1876 sicque
1064 1811 1273 1859 Romani
1294 1818 1411 1876 post
1433 1810 1698 1860 solstitium
1723 1809 1950 1871 hiemale,

112 1883 289 1934 Graeci
318 1901 344 1930 a
366 1883 526 1948 prima
558 1882 818 1930 lunatione
845 1890 960 1947 post
995 1882 1363 1946 aequinoctium
1397 1881 1700 1930 Autumnale
1738 1896 1951 1946 compu-

110 1961 288 2005 tarunt
310 1953 633 2003 Indictiones.
708 1953 931 2017 Cumque
959 1952 1040 2000 isti
1067 1969 1258 2000 menses
1291 1953 1525 2014 mobiles,
1563 1969 1669 2000 non
1702 1951 1856 2012 fixos,
1893 1957 1954 1998 ut

110 2025 326 2077 Romani
344 2023 638 2072 habuerint:
674 2024 970 2088 primusque
1001 2040 1174 2072 eorum
1197 2024 1380 2072 mensis
1407 2023 1466 2070 ab
1494 2023 1602 2088 ipsa
1626 2022 1784 2087 prima
1808 2023 1953 2069 luna-

111 2099 250 2146 tione
272 2102 388 2160 post
405 2094 776 2158 aequinoctium
812 2094 1116 2142 Autumnale
1143 2094 1392 2159 coeperit,
1433 2110 1558 2157 quae
1585 2101 1640 2140 ut
1679 2093 1953 2157 plurimum

115 2168 201 2223 2.4
251 2165 552 2231 Septembris
594 2165 939 2228 contingebat,
987 2166 1173 2212 factum
1214 2171 1312 2225 est,
1361 2171 1418 2211 ut
1451 2166 1673 2211 Romana
1719 2162 1953 2222 Indictio,

114 2239 261 2286 aliam
297 2235 535 2301 epocham
556 2271 570 2297 ,
611 2252 758 2298 quam
794 2234 1040 2283 habuerit.
1116 2201 1355 2282 Graecam
1391 2242 1552 2281 autem
1585 2233 1781 2297 sequuti
1818 2240 1952 2292 sunt,

115 2309 203 2374 qui
230 2314 344 2372 post
369 2306 758 2352 Constantinum
781 2306 1055 2370 Imperator
1058 2322 1106 2352 es
1132 2306 1300 2368 fuere,
1338 2305 1521 2369 quique
1546 2321 1716 2352 eorum
1742 2302 1953 2369 imperio

114 2378 328 2428 subditi:
367 2384 416 2424 et
441 2376 512 2423 ita
535 2375 882 2441 accipiendum
908 2383 1009 2439 est,
1047 2376 1182 2440 quod
1206 2376 1262 2424 B.
1288 2375 1578 2423 Ambrosius
1609 2373 1819 2436 monuit,
1858 2374 1953 2421 In·-

117 2450 361 2499 dictiones
386 2463 554 2494 mense
589 2446 908 2510 Septembri
892 2445 1130 2510 meipere.
1201 2445 1268 2494 At
1298 2447 1444 2496 Rom.
1470 2444 1735 2493 Pontifices
1760 2460 1955 2509 semper

117 2538 261 2569 suam
281 2518 556 2579 retinuere,
593 2517 858 2581 adhucque
880 2515 1030 2564 hodie
1053 2516 1287 2565 retinent.
1358 2516 1567 2564 Maximi
1593 2517 1654 2565 de
1677 2516 1956 2564 Indictione

121 2590 367 2641 sententia
391 2588 576 2652 legitur
603 2587 829 2635 Auctarii
857 2587 1111 2635 Petaviani
1138 2604 1248 2653 pag.
1272 2589 1392 2641 333.

265 2658 495 2726 Κικέρων
512 2657 541 2709 ὁ
567 2655 775 2724 ῥήτωρ]
798 2658 1171 2723 Ἀνιστορησίας
1195 2658 1462 2722 Georgium
1486 2665 1687 2707 accusat
1710 2656 1955 2719 petavius,

122 2731 267 2798 quasi
297 2731 586 2779 Ciceronem
613 2728 831 2776 secundo
859 2728 942 2776 vel
967 2730 1114 2776 tertio
1137 2728 1347 2792 Augusti
1381 2746 1511 2777 anno
1545 2729 1849 2778 trucidatum
1883 2729 1957 2775 af-

120 2801 411 2852 firmaverit.
474 2800 659 2849 Verum
681 2806 781 2846 tam
806 2799 1055 2847 Ciceronis
1091 2807 1326 2860 mortem,
1362 2817 1508 2865 quam
1535 2799 1788 2866 sequentia
1814 2815 1960 2864 quae-

123 2891 250 2940 que,
285 2874 386 2921 imo
412 2872 571 2937 ipsam
597 2869 892 2918 indictionis
915 2869 1278 2917 institutionem
1305 2866 1591 2938 σποραδην,
1631 2879 1679 2919 et
1704 2888 1795 2936 per
1824 2877 1960 2916 satu-

122 2943 501 3007 1am,homadi
524 2957 769 2989 annorum
798 2940 952 2994 5458.
976 2941 1059 2989 vel
1082 2940 1236 2994 5459.
1258 2948 1306 2988 et
1328 2942 1704 2990 succedentibus
1743 2939 1960 3007 appingi,

127 3015 268 3080 quasi
297 3013 386 3062 sub
422 3013 477 3060 id
510 3020 710 3080 tempus
743 3010 1000 3075 sequentia
1026 3027 1247 3075 quaeque
1269 3020 1470 3060 narrata
1497 3013 1760 3076 contigisse
1792 3011 1962 3058 decla-

125 3093 302 3135 rentur
317 3119 332 3144 ,
369 3091 582 3132 noscent
602 3082 798 3133 abunde
825 3083 912 3148 qui
937 3082 1264 3146 Georgianam
1289 3082 1539 3133 scribendi
1577 3083 1819 3133 rationem
1842 3096 1961 3146 per-

125 3156 358 3206 viderint.

274 3226 339 3275 Οἱ
356 3219 621 3289 Ἀντιοχεῖς
656 3222 807 3275 ἔνθεν
832 3218 1139 3290 ἀριθμοῦσιν
1162 3218 1283 3284 τούς
1306 3218 1475 3275 αὐτῶν
1494 3217 1744 3290 χρόνους]
1781 3219 1966 3269 Antio-

131 3296 316 3344 chenae
355 3311 494 3344 aerae
530 3302 725 3343 certum
766 3294 1099 3343 institutionis
1133 3311 1320 3343 annum
1366 3312 1470 3343 non
1506 3293 1723 3356 assignat
1759 3290 1967 3344 Author.

130 3366 210 3415 Ad
238 3364 450 3430 Augusti
473 3372 665 3430 tempus
690 3381 795 3412 eam
820 3381 1077 3414 revocasse
1113 3366 1286 3414 nullus
1313 3364 1677 3430 suspicabitur,
1716 3362 1802 3427 qui
1828 3378 1967 3428 prae-

133 3443 320 3484 sentem
356 3434 648 3501 periocham
689 3435 821 3483 inter
859 3435 1065 3499 Augusti
1101 3444 1233 3500 gesta
1270 3443 1318 3483 et
1358 3441 1472 3499 post
1510 3440 1816 3481 enumeratos
1863 3431 1966 3481 eius

135 3523 294 3555 annos
322 3504 698 3556 animadvertit:
737 3505 1013 3570 quinimmo
1050 3506 1162 3556 Iulii
1193 3505 1408 3554 Caesaris
1439 3503 1587 3552 aetati
1618 3503 1788 3570 potius
1826 3502 1965 3552 addi.

1996 3232 2048 3278 P.
2069 3231 2127 3278 74
