2222 3938
327 178 453 239 496
943 188 1529 247 EMENDATIONES

322 319 463 368 velut
494 319 639 370 fluxu
672 317 948 387 procedens
976 335 1040 367 ex
1079 317 1320 369 Authoris
1352 320 1581 370 instituto
1618 320 1894 371 desiderato
1922 323 2153 373 restitua-

322 397 410 438 tur
438 391 618 441 ordini.

464 463 576 525 Pag.
614 460 730 514 234.
772 457 885 525 Πρό
920 463 1013 526 τῆς
1051 462 1238 521 τελείας
1278 461 1610 526 αἰχμαλωσίας
1645 462 1804 514 ἔτεσιν
1840 459 1936 529 κ’.]
1989 463 2153 512 Habes

319 532 471 597 paulo
497 532 722 595 superius
748 538 1090 580 enumeratos·
1127 531 1314 580 Ioacim
1338 535 1387 584 8.
1423 532 1681 581 Iechoniae
1711 539 1757 588 1.
1800 534 2028 584 Sedeciae
2065 539 2150 589 11,

320 619 509 650 summa
541 607 625 655 20.

458 674 569 735 Pag-
608 671 726 725 235.
766 674 937 739 Κῦρος
971 666 1118 732 ουτος
1153 671 1352 741 πολέμῳ
1385 669 1473 724 τόν
1508 677 1731 741 Κροῖσον
1770 673 1979 740 ἔλαβεν]
2032 646 2152 720 Ιηί1ἰ

322 742 462 806 regni
489 760 618 789 anno
651 742 730 795 15.
758 760 783 789 a
807 743 982 790 mundi
1006 743 1159 791 natali
1184 739 1570 797 4966.Αο11101·
1595 745 1798 793 inferius
1823 761 1932 810 pag.
1962 743 2080 797 240.
2093 743 2152 791 A.

462 814 573 876 Pag·
615 816 733 866 236.
775 818 946 880 Κῦρος
963 812 1238 880 Ελληνιστὶ
1266 815 1492 864 ἐκαλεῖτο
1511 810 1858 902 Ἀρταξέρξης.]
1911 812 2153 878 Iosephus

322 883 507 935 Iudaic
537 884 652 933 Ant.
680 884 767 932 lib.
798 889 877 937 11.
910 903 1017 948 cap.
1044 890 1094 938 7.
1133 886 1349 935 ineunte.
1388 889 1591 950 Κῦρον,
1627 883 1681 936 ὃν
1705 883 2020 953 Ἀρταξέρξην
2030 880 2152 934 Ἐλ-

321 958 467 1020 ληνες
489 958 740 1005 καλοῦσιν.
783 955 997 1018 Cyrum,
1034 974 1179 1021 quem
1208 958 1392 1004 Graeci
1420 957 1747 1003 Artaerxem
1775 959 2056 1003 nominant.

466 1027 577 1088 Pag·
618 1029 735 1079 237.
775 1023 876 1076 Διά
904 1025 957 1077 τὸ
990 1047 1113 1076 κατα
1139 1023 1350 1085 τούτους
1380 1025 1497 1085 τούς
1528 1022 1734 1094 χοόνους
1755 1022 1974 1092 ’[ωακεὶμ,
1996 1026 2154 1077 ἐκεῖσε

323 1090 743 1161 αρχιερατεῦσαι]
796 1099 874 1144 Ex
912 1098 1111 1162 scriptis
1146 1099 1207 1145 de
1237 1097 1407 1145 Iudith
1440 1106 1665 1161 tempore
1702 1097 1985 1159 sententiis,
2025 1112 2152 1159 quae

321 1165 677 1231 Babylonicam
716 1169 1009 1215 servitutem
1051 1169 1194 1216 docet
1225 1185 1511 1231 generosam
1537 1169 1675 1214 illam
1715 1169 1975 1219 mulierem
2007 1174 2152 1214 ante-

325 1238 553 1300 cessisse,
603 1237 661 1283 ab
704 1238 926 1287 Authore
969 1240 1168 1302 penitus
1208 1239 1385 1286 omissa
1426 1246 1523 1299 est,
1571 1239 1712 1286 velut
1746 1239 1806 1285 ab
1846 1238 1947 1293 illis
1978 1237 2151 1284 aetatis

322 1307 481 1354 aliena
515 1308 731 1357 ratione:
781 1326 903 1373 quae
938 1310 1399 1374 Hierosolymorum
1437 1309 1574 1356 clade
1618 1309 1944 1374 posteriorem
1968 1306 2152 1355 habent

319 1379 596 1427 recensitae
621 1380 848 1444 quidem,
894 1388 943 1427 at
978 1398 1029 1429 ea
1057 1382 1218 1428 solum
1244 1388 1433 1429 retenta
1450 1416 1464 1441 ,
1504 1396 1627 1442 quae
1655 1381 1814 1427 Xerxi
1841 1385 2153 1427 coaetaneam

321 1448 586 1513 opinatur,
627 1450 765 1498 cuius
796 1452 1122 1499 fundamenta
1160 1451 1422 1516 praecipua
1460 1450 1669 1513 Georgio
1710 1457 2008 1510 memorata,
2060 1465 2153 1496 ceu

316 1521 488 1568 sedulo
516 1522 664 1584 digna
687 1522 911 1570 examine
935 1523 1237 1571 recudimus.
1309 1523 1532 1570 Primum
1558 1520 1724 1568 verbis
1750 1519 2018 1586 propositis
2038 1535 2153 1582 sug-

317 1592 522 1653 geritur.
594 1593 778 1640 Xerxis
806 1602 997 1659 patrem
1024 1594 1225 1641 Darium
1250 1611 1378 1641 anno
1406 1594 1556 1645 5028.
1583 1591 1637 1638 in
1664 1608 1815 1655 regno
1853 1589 2149 1655 excipientis

315 1670 568 1727 tempore,
607 1664 786 1711 Ioacim
824 1666 935 1712 Iesu
961 1665 1123 1725 filius,
1161 1665 1360 1712 Iosedec
1399 1679 1583 1727 nepos,
1619 1662 1823 1711 Iudaico
1849 1660 2152 1710 Pontificatu

319 1735 564 1781 eminebat
594 1734 652 1780 ab
683 1735 814 1782 orbis
845 1735 1036 1783 conditi
1067 1753 1196 1782 anno
1223 1738 1376 1789 5012.
1409 1742 1618 1797 uterque
1655 1749 1801 1795 vero,
1839 1749 2034 1780 sacrum
2065 1731 2152 1782 vi-

319 1803 499 1851 delicet
530 1804 643 1865 hic,
681 1805 766 1852 ille
800 1807 990 1868 regium
1028 1823 1209 1854 munus
1238 1806 1301 1853 ad
1332 1822 1517 1852 annum
1544 1802 1721 1851 mundi
1746 1771 1901 1858 5048.
1932 1801 2152 1850 admini-

313 1875 508 1936 stravit,
545 1882 600 1922 ut
623 1875 818 1923 Author
840 1877 1134 1924 Iudaeorum
1160 1876 1462 1924 Pontificum
1491 1882 1538 1922 et
1563 1877 1651 1922 Ρο1
1655 1892 1818 1922 sarum
1839 1890 2008 1937 regum
2031 1891 2152 1938 pro-

315 1945 429 2008 prio
469 1946 688 1993 declarat
722 1946 990 2008 laterculo,
1031 1955 1080 1994 et
1108 1965 1198 1994 nos
1232 1963 1293 1994 ex
1321 1947 1430 2010 ipso
1468 1944 1839 2008 (lwhxonologicis
1877 1944 1932 1991 in
1967 1943 2150 1990 tabulis

317 2016 660 2080 exprimimuS.
733 2017 918 2064 Ioacim
954 2026 1119 2065 autem
1159 2034 1393 2080 magnum
1417 1981 1759 2072 Sacerdotemb,
1798 2014 1928 2062 bello
1955 2014 2149 2062 Iudaeis

154 2082 208 2126 V.
233 2083 290 2128 58
318 2085 485 2148 illuto,
526 2095 574 2134 et
606 2087 1066 2136 Nabuchodonosor
1091 2088 1237 2135 minis
1269 2087 1498 2135 territum
1523 2087 1678 2133 refert
1709 2084 1945 2133 historiae
1975 2083 2150 2132 Iudith

316 2165 550 2221 quartum
579 2166 758 2222 caput:
797 2159 820 2205 I
821 2176 908 2223 pse
936 2167 1011 2206 est
1037 2158 1190 2221 igitur
1214 2161 1433 2219 XerxeS,
1471 2155 1927 2204 Nabuchodonosor
1948 2155 2149 2203 nomine

313 2228 634 2291 indigitatus,
673 2229 809 2276 cuius
839 2229 1015 2277 ducem
1048 2229 1419 2294 Holophernem
1445 2227 1602 2276 virilis
1633 2226 1783 2273 animi
1818 2225 1999 2273 mulier
2034 2243 2146 2272 am-

312 2307 487 2364 putata
517 2299 709 2348 cervice
738 2300 935 2348 occidit.
999 2300 1134 2359 Quid
1151 2298 1176 2347 2
1208 2300 1342 2364 quod
1367 2299 1524 2362 capite
1545 2298 1635 2344 illo
1658 2295 1830 2344 Iudith
1851 2296 1967 2344 libri
1992 2295 2042 2348 4.
2066 2296 2150 2344 Iu·

314 2370 548 2418 daeorum
586 2387 749 2433 regem
786 2371 1028 2419 recenseri
1063 2372 1287 2433 nullum,
1328 2371 1492 2418 nullas
1525 2368 1627 2417 eius
1646 2369 1817 2429 [vires,
1858 2367 2143 2425 consilium,

314 2458 457 2505 opem
482 2442 674 2488 nullam
702 2442 906 2504 referri,
943 2443 1059 2489 satis
1085 2442 1305 2504 indicat,
1343 2457 1603 2506 suppressa
1627 2439 1833 2487 Iudaeos
1857 2438 1988 2486 inter
2014 2437 2147 2501 regia

314 2511 581 2575 dignitate,
621 2512 1043 2560 administrandae
1071 2512 1356 2577 provinciae
1376 2517 1674 2576 potestatem
1705 2509 2014 2569 universam,
2051 2525 2148 2573 pe-

312 2600 402 2631 nes
429 2583 638 2630 debilem
661 2583 818 2647 plebis
851 2585 1055 2645 ducem,
1095 2584 1174 2631 vel
1206 2583 1492 2631 Pontificem
1515 2589 1638 2629 tunc
1663 2580 1900 2645 temporis
1928 2577 2142 2627 stetisse.

315 2654 551 2717 quocirca
597 2654 822 2719 periculo
867 2621 1329 2703 Nabuchodonosor
1378 2653 1524 2701 armis
1567 2651 1817 2714 ingruenti
1869 2648 2144 2698 remedium

315 2741 490 2785 omne,
529 2742 632 2771 non
659 2743 686 2771 a
716 2741 856 2789 rege,
895 2726 980 2773 sed
1008 2726 1067 2772 ab
1089 2726 1337 2773 imbecilla
1363 2741 1531 2772 senum
1569 2722 1717 2769 turba
1752 2728 1802 2769 et
1829 2737 1856 2766 a
1883 2718 2143 2768 Pontificis

312 2793 498 2842 Ioacim
531 2762 798 2842 industria&
809 2797 1068 2860 repetitur.
1139 2799 1211 2844 Et
1228 2794 1589 2860 feceruntfilc'i
1614 2793 1692 2840 Is]
1694 2792 1798 2853 ael
1835 2791 1973 2837 sicat
1990 2806 2146 2854 prae-

312 2874 508 2929 ceperat
533 2868 603 2911 eis
632 2866 824 2912 Ioacim
849 2885 1081 2914 summus
1108 2866 1367 2928 Sacerdos,
1395 2876 1439 2913 et
1456 2868 1671 2912 Senatus
1697 2863 1920 2909 universa
1913 2861 2142 2925 populi,

314 2938 408 3001 qui
431 2937 802 2998 Hierosolymis
830 2937 1140 2985 residebant:
1176 2939 1247 2985 ita
1270 2955 1320 2986 v.
1348 2942 1396 2990 7.
1438 2934 1750 2983 celebratum
1784 2931 1924 2979 audis
1957 2931 2142 2979 Ioacim

315 3013 365 3053 et
390 3007 596 3053 Senatus
621 3023 829 3068 nomen,
867 3010 1051 3056 Xerxis
1085 3018 1259 3056 vocem
1297 3008 1377 3055 vel
1408 3004 1658 3054 Persicum
1694 3001 1960 3082 imperium
1997 3002 2143 3050 desi-

316 3077 515 3124 deratus
553 3094 656 3123 non
696 3078 878 3139 taceri,
928 3087 976 3126 et
1012 3078 1472 3127 Nabuchodonosor
1510 3073 1825 3138 Assyriorum
1859 3072 2140 3138 principem

313 3148 462 3195 toties
497 3147 701 3209 iactari,
739 3147 1109 3229 IIolophernem
1143 3148 1423 3213 principem
1455 3145 1659 3192 virtutis
1686 3144 1869 3206 Assur,
1907 3143 2142 3207 Assyrio-

312 3235 425 3267 rum
455 3218 649 3283 copias,
687 3234 848 3280 arma,
887 3220 1077 3281 socios,
1113 3219 1241 3266 bella
1276 3217 1424 3265 toties
1450 3233 1552 3263 non
1574 3214 1821 3263 inculcari
1841 3221 1946 3261 tota
1968 3211 2139 3260 Iudith

312 3287 519 3336 historia
543 3295 842 3353 peroptares.
916 3290 1099 3337 Verum
1139 3305 1252 3336 cum
1279 3305 1435 3335 unum
1466 3294 1587 3334 tunc
1618 3286 1770 3336 fuerit
1799 3286 2056 3333 Persarum
2089 3291 2139 3331 et

312 3359 628 3422 Assyriorum
658 3358 945 3423 imperium,
983 3359 1235 3407 usitatiore
1263 3359 1357 3407 sibi
1388 3374 1511 3406 voce
1546 3357 1766 3406 Persicas
1796 3357 1928 3407 vires
1963 3354 2139 3401 decla-

312 3430 449 3478 ravit
488 3431 761 3494 Scriptura.
841 3429 1075 3478 Hebraeis
1112 3430 1171 3476 ab
1213 3429 1416 3493 antiquo
1461 3436 1579 3475 nota
1611 3429 1774 3476 fuerat
1814 3425 2135 3489 Assyriorum

315 3507 533 3565 potestas
547 3536 565 3564 ,
599 3508 749 3549 notus
774 3508 824 3550 et
846 3501 1082 3568 probatus
1103 3499 1299 3550 hostilis
1324 3516 1495 3550 eorum
1523 3498 1743 3548 ani·:mus
1779 3497 1879 3546 iam
1903 3512 2016 3544 cum
2036 3493 2135 3543 ho-
