2112 3854
195 210 234 268 4
820 214 888 268 G.
925 213 993 267 G.
1029 211 1370 270 BREDOVII

196 346 529 409 magistratum
564 343 784 393 inierunt
810 341 1034 391 Calendis
1055 342 1426 408 Septembribus
1463 341 1752 410 (Dionysius
1782 339 2007 392 Halicar-

195 434 321 466 naSS.
347 417 425 465 VI.
450 434 498 481 p.
520 413 659 480 378).
684 412 725 480 1)
1000 409 1010 418 ”

335 486 482 552 Apud
533 485 744 532 Graecos
777 479 973 546 quidem
1014 479 1129 529 ludi
1170 483 1418 547 Olympici
1462 481 1562 529 iam
1609 488 1765 529 aetate
1797 482 2011 547 Lycurgi

195 555 325 604 circa
355 574 397 604 a.
436 557 552 608 888.
583 562 693 602 ante
722 552 836 600 Chr.
859 569 910 600 n.
942 551 1359 616 quinquennales,
1397 560 1543 617 atque
1566 551 1629 599 ad
1665 552 2012 616 plenilunium,

194 626 328 690 quod
367 625 642 675 solstitium
661 623 898 670 aestivum
922 622 1229 686 sequebatur,
1266 622 1532 670 constituti.
1544 629 1700 684 erant,
1736 622 1929 687 iamque
1954 621 2014 668 ab

197 713 241 745 a.
270 700 387 748 777.
414 696 627 745 victores
657 691 907 757 Olympici
930 692 984 738 in
1009 693 1190 741 tabulis
1207 693 1358 741 sacris
1384 692 1847 741 conscribebantur:
1885 699 2016 739 atta—

196 782 309 813 men
338 782 441 813 non
465 772 577 811 ante
593 762 864 811 Alexandri
884 762 950 812 M.
979 770 1185 811 aetatem
1212 762 1439 811 historici
1467 762 1828 828 Olympionicis
1851 762 1912 810 ad
1936 779 2017 810 res

197 843 355 899 gestas
393 835 678 898 digerendas
707 834 785 881 usi
816 840 947 880 sunt.
1019 833 1299 882 Herodotus
1325 842 1552 882 numerat
1574 828 1776 900 γενεάς,
1810 832 2018 897 Thucy-

199 906 340 952 dides
380 921 536 952 annos
576 904 696 952 belli
731 903 1161 968 Peloponnesiaci,
1199 913 1247 951 et
1285 903 1611 969 Xenophonti
1654 902 1874 968 (Hellen.
1901 904 2016 954 libr.

197 975 238 1022 Ι.
270 992 313 1022 c.
341 980 401 1036 2,
437 975 496 1022 II.
522 992 564 1022 c.
591 973 645 1038 3)
686 973 1037 1038 Olympiadum
1075 975 1464 1022 numerationem
1498 974 1557 1021 ab
1583 974 1740 1022 aliena
1765 990 1914 1021 manu
1934 973 2021 1020 in-

199 1051 382 1092 sertam
421 1060 545 1107 esse,
583 1045 663 1094 vel
703 1044 819 1092 inde
847 1051 1008 1109 patet,
1047 1045 1181 1108 quod
1205 1044 1329 1093 haec
1365 1045 1720 1111 Olympiadum
1746 1061 1859 1092 cum
1881 1044 2022 1091 annis

196 1114 571 1179 Xenophonteis
606 1114 905 1180 comparatio
945 1115 1170 1178 sibiipsa
1208 1115 1523 1177 adversatur,
1563 1114 1761 1162 etiamsi
1781 1114 2020 1178 Polybius

202 1185 362 1250 (Tom.
390 1186 481 1232 111.
503 1202 611 1249 pag.
640 1187 724 1238 41.
752 1186 836 1238 42.
863 1184 981 1232 edit.
1007 1182 1225 1249 Ernesti)
1248 1202 1351 1233 non
1379 1185 1740 1247 admonuisset,
1778 1201 2021 1233 annorum

199 1255 580 1320 Olympicorum
606 1256 762 1316 notis,
801 1271 900 1301 una
926 1271 1040 1301 cum
1063 1254 1369 1303 Archontum
1394 1255 1674 1303 nominibus
1699 1255 1898 1319 positis,
1935 1254 2020 1301 hi-

196 1325 399 1372 storiam
437 1325 652 1391 primum
689 1325 941 1372 Timaeum
973 1324 1270 1372 distinxisse.
1307 1352 1373 1360 —-
1410 1325 1571 1389 Atque
1604 1325 1738 1390 apud
1772 1326 2021 1372 Romanos

194 1413 296 1443 non
333 1395 473 1462 prius
510 1412 657 1460 quam
692 1394 940 1442 Ciceronis
976 1401 1133 1442 aetate
1165 1393 1310 1441 Anni
1365 1395 1512 1441 Urbis
1552 1393 1783 1443 conditae
1821 1394 2022 1443 collecti

196 1472 330 1527 sunt,
366 1483 460 1513 nec
498 1465 668 1513 mirari
690 1465 826 1523 licet,
871 1464 1008 1528 quod
1032 1466 1086 1511 in
1111 1464 1482 1528 diligentissima
1511 1482 1703 1530 quoque
1728 1465 2022 1513 collectione

196 1535 322 1583 alius
349 1536 496 1583 alium
523 1552 766 1583 annorum
796 1551 1057 1582 numerum
1080 1534 1346 1584 invenerit.
1416 1536 1574 1583 Labor
1598 1535 1741 1583 multi
1766 1553 1822 1582 ac
1841 1536 2023 1584 multo-

195 1622 308 1654 rum
362 1606 555 1654 sudoris
591 1606 715 1665 fuit,
765 1607 992 1650 omnium
1024 1605 1293 1651 Consulum
1312 1642 1326 1666 ‚
1376 1606 1596 1653 omnium
1643 1606 2022 1669 magistratuum

197 1672 476 1741 ἐπωνύμων
513 1693 538 1722 e
574 1675 730 1736 libris,
769 1674 952 1737 linteis,
989 1675 1329 1730 marmoribus,
1366 1692 1491 1738 aere,
1529 1675 1758 1738 nummis,
1794 1693 1851 1723 ac
1879 1691 2023 1741 saepe

197 1762 225 1793 e
257 1746 386 1793 fama
407 1745 692 1807 hominum,
729 1745 929 1792 nomina
953 1745 1206 1807 colligere,
1229 1746 1449 1809 quemvis
1475 1747 1530 1792 in
1554 1748 1722 1794 locum
1743 1763 1886 1793 suum
1913 1746 2023 1794 dis-

196 1832 411 1881 ponere,
451 1833 513 1862 an
541 1823 702 1863 totum
726 1831 815 1879 per
850 1831 1055 1876 annum,
1097 1832 1159 1862 an
1182 1823 1373 1880 partem
1411 1816 1529 1863 anni
1560 1817 1913 1882 rempublicam
1940 1816 2024 1864 ad-

197 1886 587 1949 ministraverint
625 1884 923 1947 consectari,
964 1902 1059 1948 quo
1103 1885 1182 1933 die
1209 1886 1546 1949 magistratum
1569 1887 1803 1950 inierint,
1845 1887 2025 1952 quibus

199 1956 342 2003 annis
368 1956 510 2004 initia
535 1957 905 2019 magistratuum
931 1962 1116 2002 mutata
1144 1956 1243 2002 sint
1269 1957 1563 2020 conquirere
1594 1975 1651 2005 ac
1678 1974 1822 2021 saepe
1846 1975 1871 2005 e
1898 1974 2026 2005 con-

196 2027 403 2074 iecturis
447 2034 642 2073 tantum
676 2026 977 2087 discernere,
1015 2026 1156 2074 labor
1188 2027 1330 2074 multi
1367 2028 1563 2075 sudoris
1598 2029 1721 2091 fuit,
1754 2027 1843 2075 has
1864 2027 2024 2091 magi-

199 2104 448 2149 stratuum
497 2096 644 2144 series
679 2096 899 2160 plurium
935 2097 1417 2161 rerumpublicarum
1454 2099 1584 2146 inter
1618 2115 1669 2147 se
1706 2099 1932 2148 conferre
1964 2115 2023 2146 ac

198 2168 470 2215 multarum
498 2167 756 2214 nationum
780 2183 859 2214 res
885 2174 1041 2230 gestas
1071 2167 1202 2215 inter
1224 2185 1275 2215 se
1300 2168 1610 2233 coniungere.

257 2318 308 2374 1)
341 2318 630 2377 Molestissimi
655 2318 816 2361 laboris
839 2321 921 2371 est,
949 2319 1202 2362 mutationes
1227 2319 1426 2376 principii
1449 2320 1688 2362 consulatus
1707 2319 1884 2363 Romani
1906 2320 2023 2363 eLi-

311 2375 383 2418 vio
400 2407 413 2427 ,
443 2375 646 2432 Dionysio
670 2376 1063 2428 Halicarnassensi,
1094 2377 1339 2428 Plutarcho,
1370 2378 1513 2420 Fastis
1537 2377 1882 2435 Triumphalibus
1905 2378 2026 2420 aliis-

312 2446 395 2488 que
420 2432 621 2488 colligere
650 2438 781 2489 atque
814 2447 945 2474 annos
982 2434 1164 2490 annique
1189 2440 1335 2490 partes
1365 2435 1651 2487 constituere,
1690 2436 1841 2491 quibus
1870 2449 2025 2478 conve-

312 2490 407 2531 nire
437 2489 673 2532 videantur.
733 2490 997 2546 Quamquam
1033 2491 1227 2534 hocloco
1260 2492 1446 2534 rationes
1476 2494 1704 2547 probantes
1729 2506 1811 2534 non
1834 2491 1889 2533 ad
1919 2506 2022 2543 rem,

312 2551 450 2588 tamen
482 2561 565 2588 non
591 2546 804 2601 ingratum
832 2547 924 2589 fore
948 2547 1154 2599 arbitror,
1186 2547 1222 2590 si
1247 2549 1498 2591 mutationes
1529 2549 1644 2605 ipsas
1678 2549 1869 2591 breviter
1900 2547 2024 2589 addi-

313 2603 443 2654 dero,
474 2617 555 2658 quo
576 2604 710 2658 magis
735 2604 973 2655 elucescat,
1002 2605 1171 2660 quantis
1192 2605 1517 2649 difficultatibus
1547 2605 1819 2661 chronologia
1849 2605 2025 2661 antiqua

311 2660 530 2701 obstructa
552 2658 631 2710 sit,
661 2659 901 2715 ferrumque
927 2662 1116 2703 attrahat
1135 2662 1295 2704 virum:
1641 2711 1647 2715 .

340 2716 394 2759 ab
425 2730 463 2758 a.
494 2716 550 2757 U.
580 2713 840 2814 244-26ῗ)
864 2717 1068 2814 ξοιιειιίεε
1103 2719 1394 2773 magistratum
1426 2718 1612 2763 inierunt
1629 2718 1842 2762 Calendis
1881 2720 2023 2763 Octo-

842 2787 880 2814 ri
911 2788 977 2815 us.

424 2842 462 2871 a.
493 2829 575 2873 261
607 2828 701 2870 Cal.
732 2829 971 2885 Septembr.

424 2899 464 2927 a.
495 2886 580 2930 278
610 2890 654 2927 et
685 2885 830 2927 forsan
858 2887 940 2928 iam
964 2885 1082 2942 prius
1104 2901 1236 2944 usque
1268 2888 1322 2931 ad
1350 2902 1390 2933 a.
1414 2883 1525 2941 301,
1555 2902 1695 2933 mense
1726 2887 1904 2941 Sextili,
1934 2889 2023 2931 for-

654 2955 731 2983 san
756 2942 847 2984 Cal.
877 2943 1028 2986 Sextil.

427 3011 468 3040 a.
498 2999 583 3042 302
611 2999 757 3040 Idibus
789 2999 930 3054 Majis.

430 3069 469 3097 a.
499 3056 749 3100 310—352
777 3056 922 3098 Idibus
948 3056 1268 3101 Decembribus.

427 3126 468 3154 a.
497 3112 748 3156 353—361
781 3113 956 3156 Calend.
988 3115 1166 3156 Octobr.

426 3183 466 3211 a.
497 3170 745 3213 362—363
776 3170 952 3212 Calend.
983 3171 1191 3221 Quinctil.

427 3239 466 3270 a.
489 3227 742 3271 ›365——387
770 3240 913 3269 mense
936 3227 1151 3269 Ianuario.

426 3296 466 3325 a.
495 3280 739 3326 388—420
769 3283 968 3326 Calendis
998 3284 1184 3326 Martiis.

426 3354 466 3382 a.
495 3338 580 3383 420
609 3339 808 3382 Calendis
840 3340 1137 3390 Quinctilibus

426 3411 465 3439 a.
495 3394 747 3441 433—531
779 3397 976 3439 Calendis
1006 3397 1147 3442 Maiis.

427 3467 468 3495 a.
500 3455 748 3498 532—600
776 3453 924 3496 Idibus
951 3454 1135 3496 Martiis.

342 3509 395 3550 ab
425 3523 463 3553 a.
494 3510 551 3552 U.
581 3513 661 3555 601
695 3510 893 3552 Calendis
922 3511 1143 3555 Ianuariis.
