2222 3938
619 195 718 249 ΕΤ
752 193 1340 254 ANNOTATIONES·
1776 182 1902 244 413

85 337 158 376 est
184 330 237 376 in
259 327 464 376 Ilaran.
515 325 577 372 Et
605 342 712 390 cap.
741 329 823 380 12.
859 343 907 375 v.
934 328 983 380 4.
1041 329 1379 394 Septuaginta
1406 327 1630 392 quinque
1652 340 1903 372 annorum

84 409 196 446 erac
218 397 413 447 Abram
438 413 554 443 cum
573 413 803 460 egressus
825 407 897 444 est
920 396 980 444 de
1000 400 1204 450 Har-an.
1262 399 1339 446 Ex
1364 397 1444 445 his
1479 394 1700 444 Abrahae
1729 402 1777 442 et
1811 411 1904 458 ge-

81 476 276 518 storum
303 468 408 514 eius
433 483 663 532 praesens
693 467 821 515 ratio
849 468 1116 532 colligitur.
1178 469 1425 517 Abraham
1449 467 1600 533 patris
1623 465 1784 514 Thare
1808 482 1904 512 an-

80 555 148 588 no
175 543 259 592 70.
289 537 427 586 venit
450 537 504 584 in
531 538 691 584 lucem
707 575 720 600 ,
761 539 933 586 aetatis
952 557 1071 587 vero
1096 540 1327 606 propriae
1354 556 1483 586 anno
1507 537 1591 590 75.
1629 553 1690 584 ex
1714 535 1901 597 Haran,

0 653 3 656 .
81 608 170 657 ubi
205 625 316 656 cum
353 614 494 672 patre
531 608 845 670 morabatur,
884 609 1153 658 discessum
1181 609 1409 674 paravit,
1460 615 1510 656 et
1535 607 1697 655 solum
1731 606 1901 667 vertit,

80 678 240 746 patris
268 677 427 726 Thare
465 695 593 725 anno
637 677 751 731 145.
785 679 890 743 ipse
917 680 1077 728 Thare
1116 681 1294 728 deinde
1321 680 1383 728 ad
1415 696 1569 726 annos
1598 677 1717 731 205.
1747 677 1900 726 vitam

81 748 356 816 produxit,
393 756 506 796 ante
529 748 683 813 patris
708 749 861 811 igitur
884 751 1077 798 obitum
1113 758 1161 798 et
1189 768 1343 799 annos
1378 749 1482 798 eius
1518 749 1651 797 vitae
1691 755 1902 813 postre-

81 837 188 868 mos
221 824 304 874 60.
332 835 395 866 ex
421 819 588 866 Haran
611 819 666 865 in
701 820 911 868 alienam
944 829 1128 868 terram
1160 822 1323 869 fuerat
1357 818 1603 868 Abraham
1628 819 1901 884 profectus-

0 925 6 941 ;
80 890 159 939 En
183 898 345 938 tamen
375 897 433 936 ut
451 893 667 937 Actuum
691 894 739 942 7.
770 908 819 941 v,
846 891 894 944 4.
923 891 1202 956 Stephanus
1228 891 1418 956 Spiritu
1443 891 1620 955 plenus
1650 897 1699 936 et
1719 889 1903 953 impul-

0 974 2 979 ’
82 976 195 1023 sus,
232 961 296 1008 ad
322 959 529 1008 Iudaeos
552 960 705 1008 verba
733 961 944 1010 faciens:
980 962 1263 1023 Abraham,
1292 962 1376 1023 ait,
1398 961 1650 1008 habitavit
1677 962 1732 1006 ιἠ,
1761 960 1902 1007 Clza—

0 1062 5 1068 ν
80 1049 203 1091 ran,
239 1030 345 1080 sive
378 1030 562 1082 Haran.
632 1033 702 1078 Et
739 1030 855 1078 inde
888 1042 1164 1098 postquam
1206 1042 1437 1079 mortuus·
1479 1040 1550 1078 est
1578 1039 1731 1095 pater
1775 1032 1900 1089 eiua,

81 1101 348 1149 transtulit
370 1102 519 1149 illum
541 1104 687 1150 Deus
720 1105 777 1149 in
810 1111 996 1150 terram
1035 1106 1212 1164 istam,
1251 1106 1307 1152 in
1332 1120 1435 1167 qua
1469 1119 1559 1150 vos
1580 1118 1718 1148 nunc
1740 1100 1904 1147 habi-

80 1175 221 1220 tatis.
294 1172 553 1221 Annorum
586 1176 701 1227 135.
728 1174 926 1221 tenebat
950 1191 1211 1223 numerum
1236 1172 1514 1234 Abraham,
1558 1188 1670 1218 cum
1701 1179 1843 1235 pater
1875 1187 1902 1217 e

0 1266 12 1295 ,2
79 1244 185 1290 vita
209 1242 457 1290 discessit.-
492 1261 596 1291 non
623 1243 778 1307 igitur
799 1245 884 1297 75.
922 1245 1056 1294 vitae
1082 1262 1210 1292 anno
1246 1243 1450 1292 transiit
1477 1242 1530 1290 in
1555 1250 1736 1290 terram
1771 1239 1901 1288 Cha-

2 1340 6 1343 >
77 1330 230 1362 naan:
271 1321 356 1360 aut
384 1314 428 1360 si
455 1331 510 1361 eo
544 1322 767 1379 tempore
792 1316 1042 1379 profectus
1079 1324 1179 1374 est,
1216 1333 1317 1363 non
1343 1313 1495 1377 igitur
1516 1320 1656 1377 patre
1681 1319 1898 1372 mortuo,

79 1401 194 1432 cum
229 1384 399 1431 aetatis
441 1385 560 1438 135.
590 1393 888 1435 numeraret.
960 1387 1019 1434 In
1050 1386 1145 1433 hac
1180 1387 1366 1434 famosa
1399 1384 1682 1447 quaestione
1709 1391 1757 1430 et
1775 1382 1899 1446 plu-

78 1456 209 1504 rium
235 1454 459 1502 examine
479 1456 742 1519 ventilata,
783 1458 1047 1505 memoriae
1080 1458 1272 1522 lapsum
1299 1473 1361 1505 ex
1395 1454 1651 1502 concionis
1681 1461 1822 1501 aestu
1847 1453 1902 1499 in

79 1524 332 1591 Stephano
358 1526 518 1573 Canus
545 1534 716 1575 noster
743 1527 983 1575 admittit:
1022 1528 1108 1576 sed
1143 1545 1256 1575 cum
1290 1528 1469 1592 plenus
1504 1532 1676 1573 sancto
1707 1522 1902 1588 Spiritu

7 1635 9 1637 .
77 1596 388 1661 loqueretur,
426 1613 454 1642 a
488 1597 650 1660 fragili
685 1597 944 1645 hominum
985 1606 1118 1646 sorte
1162 1606 1210 1645 et
1245 1597 1534 1645 infirmitate
1571 1593 1902 1644 vindicandus

79 1674 152 1714 est
190 1665 280 1714 Dei
326 1682 506 1732 praeco
554 1675 602 1714 et
642 1668 966 1730 Evangelicae
1001 1668 1227 1717 veritatis
1268 1675 1484 1715 assertor
1520 1672 1569 1719 2.
1614 1666 1784 1714 Annos
1813 1664 1902 1717 75.

77 1736 324 1786 Abraham
347 1737 682 1801 Hieronymus
704 1737 758 1785 in
782 1740 979 1798 Quaest.
1005 1739 1155 1787 Hebr.
1181 1756 1285 1785 non
1314 1738 1464 1786 sentit
1488 1737 1547 1783 ab
1575 1753 1628 1784 eo
1649 1741 1900 1783 momento

79 1825 177 1872 quo
200 1808 365 1855 lucem
387 1809 610 1873 aspexit,
649 1810 1008 1871 numerandos,
1048 1810 1134 1857 sed
1160 1825 1257 1872 quo
1288 1809 1488 1873 repulso
1514 1807 1762 1853 idolorum
1789 1805 1903 1852 cul-

76 1885 137 1926 tu
161 1894 300 1926 suam
332 1894 442 1942 erga
467 1896 642 1928 verum
679 1880 835 1928 Deum
867 1880 1015 1927 fidem
1055 1887 1104 1927 et
1130 1879 1419 1943 religionem
1445 1876 1679 1924 audacius
1703 1877 1901 1940 profes-

77 1966 160 1997 sus
185 1956 286 2011 est,
325 1949 456 2012 quod
483 1950 705 1998 nondum
732 1959 873 2016 patre
899 1951 1028 2000 vivis
1055 1958 1224 2016 erepto
1261 1949 1548 2011 contingere
1583 1946 1778 2008 debuit,
1813 1963 1902 1994 eo-

78 2036 173 2083 que
212 2019 478 2081 defuncto‚
517 2028 566 2068 et
600 2021 685 2074 75.
715 2039 820 2070 non
855 2021 1011 2084 vitae,
1051 2022 1139 2070 sed
1162 2021 1444 2086 publicatae
1476 2018 1594 2066 fidei
1631 2017 1801 2079 annis,
1839 2033 1902 2063 ex

76 2089 245 2138 Haran
275 2090 327 2136 in
368 2090 708 2139 Chananaeam
741 2100 798 2140 ut
838 2093 1098 2156 migraret,
1138 2110 1165 2138 a
1191 2093 1292 2139 Deo
1328 2096 1649 2156 praeceptum
1686 2087 1900 2152 accepit.

77 2161 145 2208 At
168 2177 283 2207 cum
303 2160 529 2208 Abrahae
551 2179 827 2210 memorans
853 2180 1008 2211 annos
1029 2171 1192 2210 ortum
1211 2163 1312 2209 eius
1334 2179 1438 2209 non
1465 2160 1613 2207 fidem
1637 2158 1735 2206 toti
1756 2174 1902 2206 mun-

79 2232 143 2278 do
172 2231 423 2293 vulgatam
453 2231 684 2295 respiciat
715 2232 1002 2297 Scriptura,
1039 2241 1099 2280 ut
1123 2233 1242 2296 quid
1271 2231 1356 2279 hic
1392 2248 1498 2279 eam
1524 2228 1711 2276 mundo
1735 2227 1900 2274 mani-

78 2302 332 2361 festatam,
371 2308 420 2348 et
445 2301 505 2347 ab
535 2318 589 2347 ea
616 2301 851 2366 deinceps
881 2311 1102 2350 exactam
1127 2304 1335 2349 aetatem
1362 2307 1651 2348 connotasse
1668 2297 1898 2346 dicetur?

77 2374 127 2425 3.
164 2369 412 2419 Abraham
443 2388 572 2418 anno
596 2372 752 2436 patris
777 2372 936 2420 Thare
964 2372 1228 2420 centesimo
1255 2378 1305 2418 et
1338 2370 1591 2418 tricesimo
1614 2376 1787 2415 natum
1811 2385 1895 2415 as-

79 2442 202 2489 serit
228 2442 373 2488 tertia
397 2442 663 2490 sententia:
700 2441 777 2489 his
805 2459 924 2490 vero
953 2443 1229 2506 scripturae
1252 2441 1441 2502 verbis;
1480 2442 1705 2504 vixitque
1737 2438 1896 2486 leare

77 2516 162 2566 70.
197 2513 348 2558 annis
390 2521 435 2557 et
464 2514 645 2576 genuit
687 2512 909 2574 Abram,
946 2513 1182 2561 subtilius
1221 2529 1369 2576 quam
1395 2509 1565 2559 verius
1601 2510 1895 2574 respondet:

76 2599 181 2630 non
206 2590 330 2629 tunc
352 2582 597 2629 Abraham
619 2590 793 2630 natum
823 2583 997 2639 asseri,
1037 2583 1122 2630 sed
1144 2590 1340 2629 tantum
1370 2581 1471 2629 eius
1505 2587 1699 2646 patrem
1737 2578 1896 2627 'share

78 2660 192 2700 ante
217 2657 301 2706 70.
333 2669 519 2700 annum
542 2670 604 2700 ex
622 2653 788 2701 liberis
816 2652 1062 2700 Abraham
1088 2654 1133 2701 N
1136 2651 1287 2701 achor
1309 2660 1358 2699 et
1381 2652 1532 2699 Aram
1559 2650 1756 2698 nullum
1780 2665 1896 2697 sus-

25 2763 27 2765 .
75 2723 293 2788 cepisse,
338 2740 438 2787 quo
476 2724 752 2788 susceperit
789 2723 988 2771 Nachor
1036 2732 1084 2772 et
1119 2726 1267 2770 Aram
1300 2739 1407 2770 non*
1446 2729 1613 2787 aperte
1649 2727 1895 2783 constare,

75 2793 324 2842 Abraham
359 2793 519 2843 ‘share
556 2797 671 2847 130.
701 2795 979 2858 grandaevo
1006 2802 1181 2842 natum
1215 2792 1592 2852 affirmandum,
1627 2797 1686 2838 ut
1716 2790 1896 2838 deinde

76 2864 161 2918 75.
186 2864 318 2913 vitae
353 2881 483 2912 anno
519 2865 582 2912 ad
618 2864 930 2913 Chananaeos
961 2866 1241 2929 profectum
1267 2863 1518 2927 Scriptura
1552 2861 1775 2940 potuerit
1813 2868 1896 2909 te-

77 2934 214 2983 stari.
285 2934 363 2982 An
387 2934 589 2999 effugiat
616 2936 701 2984 vel
730 2936 909 2984 enodet
933 2935 1304 2994 difficultatem,
1342 2932 1465 2980 haec
1490 2932 1752 2994 sententia,
1777 2947 1896 2979 ver-

74 3003 140 3051 ba
173 3003 458 3068 Scripturae
489 3006 691 3071 proprie
727 3022 785 3054 ac
809 3023 1064 3070 germane,
1102 3004 1145 3052 si
1172 3003 1300 3051 nihil
1324 3003 1476 3065 obsit,
1513 3001 1896 3067 interpretanti-

77 3074 170 3122 bus
192 3073 555 3124 discutiendum
578 3076 825 3141 relinquo.
874 3079 926 3129 4.
962 3076 1062 3124 Alii
1095 3091 1206 3122 cum
1233 3073 1505 3137 Augustino
1530 3090 1632 3121 non
1667 3089 1816 3120 unam
1840 3070 1896 3117 in

79 3143 483 3193 Chananaeorum
486 3147 753 3227 regionem
780 3145 1004 3196 Abrahae
1019 3152 1243 3194 statuunt
1256 3143 1632 3210 profectionem,
1671 3142 1757 3190 sed
1783 3141 1894 3204 plu-

76 3230 183 3263 res.
231 3214 411 3279 quibus
447 3215 680 3265 nimirum
718 3234 830 3282 erga
873 3225 1066 3283 patrem
1102 3217 1300 3281 pietatis
1340 3214 1505 3263 officia
1545 3213 1893 3278 persoluturus

78 3300 438 3348 nonnunquam
463 3285 558 3334 iret
591 3305 648 3335 ac
674 3295 1038 3337 reverteretur.
1072 3287 1382 3352 primamque
1416 3301 1479 3333 ex
1507 3284 1574 3331 eis
1604 3298 1731 3329 anno
1760 3279 1893 3326 vitae

78 3356 164 3407 75
187 3363 482 3420 susceptam,
518 3365 819 3421 postremam
846 3374 993 3420 vero,
1031 3374 1128 3422 qua
1154 3355 1418 3405 stabilem
1403 3372 1459 3402 m
1487 3354 1891 3402 Chananaeorum

76 3431 210 3472 terra
247 3442 436 3473 moram
474 3428 596 3490 egit,
642 3436 782 3492 patre
812 3435 1038 3489 mortuo,
1082 3427 1228 3475 iuxta
1264 3424 1501 3490 Stephani
1536 3419 1890 3480 testimonium,

83 3494 247 3545 animo
269 3495 364 3545 sibi
391 3494 544 3547 fuisse
571 3497 831 3552 decretam.
893 3500 959 3549 At
970 3496 1091 3548 haec
1112 3498 1248 3547 ultro
1276 3496 1500 3559 citroque
1518 3489 1750 3542 remeatio
1777 3505 1890 3538 cum
