2222 3938
303 203 429 264 470
895 208 1476 266 EMENDATIONES

303 350 355 393 et
382 342 523 392 annis
546 341 673 407 regis
701 340 809 389 Ioas
837 355 900 388 ex
921 337 1180 404 Scriptura
1203 346 1250 387 et
1272 339 1505 403 Scaligeri
1525 339 1735 390 Eusebio
1759 341 1991 407 prolatis:
2018 343 2128 391 Ioas
2148 380 2150 382 >

301 431 422 463 vero
450 431 562 462 cum
588 429 715 460 anno
739 409 918 458 mundi
941 410 1096 464 4652.
1117 410 1330 458 obeunte
1354 411 1619 459 defunctus
1645 412 1785 460 annis
1812 412 1896 465 40.
1918 427 2129 478 regnum

301 484 521 534 tenuerit
549 501 610 532 ex
639 498 749 547 pag.
774 484 889 534 198.
914 497 1018 527 non
1042 480 1137 528 nisi
1167 482 1322 534 4613.
1352 481 1514 545 potuit
1534 482 1662 529 illud
1691 483 1843 534 adire.

443 556 556 616 Pag.
596 556 710 605 189.
748 549 854 600 Καὶ
891 546 1214 616 ἐπωνόμασεν
1256 546 1415 616 αυτὴν
1449 549 1700 618 Σεμβήρ.]
1753 555 1880 642 Lego
1914 556 1964 606 3.
2007 553 2128 636 Reg.

306 642 413 690 cap.
443 628 524 677 16.
560 639 607 672 v.
637 622 720 675 24.
756 620 841 671 καὶ
867 617 1170 672 ἐπεκαλεσαν
1192 618 1248 672 τό
1274 619 1437 686 ὄνομα
1457 626 1548 672 τοῦ
1572 621 1750 706 ὅρους,
1788 626 1847 675 οὐ
1874 617 2138 694 ῷκοδόμη«

304 710 415 758 σεν,
452 692 535 744 ἐπὶ
557 695 626 757 τῷ
653 686 862 777 ὀνόματι
883 694 974 741 τοῦ
994 693 1173 759 κυρίου
1197 695 1289 742 τοῦ
1313 689 1461 759 όοους
1487 689 1749 759 Σεμηρών.

443 759 625 828 Ἀχααβ
655 758 761 821 υἱὸς
793 757 964 828 ’Λμβρι
1006 761 1087 826 ἔτη
1119 758 1197 828 κβ’
1200 759 1238 827 .]
1278 763 1350 810 [ta
1378 763 1576 812 Latinus
1605 764 1867 813 Eusebius·
1910 765 2130 812 Graecus

303 850 367 883 ex
396 834 644 898 Scaligero
676 827 768 897 κη’.
791 831 1092 921 typographi
1119 834 1293 880 forsan
1320 833 1457 885 vitio.

443 905 557 967 Pag.
599 907 716 957 190.
750 898 967 968 Ὀχοζίας
990 899 1101 963 υἷος
1119 897 1353 968 Ἀχααβ’
1337 903 1418 967 ἐτη
1452 898 1497 968 β’
1499 903 1530 969 .]
1567 905 1678 952 Una
1718 922 1830 952 cum
1872 911 2013 970 patre
2041 921 2130 953 re-

300 992 478 1040 gnasse
502 940 812 1022 ‹tiemonstrat
848 973 1078 1022 Petavius
1114 974 1174 1021 <le
1211 975 1350 1023 Doct.
1377 975 1545 1039 Temp.
1573 976 1658 1022 lib.
1685 980 1732 1028 9.
1768 993 1876 1040 cap.
1908 975 1992 1028 55.
2033 991 2131 1022 an-

301 1046 415 1094 nuit
447 1044 642 1093 Author
681 1052 729 1091 et
771 1043 1107 1092 coniecturam
1143 1061 1230 1091 suo
1269 1045 1460 1093 calculo
1500 1045 1688 1093 firmat:
1737 1046 1896 1092 Ioram
1933 1045 2063 1092 enim
2101 1064 2129 1093 a

301 1116 477 1165 mundi
503 1114 707 1163 conditu
729 1115 882 1167 4598.
914 1114 1058 1162 fratri
1078 1114 1325 1161 Ochoziae
1347 1116 1636 1163 successisse
1659 1116 1831 1180 ponit,
1861 1115 2130 1164 Ochoziam

303 1204 423 1236 vero
452 1186 606 1239 4597.
634 1201 840 1248 regnum
870 1184 1070 1232 adiisse:
1110 1184 1303 1232 duobus
1326 1185 1478 1248 igitur
1500 1186 1642 1233 annis
1668 1203 1729 1234 ex
1752 1189 1800 1239 3.
1835 1187 2024 1249 Regum
2052 1187 2133 1234 ul-

302 1257 444 1305 timo
456 1256 614 1321 capite
634 1255 855 1302 tenuisse
872 1271 975 1301 non
1001 1261 1165 1320 potest
1190 1272 1419 1313 asserere,
1443 1254 1540 1303 nisi
1566 1256 1790 1322 primum
1814 1256 1916 1305 eius
1945 1273 2132 1305 annum

302 1326 459 1394 patris
486 1325 653 1374 Achab
681 1342 812 1372 anno
844 1333 1095 1389 postremo
1125 1334 1464 1374 connumeret.

444 1397 556 1460 Pag.
598 1400 716 1449 191.
749 1390 883 1446 Ἰοὖ’
867 1395 948 1459 ε’τη
977 1415 1068 1460 κη.
1042 1392 1099 1459 ’.]
1140 1396 1356 1459 Scaliger
1378 1393 1469 1462 κβῖ
1506 1396 1741 1445 Errorem
1765 1404 1884 1446 nota
1905 1397 2132 1463 penulti-

301 1484 380 1539 ma
412 1467 726 1515 observatum
759 1466 854 1513 alio
880 1483 1048 1514 eriore
1079 1474 1380 1531 compensat.

442 1532 891 1601 Pag.192·Koctoc
923 1539 1104 1587 τοῦτον
1137 1536 1338 1603 γέγονεν
1369 1534 1406 1602 ἦ
1436 1531 1610 1603 πρώτη
1639 1530 1947 1602 Ὀλυμπιας]
1985 1537 2134 1586 Haud

301 1607 357 1655 in
379 1608 580 1670 Procae,
610 1606 735 1654 sed
719 1624 774 1654 m
798 1606 1102 1654 successoris
1127 1607 1319 1655 Amulii
1345 1624 1500 1655 annos
1514 1608 1867 1672 Olympiadum
1891 1606 2133 1674 epocham

301 1677 547 1742 figendam
566 1715 581 1741 ‚
619 1678 794 1739 docet,
832 1694 895 1724 ne
936 1676 1022 1725 1110
1045 1678 1242 1741 longior
1267 1678 1389 1740 sim,
1430 1677 1903 1742 Chronologicarum
1930 1679 2133 1727 tabula-

301 1765 414 1797 rum
451 1748 719 1812 inspectio:
757 1748 991 1812 quocirca
1029 1749 1270 1796 sententia
1306 1747 1429 1797 haec
1463 1749 1519 1796 in
1555 1750 1815 1814 proprium
1849 1750 2044 1810 locum,
2082 1757 2133 1797 et

304 1818 366 1865 de
397 1818 582 1866 Amulii
613 1834 765 1880 regno
801 1817 1089 1881 periocham
1123 1819 1444 1882 remittenda,
1481 1819 1543 1868 ob
1570 1820 1858 1884 religionem
1892 1819 1947 1867 in
1977 1820 2133 1868 Calli-

297 1887 546 1954 'graphum
573 1904 731 1935 meam
760 1888 920 1935 alieno
947 1888 1058 1936 loco
1085 1897 1277 1936 retenta
1304 1897 1391 1941 est.

442 1955 714 2022 Δαμαστὴς
738 1957 769 2008 ὅ
789 1955 1024 2024 Σιγιεύς]
1065 1959 1341 2007 Damastem
1371 1958 1542 2022 Sigaeo
1576 1975 1723 2022 agro,
1765 1966 1904 2023 patre
1934 1959 2132 2025 Dexip-

304 2043 370 2092 po
406 2036 605 2089 natum,
642 2028 884 2076 Herodoti
921 2035 1262 2092 coaetaneum,
1299 2046 1468 2077 rerum
1510 2029 1963 2093 antiquissimarum
1994 2031 2132 2079 scri-

304 2105 527 2184 ptorem‚
568 2097 918 2163 Geographum
943 2098 1185 2146 celebrem
1206 2107 1447 2146 memorat
1470 2099 1663 2148 Suidas.

441 2163 774 2234 Αριστοτέλης
799 2166 825 2219 ὁ
853 2169 1167 2236 maiomam]
1208 2171 1276 2216 De
1303 2169 1681 2233 Rebuspublicis
1708 2177 1756 2217 et
1782 2186 1953 2219 earum
1977 2171 2133 2235 origi-

304 2236 453 2285 nibus
483 2240 763 2303 praeclaros
784 2245 1028 2287 tractatus
1052 2239 1386 2304 composuisse
1408 2241 1563 2288 refert
1580 2240 1842 2292 Gesnerus.
1880 2242 2132 2306 Excerpta

303 2307 358 2358 ἐκ
398 2328 498 2358 των
535 2304 896 2372 Ἀοιστοτέλους
934 2313 1196 2360 πολιτειων
1245 2311 1438 2375 profert
1480 2311 1655 2358 Strabo
1698 2311 1784 2359 lib.
1813 2317 1859 2363 7.
1899 2329 2006 2376 cap
2045 2316 2130 2366 20.

145 2379 200 2424 V.
231 2379 287 2424 49
311 2378 477 2425 Alium
504 2396 530 2424 a
555 2379 784 2441 Stagirite
814 2377 1187 2427 Chalcidensem
1218 2380 1539 2428 historiarum
1575 2380 1867 2445 scriptorem
1890 2390 2132 2430 memorat

306 2448 509 2495 Vossius
538 2449 598 2496 de
627 2449 816 2499 Histor.
845 2449 1044 2496 Graecis
1073 2450 1163 2499 lib.
1189 2450 1239 2503 4.
1272 2458 1414 2515 parte
1442 2454 1490 2504 3.
1530 2451 1779 2515 Stagiritis
1816 2453 1998 2518 scripta
2032 2452 2132 2500 Hi-

308 2520 489 2566 storica
512 2519 670 2583 partis
691 2525 742 2572 2.
774 2535 881 2583 cap.
910 2524 957 2572 9.
994 2519 1084 2571 lib.
1116 2520 1348 2572 eiusdem.

454 2587 623 2640 Τόπον
645 2593 735 2655 τῆς
755 2584 992 2654 Ὀπικῆς]
1030 2590 1167 2639 Inter
1192 2590 1489 2657 Campaniae
1513 2591 1726 2657 populos
1749 2599 1972 2640 recenset
1995 2591 2131 2657 Opi-

308 2659 599 2711 cos,Strabo
622 2660 707 2712 lib.
735 2660 782 2712 5.
813 2676 918 2723 <lap-
945 2665 1030 2713 26·

451 2730 558 2791 Pag.
598 2733 712 2783 193.
751 2729 1007 2794 Καλλίας.]
1044 2729 1234 2777 Laudes
1263 2729 1366 2778 eius
1395 2729 1451 2777 in
1476 2729 1798 2794 Agathoclem
1829 2730 2128 2780 adulatorias

307 2798 462 2846 refert
497 2798 699 2862 Suidas,
739 2807 787 2848 et
823 2799 925 2847 eius
951 2800 1239 2851 memoriam
1274 2801 1487 2851 damnat.
1573 2803 1965 2864 Syracusanum,
2011 2809 2060 2850 et
2098 2819 2128 2850 a
2169 2795 2180 2806 ⁶

305 2868 633 2931 Mitylenaeo‚
672 2877 721 2916 et
760 2870 914 2918 altero
949 2869 1240 2920 Atheniensi
1283 2871 1532 2919 diversum
1577 2871 1882 2919 demonstrat
1922 2871 2127 2921 Vossius

309 2954 467 3003 nuper
488 2939 724 3001 allegatus
746 2940 833 2989 lib.
861 2945 907 2992 1.

453 3004 770 3073 Ξεναγόρας.]
810 3011 880 3056 De
903 3009 1046 3057 cuius
1079 3009 1277 3075 scriptis
1306 3008 1491 3056 Plinius
1517 3007 1603 3056 lib.
1624 3010 1671 3062 5.
1700 3015 1748 3056 et
1772 3014 1820 3063 7.
1848 3010 2126 3061 celebratur

309 3094 336 3123 a
369 3077 605 3143 Dionysio
644 3078 1056 3127 Halicarnassensi
1092 3079 1178 3127 lib.
1217 3086 1262 3131 1.
1299 3078 1464 3142 Antiq.
1502 3079 1643 3127 Rom.
1683 3096 1782 3143 quo
1821 3081 1935 3129 loco
1972 3081 2123 3130 Urbis

214 3187 221 3197 .
308 3148 516 3213 origines
541 3155 777 3196 recenset.
849 3150 996 3197 Plura
1024 3148 1231 3197 Vossius
1257 3148 1343 3197 lib.
1371 3151 1423 3200 3.

415 3237 418 3241 ’
444 3217 497 3268 Ὁ
521 3216 576 3268 δέ
595 3236 649 3284 γε
676 3216 920 3277 Χαλκιεῦς
939 3213 1242 3281 Διονύσιος]
1281 3217 1378 3277 Qui
1409 3217 1616 3280 κτίσεις,
1655 3226 1702 3266 et
1731 3218 1990 3268 civitatum
2018 3221 2123 3269 ori-

307 3288 440 3351 gines
460 3288 602 3336 libris
626 3287 844 3352 quinque
867 3289 1173 3352 complexus,
1195 3287 1326 3334 111101
1354 3287 1475 3334 alios
1499 3287 1713 3336 eiusdem
1737 3290 1948 3338 nominis
1973 3308 2122 3356 prae-

308 3359 466 3407 claros
490 3358 768 3442 scriptores
778 3357 951 3405 Vossio
985 3357 1258 3405 celebratur
1282 3357 1342 3404 de
1369 3358 1494 3406 Hist.
1526 3358 1726 3406 Graecis
1750 3359 1835 3407 lib.
1857 3363 1909 3414 3.

308 3497 391 3550 lb
421 3424 700 3554 5Καππύξν
735 3446 835 3481 απο
875 3422 1128 3493 Κάπυος]
1182 3426 1224 3475 Α
1266 3427 1442 3493 Capite
1493 3427 1676 3477 dictam
1722 3429 1896 3480 scribit
1943 3431 2118 3480 Strabo

329 3515 342 3544 1
504 3516 593 3566 cap
