2222 3938
962 767 1051 821 IN

142 878 331 951 G›E
401 875 736 949 C)lz‹G
799 880 928 950 Il:
1039 876 1638 961 N[()]ff.A‚C
1700 880 1863 949 Hjl

341 1017 1093 1081 SANCTISSIMI
1160 1018 1637 1080 TARASII

499 1159 612 1197 CON
615 1159 863 1198 STANTIN
869 1160 938 1198 ΟΡ
944 1160 1034 1196 oL.
1083 1158 1498 1198 PATRIARCHAE

559 1244 1406 1328 ·S·Y]N(3E3L];1

233 1392 862 1447 COLLEGTANEA
928 1389 1765 1457 CHRON'OGRAPHICA,

429 1509 483 1556 P.
518 1507 686 1556 Iacom
724 1508 871 1556 Gom
907 1525 1104 1556 ominus
1144 1525 1569 1557 PRAEmCAToRUM

374 1615 1628 1680 EMENDATIONES

375 1746 377 1749 ’
630 1742 731 1797 ΕΤ
777 1741 1366 1797 ANNOTATIONES.

228 1928 344 1992 Pag.
384 1930 430 1981 1-.
464 1921 548 1977 'Ev
571 1921 704 1996 ἆρχῇ
725 1925 957 1991 ἐποίησεν
983 1923 1010 1978 ὁ
1033 1922 1158 1986 Θεὸς
1180 1922 1265 1979 τὸν
1289 1922 1510 1995 ου’ρανὸν
1529 1917 1622 1979 ςκαὶ
1649 1922 1745 1992 τήν
1768 1923 1902 1993 mim]
1930 1925 1986 1971 V·
2020 1930 2044 1971 1

91 1998 483 2058 Quasi⁴scenam
519 2015 576 2045 ae
604 1997 881 2058 theatrum,
934 1997 987 2043 in
1021 1998 1201 2061 quibus
1238 1999 1406 2063 superi
1439 1999 1769 2061 mortalesque
1800 2012 1913 2043 suas

91 2068 531 2135 quique-personas
556 2076 725 2131 agunt:
765 2074 942 2115 cuncta
966 2067 1206 2116 Vanitatis
1229 2069 1529 2132 ludibrium,
1567 2069 1741 2116 Mortis
1763 2067 1915 2114 simu-

89 2139 242 2201 lacre,
279 2140 459 2203 quibus
479 2137 601 2185 hinc
630 2137 1000 2199 cachinnorum,
1039 2137 1156 2184 inde
1170 2138 1536 2203 lachrymarum
1561 2138 1799 2205 praebent
1830 2155 1913 2184 ar—

91 2216 347 2272 gumenta:
392 2209 478 2256 ubi
503 2209 649 2255 nobis
682 2216 958 2272 postremos
989 2209 1118 2254 inter
1138 2206 1363 2256 homines
1393 2210 1549 2270 natis,
1589 2217 1637 2256 et
1661 2215 1913 2272 spectato-

89 2295 203 2327 rum
231 2279 365 2326 vices
399 2277 755 2325 sustinentibus
783 2277 1024 2324 maiorum
1063 2285 1170 2323 acta
1199 2278 1447 2326 Historiae
1483 2287 1531 2326 et
1556 2277 1912 2340 Chronologiae

90 2356 411 2396 monumenta
441 2355 842 2413 repraesentant,
886 2356 946 2394 ut
971 2347 1172 2393 tandem
1206 2348 1502 2410 spectaculis
1533 2347 1671 2396 hisce
1697 2348 1913 2394 inaniter

11 2430 18 2439 '
89 2419 252 2485 pasti,
301 2419 543 2482 rebusque
583 2417 864 2482 praeteritis
907 2417 1051 2465 velut
1091 2418 1432 2480 praesentibus
1480 2418 1672 2476 affecti,
1719 2426 1911 2483 partem

93 2489 308 2548 fabulae,
347 2505 495 2553 quam
520 2488 732 2535 mundus
761 2487 860 2550 agit
884 2494 932 2534 et
952 2486 1183 2551 inspicit,
1222 2489 1472 2553 nosipsos
1503 2488 1864 2553 profiteremur.
1903 2521 1907 2528 -

241 2562 342 2610 Τοῦ
390 2556 443 2609 δὲ
482 2552 610 2624 παρ’
653 2557 946 2623 Αἰγυπτίοις
992 2553 1211 2622 ἑβδόμου
1260 2556 1412 2623 μηνὸς
1450 2554 1587 2625 κθ·’.]
1639 2559 1846 2606 Iudaeos
1882 2575 1912 2604 a

91 2645 258 2677 mense
291 2628 442 2676 Nisan
477 2628 610 2676 circa
643 2644 851 2675 vernum
883 2626 1254 2691 aequinoctium
1287 2629 1689 2677 Ecclesiasticum
1726 2645 1912 2676 annum

93 2698 339 2763 auspicari
354 2698 482 2746 nulli
497 2698 594 2745 nisi
608 2698 968 2762 scripturarum
989 2697 1160 2760 ignaro
1188 2697 1409 2747 dubium.
1442 2699 1676 2765 Aegyptii
1699 2715 1912 2763 quorum

93 2785 252 2816 annus
273 2769 434 2818 civilis
454 2770 574 2822 365.
594 2767 785 2816 dierum
810 2768 1054 2816 circulum
1077 2775 1189 2815 ante
1213 2768 1462 2817 devictum
1484 2770 1759 2818 Antonium
1788 2786 1913 2817 nun-

93 2855 241 2903 quam
278 2839 510 2902 excessit,
553 2838 813 2903 repudiato
844 2838 1080 2886 nimirum
1109 2838 1395 2887 intercalari
1430 2857 1588 2903 anno,
1637 2857 1781 2904 quem
1818 2855 1911 2887 nos

91 2909 374 2959 Bissextum
385 2909 610 2971 dicimus,
640 2908 846 2972 singulis
872 2908 1226 2973 quadrienniis,
1265 2910 1369 2956 eius
1397 2927 1538 2975 quem
1568 2910 1794 2959 addimus
1818 2909 1912 2957 de·-

94 2979 258 3035 fectu,
307 2980 384 3027 die
410 2997 510 3028 uno
544 2979 850 3044 principium
878 2979 995 3026 anni
1021 2979 1418 3045 praeveniebant.
1489 2982 1606 3030 Illis
1641 2983 1795 3041 enim,
1831 2979 1914 3026 in-

95 3049 206 3112 quit
233 3050 498 3113 Geminus,
535 3067 691 3113 neque
711 3050 803 3098 Sol
830 3067 1048 3111 annum,
1092 3067 1247 3113 neque
1271 3052 1430 3098 Luna
1464 3069 1676 3099 mensem
1711 3066 1912 3112 compo-

96 3119 206 3166 nit:
253 3118 342 3165 sed
369 3122 579 3183 privata
615 3120 715 3166 sibi
743 3122 938 3167 ratione
964 3122 1241 3167 metiuntur
1273 3130 1568 3186 utrumque,
1621 3131 1680 3168 ut
1710 3120 1912 3184 patrios

95 3189 465 3251 sacrificiorum
511 3191 669 3252 ritus,
716 3207 814 3237 non
850 3189 1026 3237 diebus
1071 3192 1302 3253 stativis,
1349 3190 1438 3238 sed
1479 3192 1779 3251 mobilibus,
1819 3205 1912 3251 per

98 3275 262 3305 omnes
292 3262 422 3306 veris
457 3263 669 3306 aestatis
699 3263 938 3307 autumni
978 3269 1023 3307 et
1057 3260 1248 3324 hyemis
1282 3271 1593 3325 tempestates
1622 3267 1908 3325 peragant:

97 3345 249 3393 eoque
273 3329 376 3391 sine
407 3346 536 3377 anno
564 3348 619 3376 ex
643 3328 905 3377 duodecim
942 3331 1194 3378 mensibus
1215 3334 1501 3379 tricenariis
1529 3333 1748 3394 singulis
1790 3344 1909 3375 con-

81 3399 248 3463 flato,
290 3407 487 3462 epactes
514 3399 713 3463 quidem
736 3399 936 3448 addunt
958 3403 1181 3466 quinque
1206 3400 1341 3462 dies-5
1362 3404 1498 3464 festi
1522 3419 1634 3449 vero
1659 3407 1905 3462 postremo

96 3469 330 3516 celebrati
358 3469 720 3517 solemnitatem
755 3472 1092 3535 anticiPaturi
1124 3471 1461 3537 quadrantem
1488 3469 1588 3517 diei
1622 3487 1722 3517 non
1757 3471 1908 3517 inter-
