2222 3938
330 177 459 239 532
934 182 1515 240 EMENDATIONES

331 316 469 367 illius
493 317 625 367 dicta
652 317 885 367 obscurat
913 330 1155 380 apparens
1184 308 1469 378 ἐναντιότης
1492 312 1662 379 paucis
1684 312 1978 379 exponitur.
1997 312 2156 361 chri-

329 398 467 438 stum
501 407 631 436 anno
669 388 887 436 Caesaris
920 385 1126 449 Augusti
1164 384 1247 437 43.
1293 393 1466 432 natum
1504 384 1703 447 Georgii
1744 401 1854 432 cum
1895 383 2156 440 Panodoro

268 500 271 506 .
332 461 717 525 pronunciatum
756 465 852 505 est:
889 456 976 503 hic
1006 464 1172 503 tamen
1198 455 1257 501 ab
1281 454 1368 502 illo
1401 455 1672 517 discrepat,
1707 462 1766 502 ut
1795 454 1980 502 Christi
2005 462 2156 501 nata-

326 531 427 578 lem
470 546 684 590 annum,
735 545 792 575 ac
823 526 972 574 simul
1011 525 1219 588 Augusti
1250 525 1334 577 43.
1371 525 1423 572 in
1464 526 1616 578 5493.
1648 542 1677 571 a
1714 526 1921 573 conditu
1962 524 2155 585 mundi,

322 601 418 649 ,ille
442 600 497 646 in
532 599 690 652 5500.
717 598 1020 661 completum
1044 596 1103 644 ab
1129 595 1301 643 eodem
1325 595 1442 643 orbe
1471 604 1634 644 creato
1650 596 1867 643 reiiciat:
1903 595 1969 643 sit
1994 594 2153 643 nihilo

331 670 492 719 secius
524 669 657 716 idem
675 668 895 730 -utrique
921 666 1138 714 Iulianae
1171 665 1369 713 Periodi
1405 666 1561 718 4713.
1601 683 1663 713 ex
1693 683 1792 729 quo
1819 666 1950 713 idem
1980 681 2154 713 rursus

330 740 531 802 utrique
567 746 615 786 et
651 738 859 801 Augusti
896 736 1183 801 primordiis
1228 736 1531 802 respondens
1571 737 1666 784 erit
1701 736 1899 784 Periodi
1937 735 2157 783 Iulianae
2196 731 2203 737 ”

333 811 489 863 4671.
518 826 614 871 quo
642 808 833 856 conditi
858 807 988 855 orbis
1012 808 1298 855 Panodorus
1333 807 1486 860 5451.
1522 805 1759 869 Georgius
1784 806 1939 859 5458.
1975 822 2156 854 nume-

332 888 428 928 rat.
467 901 470 904 *
500 880 568 926 Ut
603 879 802 942 Georgii
835 895 973 926 mens
1014 895 1075 925 ex
1108 878 1299 940 integro
1332 885 1379 925 et
1411 893 1515 924 non
1565 877 1823 924 emendato
1862 878 1965 924 eius
2012 883 2156 923 textu

330 966 442 1016 pag.
481 951 600 1003 305.
649 951 708 998 A.
745 950 816 996 ita
856 947 1106 997 Panodori
1144 965 1205 995 ex
1241 964 1351 1012 pag.
1389 950 1506 1001 313.
1546 947 1600 994 B.
1639 954 1849 995 constat.
1919 946 2156 995 Diversus

331 1021 594 1084 utriusque
630 1021 688 1067 ab
724 1019 855 1067 orbis
892 1020 1047 1067 natali
1074 1035 1308 1066 numerus
1332 1018 1386 1065 in
1414 1017 1633 1065 lulianae
1660 1016 1859 1065 Periodi
1883 1016 2036 1070 4671.
2072 1017 2158 1064 in-

331 1091 505 1139 currit.
579 1092 655 1138 Ex
677 1090 816 1152 istis,
853 1089 1059 1152 Augusti
1080 1106 1240 1136 annus
1271 1089 1349 1142 15.
1392 1089 1563 1136 mundi
1591 1087 1744 1141 5472.
1779 1095 1829 1135 et
1850 1087 2044 1135 Periodi
2069 1087 2156 1134 Iu-

328 1162 489 1209 lianae
524 1160 681 1214 4685.
719 1177 819 1225 quo
861 1168 1004 1224 capta
1040 1167 1112 1207 est
1147 1158 1450 1207 Alexandria
1486 1158 1743 1219 astrictus,
1791 1158 2073 1205 Bissextum
2108 1164 2158 1204 et

329 1231 675 1279 intercalarem
702 1231 835 1278 diem
865 1247 928 1278 ex
963 1229 1168 1294 Augusti
1194 1230 1424 1277 mandato
1452 1228 1676 1292 excepit,
1712 1228 1865 1275 infert
1891 1228 2158 1292 Georgius:

327 1301 621 1351 Panodorus
671 1309 832 1349 autem
879 1301 1076 1350 diverso
1127 1317 1373 1349 annorum
1416 1299 1592 1347 mundi
1638 1305 1870 1364 computo
1908 1315 2063 1361 usus,
2109 1304 2159 1346 et

327 1372 683 1420 Alexandriam
710 1372 934 1435 Augusto
964 1388 1150 1419 annum
1183 1375 1262 1424 16.
1289 1370 1343 1417 in
1370 1369 1578 1434 imperio
1604 1378 1774 1432 agente
1794 1369 2046 1416 subactam
2073 1386 2158 1415 ar-

327 1443 566 1504 bitratus,
616 1442 702 1507 qui
737 1443 839 1507 ipsi
878 1450 952 1490 est
993 1441 1172 1489 mundi
1215 1442 1370 1495 5466.
1414 1458 1472 1488 ac
1513 1440 1707 1488 Periodi
1748 1439 1963 1487 Iulianae
1997 1440 2157 1493 4686.

329 1531 460 1561 anno
484 1513 803 1578 postmodum
840 1521 978 1560 sexto
1002 1551 1016 1573 ,
1054 1513 1290 1575 Augusti,
1336 1519 1394 1558 ut
1419 1513 1479 1559 de
1512 1511 1623 1575 ipso
1655 1515 1868 1558 testatur
1895 1509 2156 1572 Georgius,

328 1585 624 1632 secundoet
655 1583 923 1645 vicesimo,
961 1583 1159 1630 Periodi
1197 1583 1410 1630 Iulianae
1437 1583 1590 1635 4692.
1627 1580 2005 1642 mundi‚'iuxta
2031 1596 2158 1645 pro-

327 1654 495 1718 prium
524 1654 618 1701 sibi
651 1661 939 1718 computum
967 1655 1120 1707 5472.
1157 1654 1441 1701 Bissextum
1473 1652 1684 1699 eundem
1707 1652 1838 1699 diem
1865 1653 2086 1715 Augusto
2109 1657 2159 1698 et

328 1725 536 1772 eruditis
560 1724 681 1771 viris
712 1724 1087 1772 decernentibus
1119 1724 1390 1771 admissum
1413 1723 1653 1772 observat.
1699 1722 1847 1771 Vides
1871 1721 2160 1785 utrobique,

327 1794 382 1842 in
417 1794 618 1858 Georgii
643 1794 882 1842 nimirum
905 1802 951 1842 et
972 1795 1222 1842 Panodori
1245 1794 1450 1842 diversis
1475 1793 1724 1858 computis
1751 1794 1949 1853 eodem,
1987 1794 2028 1840 si
2052 1808 2157 1839 vo-

329 1865 401 1911 cis
427 1881 605 1912 sonum
633 1865 898 1928 respicias,
936 1865 1113 1912 muudi
1143 1864 1296 1917 5472.
1332 1864 1541 1926 Augusti
1564 1865 1704 1911 iussu
1726 1864 2010 1926 evulgatum
2041 1861 2158 1910 Bis-

326 1942 469 1982 sexto
508 1924 770 1983 condendo
801 1935 1091 1999 deputatum
1120 1935 1277 1981 diem:
1316 1942 1367 1980 at
1395 1951 1539 1997 quam
1566 1934 1762 1982 diverso
1792 1933 1953 1998 spatio
1994 1931 2156 1979 conii-

327 2006 423 2066 cit,
466 2006 552 2069 qui
580 2004 789 2068 Augusti
823 2021 1009 2052 annum
1050 2005 1132 2057 15.
1172 2012 1222 2051 et
1251 2004 1446 2051 Periodi
1480 2004 1698 2051 Iulianae
1730 2004 1882 2056 4685.
1917 2019 1980 2050 ex
2013 2010 2157 2067 parte

326 2091 425 2123 una
442 2092 455 2136 3
495 2082 544 2122 et
572 2092 635 2122 ex
671 2075 904 2140 opposita
944 2074 1156 2138 Augusti
1181 2080 1266 2127 22.
1304 2082 1351 2120 et
1383 2074 1582 2121 Periodi
1605 2074 1823 2121 Iulianae
1850 2073 2006 2126 4692.
2035 2089 2157 2137 spe-

325 2153 455 2193 ctat:
492 2145 588 2193 hoc
614 2152 688 2192 est
711 2161 956 2192 annorum
979 2149 1032 2197 7.
1070 2144 1405 2192 intervallum.
1478 2143 1605 2202 Quia
1625 2161 1744 2192 vero
1771 2144 1831 2191 ab
1856 2142 2156 2191 Alexandria

327 2215 546 2264 Caesaris
588 2215 736 2263 armis
773 2214 969 2263 devicta
1001 2230 1089 2261 sex
1130 2213 1448 2279 postmodum
1481 2214 1623 2261 annis
1655 2213 1785 2262 diem
1810 2212 2157 2262 intercalarem

324 2286 592 2334 inductum
634 2286 922 2334 Pan'odorus
962 2285 1158 2333 asserit:
1225 2302 1337 2332 cum
1369 2284 1423 2331 in
1458 2283 1670 2347 Augusti
1716 2291 2013 2349 potestatem
2047 2283 2155 2331 eius

324 2374 456 2404 anno
488 2357 567 2410 15.
593 2356 818 2418 cesserit,
843 2362 1014 2403 sextus
1036 2355 1217 2403 exinde
1244 2372 1400 2403 annus
1425 2355 1477 2402 in
1494 2355 1740 2402 Panodori
1763 2362 1998 2419 computo
2023 2370 2156 2402 non-

323 2427 422 2474 nisi
453 2426 630 2474 mundi
662 2427 815 2479 5471.
849 2433 1085 2491 putatur:
1134 2426 1223 2490 qui
1251 2433 1416 2473 tamen
1444 2434 1503 2473 ut
1527 2424 1772 2490 superiori
1803 2441 2010 2472 numero
2034 2441 2156 2471 con-

325 2514 466 2558 cors,
504 2505 553 2544 et
582 2496 778 2559 Georgii
815 2496 1139 2560 Africanique
1165 2495 1314 2544 dictis
1345 2513 1619 2558 consonus,
1659 2495 1724 2544 ad
1757 2495 2027 2559 marginem
2062 2511 2157 2562 ex-

323 2567 530 2631 petitam
559 2574 735 2614 nactus
763 2575 836 2615 est
858 2567 1264 2615 emendationem.

466 2632 766 2703 Αὐγούστου
795 2635 849 2688 δὲ
876 2637 970 2688 ἔτει
997 2632 1087 2701 ιε’.]
1128 2636 1341 2700 Augusti
1365 2635 1561 2701 imperii
1581 2653 1710 2684 anno
1733 2635 1897 2701 primo
1920 2634 1983 2683 ad
2005 2651 2154 2682 mun-

325 2705 380 2754 di
404 2706 560 2759 5458.
597 2707 779 2769 affixo,
815 2708 1015 2772 quintus
1039 2725 1096 2755 ac
1125 2708 1344 2755 decimus
1380 2724 1495 2755 cum
1521 2708 1701 2755 mundi
1727 2707 1882 2760 5472.
1920 2705 2154 2769 coniungi

323 2776 592 2841 repetitur:
632 2794 804 2826 verum
839 2777 959 2842 quia
984 2777 1089 2825 eius
1116 2795 1274 2826 annus
1301 2777 1537 2839 ultimus,
1577 2778 1666 2842 qui
1691 2783 1859 2825 sextus
1893 2782 1965 2822 est
2001 2791 2156 2840 supra

325 2847 410 2899 50.
438 2846 801 2895 coincidentem
831 2848 1046 2913 requirit
1082 2848 1236 2901 5514.
1273 2848 1409 2911 quod
1443 2848 1667 2896 Tiberius
1704 2862 1956 2894 successor
1989 2844 2154 2911 impe-

324 2916 456 2963 rium
486 2933 615 2964 anno
655 2918 809 2971 5515.
845 2918 1157 2984 auspicetur,
1196 2935 1258 2965 ex
1294 2934 1402 2982 pag.
1439 2921 1556 2970 319.
1597 2917 1653 2964 A.
1692 2933 1796 2964 eam
1821 2916 1882 2962 ob
1907 2931 2013 2963 rem
2043 2918 2152 2964 Au·-

271 3040 273 3042 ,
323 2985 458 3049 gusti
495 3003 652 3033 annus
686 2990 905 3051 primus,
965 2987 1051 3054 (ex
1087 2987 1419 3036 emendatiore
1462 2986 1700 3035 Authoris
1737 2985 1956 3047 calculo,
2005 3002 2154 3050 quem

326 3073 421 3104 nos
451 3056 639 3119 pariter
666 3058 729 3105 ad
765 3059 1036 3121 marginem
1073 3058 1338 3106 adiecimus
1372 3072 1478 3122 pag.
1516 3057 1636 3109 305.
1672 3056 1756 3121 A·)
1793 3055 1968 3104 mundi
1996 3057 2152 3110 5459·

329 3127 665 3188 consociatUS,
715 3136 995 3190 sequentem
1037 3136 1271 3192 quartum
1308 3134 1356 3174 et
1389 3125 1635 3173 decimum
1673 3127 1728 3174 in
1775 3126 1952 3174 mundi
1998 3126 2153 3179 5472.

325 3197 504 3245 refert:
542 3204 591 3244 et
612 3205 671 3244 ut
694 3197 906 3245 Bissexti
933 3199 1088 3260 legem
1113 3215 1168 3245 eo
1205 3196 1355 3244 creati
1382 3196 1516 3244 orbis
1544 3197 1698 3250 5472.
1732 3197 1803 3245 ita
1827 3196 2038 3260 Augusti
2068 3196 2153 3248 14.

325 3266 539 3330 positam
568 3266 710 3314 debet
743 3266 936 3315 Author
967 3268 1205 3330 Georgius
1232 3265 1517 3314 admittere:
1552 3268 1688 3330 quod
1712 3284 1862 3332 supra
1898 3265 2152 3330 conceptis

325 3337 489 3384 verbis
517 3338 761 3399 professus
785 3345 858 3385 est
890 3354 998 3401 pag.
1035 3340 1157 3390 311.
1198 3337 1249 3384 C.
1289 3337 1342 3386 οἷ
1368 3335 1422 3387 ἐν
1449 3331 1791 3407 Ἀλεξανδρείᾳ
1819 3331 1920 3387 uiuo*
1951 3340 2043 3387 τοῦ
2069 3331 2151 3387 ιδ’.

327 3405 467 3466 ἔτους
488 3402 765 3472 ἀριθμοῦσι
789 3403 908 3467 τούς
933 3401 1229 3472 Αὐγούστου
1247 3401 1474 3472 χρόνους.

462 3474 605 3527 Kato?
642 3475 697 3530 τὸ
728 3471 804 3536 ις’.
833 3476 973 3538 ἔτους
995 3480 1085 3543 τῆς
1117 3471 1411 3544 Αὐγούστου
1448 3473 1736 3542 finoni-sias]
1774 3472 1845 3525 De
1868 3473 2012 3523 annis
2037 3472 2149 3522 Au-
