2222 3938
610 195 709 250 ET
744 190 1333 251 ANNOTATIONES.
1756 181 1886 243 539

65 328 218 383 5472.
241 346 268 376 a
292 343 392 393 quo
417 326 480 375 a'd
507 325 661 380 5514.
695 342 796 391 quo
828 326 1089 374 defunctus
1115 331 1214 387 est,
1252 321 1338 371 alii
1359 320 1445 376 43.
1466 326 1722 388 putantur.
1791 320 1886 370 His

65 417 92 446 a
112 398 322 462 Georgio
357 397 555 463 scriptis
581 397 641 444 de
664 396 874 460 Augusti
900 396 954 444 in
980 395 1258 444 Antonium
1282 393 1498 443 victoria
1535 390 1759 451 Africani
1782 408 1887 440 nu·-

63 486 224 518 meros
253 469 434 534 probet
455 484 653 516 necesse
675 475 771 515 est:
806 466 943 531 hunc
972 468 1206 528 nimirum
1235 483 1370 513 anno
1396 464 1498 518 547
1501 469 1548 518 2.
1586 470 1888 528 superatum,

65 547 180 588 ante
202 539 390 588 Christi
412 539 625 587 natalem
647 538 789 586 annis
819 541 901 592 28.
926 538 1084 602 ipsius
1109 536 1321 601 Augusti
1345 552 1474 583 anno
1502 533 1583 587 14.
1612 534 1656 581 si
1680 551 1706 581 a
1732 533 1888 587 5459.

63 611 328 675 imperium
371 609 630 658 emetiatur
647 648 663 671 ,
701 609 784 657 vel
810 608 1002 656 decimo
1038 608 1213 673 quinto
1229 645 1244 671 ‚
1287 607 1329 654 si
1354 624 1380 654 a
1402 605 1556 660 5458.
1578 621 1785 669 regnare
1810 620 1888 652 ce-

62 681 195 746 pisse
227 688 433 742 statuat,
470 696 530 727 ac
565 679 767 727 tandem
807 687 919 726 ante
950 679 1111 744 ipsius
1145 677 1357 742 Augusti
1393 683 1604 724 mortem
1631 693 1761 723 anno
1797 675 1882 730 43.
1905 676 1958 722 P.
1988 676 2046 720 80

63 751 180 814 His,
216 751 419 816 inquam
436 790 450 813 ‚
483 750 554 798 ita
579 749 754 816 positis
771 790 786 813 ‚
822 767 920 813 qua
941 750 1136 798 ratione
1163 767 1191 796 a
1216 748 1390 797 mortis
1415 746 1687 795 Alexandri
1707 745 1890 808 Thoth,

65 839 221 871 annos
254 821 566 871 solummodo
598 821 915 887 τριακοσίους
945 822 1088 871 δυοῖν
1125 818 1353 881 δέοντας,
1390 825 1544 883 prout
1578 817 1726 866 habet
1750 816 1890 865 Afri-

65 909 220 941 canus
246 910 356 958 pag.
382 895 502 946 808.
532 891 585 943 C.
609 891 694 940 vel
724 892 861 956 quod
878 891 933 938 in
951 891 1081 939 idem
1103 890 1283 939 recidit
1306 886 1563 948 ἐνιαυτοῦς
1587 881 1708 953 6'772'.
1734 895 1891 953 prout

63 981 174 1030 pag.
207 966 325 1018 303.
349 964 403 1011 B.
435 963 554 1010 licet
588 979 652 1010 cx
679 962 888 1010 consilio
925 970 975 1010 et
1007 963 1071 1010 ad
1104 962 1206 1012 MS.
1239 955 1362 1027 le'.
1402 959 1755 1025 expresserim:
1791 975 1890 1024 qua

63 1035 255 1085 ratione
294 1036 477 1083 iterum
504 1034 563 1081 ab
598 1032 871 1081 Alexandri
902 1041 1062 1082 morte
1088 1033 1152 1080 ad
1184 1033 1470 1096 Cleopatrae
1501 1030 1770 1078 terminum
1805 1029 1890 1095 ἔτη

63 1101 324 1172 τριακόσια
348 1104 630 1153 numeravit
652 1120 761 1169 pag.
791 1107 910 1157 261.
937 1103 995 1152 Α.
1025 1111 1073 1151 et
1095 1103 1186 1151 ‘hic
1212 1103 1409 1151 tandem
1441 1101 1500 1148 ab
1524 1100 1714 1166 epocha
1738 1117 1894 1148 anno..

62 1193 176 1225 rum
196 1178 349 1230 5170.
371 1176 435 1224 ad
463 1176 620 1229 5472.
659 1174 954 1238 Lagidarum
987 1191 1141 1222 annos
1169 1173 1483 1239 τριακοσίους
1509 1172 1653 1223 δυοῖν
1676 1165 1894 1221 πλεονά-

65 1250 237 1309 ζοντας
268 1262 522 1295 recensere
555 1263 661 1294 non
706 1253 963 1307 vereatur3
1004 1245 1126 1310 ‚ipse
1174 1245 1414 1308 Georgius
1461 1242 1563 1290 huc
1608 1241 1893 1303 arcessitus,

62 1334 194 1379 reor,
217 1334 319 1365 non
335 1317 637 1383 explanabit,
669 1316 846 1377 Calua,
872 1315 943 1364 ait
962 1315 1195 1367 Petavius
1215 1314 1441 1364 Auctarii
1460 1313 1546 1366 lib.
1574 1316 1623 1367 8.
1649 1329 1760 1381 pag.
1773 1312 1893 1366 304.

66 1390 123 1436 in
145 1389 242 1436 lzoe
271 1389 477 1453 infinita
489 1396 705 1452 peccata
731 1395 866 1437 sunt.

211 1469 419 1533 Μεταξῦ
451 1475 543 1523 τοῦ
569 1467 730 1542 Ιεφιιῖ.
756 1470 842 1521 καὶ
866 1473 961 1521 τοῦ
975 1465 1150 1539 lamias]
1187 1471 1299 1520 Hoc
1322 1477 1396 1519 est
1421 1468 1632 1517 obeunte
1661 1465 1815 1521 5514.
1846 1472 1897 1514 et

64 1542 268 1591 ineunte
282 1544 435 1597 5515.
459 1559 557 1607 quo
583 1542 778 1607 imperii
795 1541 935 1588 annis
964 1544 1049 1596 56.
1076 1542 1265 1591 exactis
1291 1556 1570 1606 supremam
1587 1554 1716 1585 anno
1741 1537 1895 1590 5459.

67 1631 126 1661 ac
159 1630 262 1661 non
291 1614 455 1666 15458.
492 1613 665 1661 debuit
703 1612 936 1675 consequi
974 1620 1297 1677 potestatem,
1349 1618 1436 1659 aut
1471 1617 1602 1659 certe
1629 1608 1771 1656 annis
1805 1607 1889 1662 57.
1919 1615 1976 1660 V.
1996 1615 2055 1661 73

65 1683 362 1750 imperavit,
396 1684 532 1747 quod
555 1700 665 1749 pag.
694 1683 813 1737 305.
850 1683 908 1730 B·
937 1683 1140 1749 scriptis
1167 1683 1472 1732 adversatur.

210 1762 516 1835 Πανὸδωρος
549 1765 604 1818 δὲ
639 1770 703 1837 τῇ
740 1766 1109 1836 μαθηματικῇ]
1163 1767 1233 1815 Ut
1270 1765 1470 1829 Georgii
1507 1763 1787 1822 discursus,
1825 1761 1898 1810 ita

66 1838 272 1889 rationis
299 1838 403 1886 eius
425 1839 477 1886 in
499 1838 815 1887 Panodorum
839 1837 1146 1899 instructae,
1187 1837 1346 1886 robur
1367 1836 1454 1885 hic
1486 1851 1663 1894 omne,
1698 1841 1746 1881 et
1773 1849 1899 1880 con-

67 1909 307 1959 clusionis
343 1909 485 1957 acies.
536 1913 584 1962 1.
634 1907 924 1957 Panodorus
967 1907 1347 1971 Mathematico,
1396 1924 1501 1955 non
1544 1903 1898 1954 Ecclesiastico

67 1998 187 2030 usus
222 1987 297 2028 est
329 1981 554 2042 canone,
612 1974 675 2030 οὔ
716 1981 882 2038 καλῶς
921 1975 1348 2046 διανοησάμενοςε
1400 1977 1462 2026 de
1501 1993 1601 2041 quo
1640 1992 1807 2041 supra.
1843 1979 1897 2027 2.

66 2053 138 2100 Ut
159 2049 450 2101 Panodorus
477 2050 742 2098 exordium
767 2050 980 2112 Augusti
1009 2049 1151 2098 annis
1188 2057 1303 2098 octo
1323 2087 1338 2112 ‚
1373 2047 1445 2095 ita
1475 2047 1622 2095 finem
1643 2045 1755 2112 pari
1779 2061 1898 2109 spa-

67 2123 140 2172 tio
167 2121 448 2183 antevertit,
487 2115 548 2170 οὕ
572 2123 736 2182 καλῶς
761 2115 1185 2186 ὃιανοησᾶμενος.·
1219 2118 1484 2184 imperium
1516 2116 1647 2164 enim
1673 2116 1778 2163 eius
1806 2132 1900 2162 an·-

69 2193 148 2242 nis
183 2199 297 2240 octo
334 2189 720 2254 retardandum,
757 2198 807 2239 et
840 2206 976 2239 mors
1014 2190 1224 2239 totidem
1256 2189 1312 2237 in
1350 2188 1493 2237 annis
1528 2186 1708 2235 mundi
1731 2202 1900 2235 remo-

69 2263 247 2315 venda.
647 2280 659 2288 ’

219 2336 330 2384 Τῶν
358 2334 550 2383 λοιπῶν
569 2324 874 2382 Ἀποστόλων
893 2327 1134 2396 ’ἡγεῖσθαι
1152 2326 1487 2395 προσέταξεν]
1523 2326 1738 2376 Ubinam
1761 2325 1901 2375 Scri-

70 2403 373 2474 pturarum‘?
436 2402 659 2450 Observa
692 2401 882 2450 Tarasii
913 2408 1138 2466 tempore
1179 2399 1494 2448 Aristarchae
1526 2397 1903 2448 Ecclesiasticae

72 2495 101 2525 a
138 2474 313 2542 primis
336 2472 658 2522 Iconoclastis
694 2490 867 2540 sparsa
896 2472 1110 2521 Graecos
1140 2470 1240 2519 iam
1273 2470 1377 2519 suis
1403 2469 1581 2519 animis
1609 2470 1902 2521 innutriisse

70 2563 277 2598 semma.

212 2631 328 2693 Pag.
364 2630 484 2683 328.
529 2630 611 2699 Τῷ
644 2621 780 2698 αὐτῷ
813 2626 908 2679 ἔτει
930 2620 1204 2693 Ἰἆκωβος.]
1243 2626 1747 2692 Hierosolymitarum
1775 2626 1903 2693 Epi-

73 2717 341 2768 scoporum
373 2697 561 2765 epocha
591 2698 655 2747 ad
680 2716 864 2747 annum
901 2697 1104 2746 Domini
1127 2698 1214 2751 34.
1256 2696 1556 2751 devincitur.
1628 2699 1701 2748 De
1732 2698 1904 2748 Iacobi

73 2774 130 2822 in
156 2771 462 2839 Episcopatu
483 2769 622 2818 annis
649 2777 765 2836 post
783 2770 965 2818 lineam
992 2769 1213 2818 alteram.

215 2858 330 2921 Pag.
365 2858 486 2910 329.
521 2849 676 2916 Γάϊος
702 2851 878 2907 ἑαυτὸν
901 2848 1169 2921 ἅποθεοῖ.]
1205 2853 1339 2904 Haec
1362 2861 1413 2905 et
1438 2869 1645 2922 sequens
1667 2852 1904 2922 perioche

77 2945 168 2980 suo
189 2928 303 2976 loco
329 2934 481 2979 mota.
1539 2946 1545 2950 -

216 3013 331 3075 Pag.
366 3013 486 3064 330.
521 3003 749 3076 Ἰάκωβος
785 3006 820 3061 ὅ
852 3002 1167 3072 ἅδελφόθεος
1208 3007 1290 3074 ἔτη
1327 3004 1416 3075 η’]
1464 3009 1770 3074 Reponerem
1806 3003 1903 3073 κη’.

78 3087 163 3139 28.
199 3081 411 3130 Inferius
437 3081 622 3146 quippe
657 3098 772 3128 cum
797 3079 900 3128 eius
924 3097 1079 3127 annos
1116 3080 1180 3128 ad
1215 3084 1302 3134 26.
1338 3076 1634 3146 processisse
1666 3084 1906 3127 memoret

78 3151 420 3218 Nicephorus,
465 3151 552 3199 hic
585 3159 751 3200 autem
794 3158 907 3199 octo
935 3157 1232 3199 memoratos
1261 3151 1444 3215 legam,
1481 3158 1596 3199 octo
1634 3166 1782 3215 supra
1825 3148 1903 3196 vi-

80 3224 205 3287 ginti
247 3221 459 3287 scriptos
506 3222 824 3283 coniicerem3
878 3221 979 3269 nisi
1022 3221 1345 3270 Pontificatus
1390 3238 1543 3269 annos
1582 3223 1668 3273 30.
1708 3218 1905 3267 disertis

80 3293 244 3342 verbis
282 3309 344 3340 ex
382 3291 594 3340 Eusebio
627 3309 742 3358 pag.
776 3291 895 3345 335.
931 3292 984 3341 Β.
1022 3291 1230 3341 Author'
1255 3292 1546 3341 ascriberet:
1581 3306 1694 3338 nam
1719 3296 1769 3337 et
1792 3288 1901 3354 ipso

82 3361 478 3411 Resurrectionis
504 3379 633 3410 anno
658 3379 766 3426 pag.
789 3366 908 3415 328.
933 3363 987 3410 Β.
1008 3362 1248 3427 dignitate
1276 3371 1533 3421 ornatum,
1572 3375 1903 3407 successorem

82 3451 200 3481 vero
231 3450 333 3480 non
357 3431 457 3480 nisi
483 3432 614 3480 circa
638 3432 848 3482 Neronis
876 3441 1098 3497 tempora
1121 3441 1371 3500 postrema
1406 3431 1730 3494 recensitum,
1767 3429 1902 3497 apud

85 3503 359 3554 Authorem
395 3519 507 3569 pag.
544 3505 667 3558 336.
709 3502 981 3570 conspicio.
