2222 3938
738 197 838 252 ET
873 199 1461 257 ANNOTATIONES.
1840 195 1964 255 403

147 326 344 390 hibent,
379 323 458 374 his
492 325 699 389 adiunge
735 345 925 377 menses
959 337 1072 379 octo
1108 329 1398 379 tricenarius
1434 330 1490 379 in
1525 330 1627 381 dies
1655 331 1776 387 240.
1806 335 1967 383 resol-

143 397 334 448 vendos
363 397 622 445 confestim
645 398 779 447 elicis
804 401 991 454 34080.
1019 418 1259 449 summam
1288 402 1448 467 priori
1479 419 1667 468 parem.

284 467 389 518 Καὶ
437 464 557 528 τούς
600 463 712 533 μετ’
748 464 901 522 αὐτὸν
944 465 1001 531 ζ’.
1050 473 1318 523 Χαλδαίων
1364 471 1625 539 βασιλεῖς]
1685 473 1756 522 De
1793 473 1969 538 quibus

139 554 253 604 pag.
276 541 360 591 90.
400 537 536 597 Quos
559 537 645 586 hic
667 548 853 605 septem
881 541 1016 604 citat,
1053 559 1168 590 cum
1198 541 1533 606 Chosmabelo,
1569 560 1672 592 non
1698 551 1815 609 post
1839 561 1968 608 eum,

139 624 406 656 numerum
430 607 717 658 huiusmodi
754 628 1050 677 componere
1077 612 1325 678 intellige:
1362 614 1582 680 quinque
1619 614 1801 664 etenim
1833 615 1967 664 dun-

140 685 281 727 taxat
305 695 416 727 eum
441 679 496 726 in
517 696 669 743 regno
697 697 948 747 excepere.

282 750 396 813 Pag.
417 754 502 803 79.
547 747 618 799 Ta*
645 750 796 802 λοιποὶ
818 757 909 819 τῆς
930 754 1058 817 ζωῆς
1079 747 1239 803 αὕτοῦ
1257 747 1370 820 ρν’.]
1408 751 1449 802 Α
1473 753 1663 804 diluvio
1691 753 1754 803 ad
1779 754 1968 805 instau-

139 826 247 868 rata
279 819 638 868 Chaldaeorum
671 829 719 869 et
755 823 1111 888 Aegyptiorum
1145 838 1296 886 regna
1330 833 1657 873 numerantur
1691 826 1810 873 anni
1841 828 1962 880 534.

139 906 348 954 quorum
368 891 452 943 34.
468 898 749 956 postremus
767 895 915 941 totius
937 893 1068 941 orbis
1089 893 1359 958 imperator
1373 895 1659 959 Arphaxad‚
1685 899 1805 950 350.
1830 898 1968 962 prio-

138 976 218 1008 res
249 960 470 1008 eiusdem
495 961 628 1009 orbis
660 973 918 1028 reparator
946 965 1051 1013 Noe
1080 964 1175 1011 sibi
1199 963 1475 1014 vindicant.
1530 967 1641 1013 Sem
1666 983 1818 1031 regno
1848 969 1966 1022 150.

137 1030 320 1095 reliqui
345 1030 487 1080 fiunt.
525 1032 651 1081 Vide
673 1051 783 1098 pag.
816 1036 899 1087 53.

289 1105 394 1152 Τοῦ
435 1100 599 1152 Φαλὲκ
638 1102 742 1164 ἔτος
780 1101 852 1169 ε’.]
903 1103 1131 1164 Qualiter
1173 1101 1356 1153 Phalec
1398 1110 1602 1169 quartus
1643 1106 1726 1154 vel
1764 1106 1967 1171 quintus

139 1187 298 1220 annus
323 1171 378 1219 in
407 1173 665 1221 nationum
701 1175 1006 1241 dispersione
1034 1174 1380 1241 accipiendus,
1427 1175 1703 1223 discussum
1737 1178 1965 1242 superius

137 1242 192 1290 in
217 1257 328 1309 pag.
350 1243 432 1295 53.
457 1243 614 1292 Notis.

287 1316 366 1380 Τῷ
398 1310 552 1381 Ιβφηῖ
602 1312 833 1382 ἐγέννησε
869 1310 960 1366 τόν
998 1314 1197 1381 Eam]
1253 1316 1498 1364 Numerus
1541 1310 1684 1384 sstps'.
1723 1316 1776 1364 in
1816 1312 1967 1384 ssqm'.

138 1383 496 1436 emendandus.
536 1385 764 1434 Nascitur
791 1386 974 1451 quippe
999 1386 1187 1434 Cainan
1205 1386 1264 1434 ab
1287 1388 1420 1435 edito
1447 1387 1634 1433 mundo
1657 1390 1811 1440 2378.
1836 1396 1969 1435 aeta-

136 1454 205 1502 tis
234 1470 353 1503 vero
381 1457 497 1507 130.
520 1455 620 1503 hoc
646 1460 799 1510 2508.
825 1456 1071 1518 intellige,
1108 1457 1301 1522 prolem
1325 1456 1549 1521 suscipit.

281 1525 394 1587 Pag·
434 1529 516 1578 80.
570 1522 747 1594 Τούτῳ
787 1530 858 1596 τῷ
888 1522 1034 1595 ,βφδῖ
1071 1526 1163 1578 ἔτει
1187 1532 1305 1578 Νῶε
1323 1525 1560 1590 difflato]
1598 1526 1967 1575 Testamentum

137 1594 267 1642 illud
308 1611 438 1643 anno
475 1597 650 1644 mundi
688 1602 842 1651 2576.
882 1614 946 1645 ex
986 1597 1288 1646 correctiore
1314 1614 1523 1646 numero
1563 1596 1801 1663 (Graecus
1835 1598 1967 1645 enim

136 1659 322 1733 ,βφοβ’.
345 1674 476 1713 errat
490 1667 631 1714 annis
651 1664 723 1733 4.)
753 1667 1011 1715 conditum
1037 1685 1148 1715 cum
1168 1668 1392 1717 Authore
1417 1667 1735 1733 exposuimus
1759 1683 1868 1732 pag.
1881 1667 1966 1721 45,

136 1739 199 1785 A.
245 1735 317 1782 Eo
346 1737 426 1783 vel
448 1735 543 1784 isto
561 1775 575 1800 ‚
620 1738 809 1785 nullius
838 1738 1077 1785 momenti
1096 1755 1173 1785 res
1199 1747 1287 1786 est.

286 1807 368 1872 Τῷ
390 1802 553 1873 ,βχληᾌ
581 1806 676 1858 ἔτει
699 1811 791 1858 τοῦ
816 1804 1037 1874 κόσμου.]
1067 1808 1222 1857 Natus
1244 1808 1355 1856 Sala
1377 1814 1489 1872 post
1515 1805 1682 1855 orbem
1709 1803 1970 1856 conditum

139 1892 271 1923 anno
295 1876 448 1929 2508.
483 1894 545 1924 ex
580 1895 740 1942 nuper
767 1878 938 1940 dictis,
985 1880 1156 1926 aetatis
1195 1882 1313 1932 130.
1346 1878 1522 1925 mundi
1560 1882 1713 1931 2638.
1741 1893 1970 1926 numera-

137 1945 247 1994 bat:
285 1954 534 2010 superstes
558 1948 737 1996 deinde
755 1949 895 1995 annis
920 1951 1040 2001 330.
1068 1949 1243 1996 mundi
1270 1952 1424 2001 2968.
1450 1949 1658 1996 excessit
1683 1965 1708 1996 e
1738 1948 1881 1996 vivis.

287 2019 370 2083 Τῷ
392 2013 582 2084 ,βψμβ
604 2018 697 2069 ἔτει
721 2016 837 2083 Σὴμ
861 2015 1148 2083 ἐκοιμήθη]
1185 2019 1400 2067 Venerat
1418 2017 1550 2066 enim
1573 2019 1627 2066 in
1651 2019 1815 2067 lucem
1838 2035 1969 2066 anno

138 2085 295 2140 2142.
324 2103 420 2149 qua
446 2088 635 2152 potitus
658 2089 800 2136 annis
827 2093 946 2142 600.
980 2106 1035 2135 ea
1058 2090 1280 2152 privatus
1307 2096 1381 2136 est
1403 2091 1556 2142 2742.

285 2160 368 2224 Τῷ
393 2153 574 2222 ,βψοα’.
602 2158 696 2209 ἔτει
722 2162 814 2209 τοῦ
841 2155 1064 2224 κόσμου.]
1111 2158 1383 2223 Arpbaxad
1416 2156 1605 2222 epocha
1642 2158 1752 2222 ipso
1792 2158 1972 2208 diluvii

141 2242 272 2274 anno
309 2243 412 2273 non
458 2230 756 2277 succedente
788 2230 979 2293 posita,
1026 2237 1177 2292 prout
1212 2229 1504 2291 Africanus,
1557 2235 1605 2274 et
1640 2228 1836 2277 Author
1865 2229 1968 2277 eius

141 2296 413 2360 exemplari
448 2313 594 2358 usus,
632 2307 927 2360 numerant,
965 2315 1114 2345 sanos
1151 2315 1255 2345 esse
1285 2307 1563 2360 praesentes
1597 2314 1827 2346 numeros
1857 2316 1972 2346 sen-

140 2367 284 2414 tiam:
325 2367 443 2414 alias
465 2368 627 2416 Heber
650 2369 810 2416 editus
835 2385 966 2416 anno
995 2368 1248 2415 communi
1273 2371 1430 2422 2638.
1460 2375 1508 2415 et
1536 2367 1651 2420 134.
1683 2377 1971 2432 provectus,

142 2437 364 2484 sobolem
391 2447 620 2501 procreat
643 2444 796 2493 2772.
834 2447 881 2486 et
911 2455 973 2487 ex
1005 2439 1247 2486 Geneseos
1285 2455 1391 2502 cap.
1426 2441 1509 2490 11.
1542 2446 1789 2501 superstes
1823 2439 1967 2487 annis

141 2511 261 2561 270.
290 2508 462 2555 mundi
486 2508 640 2563 3042.
676 2509 906 2558 moritur.
957 2509 1035 2557 Ex
1061 2508 1140 2557 his
1171 2524 1403 2557 numerus
1427 2503 1566 2577 mid.
1604 2507 1658 2556 in
1691 2503 1830 2577 yuff.
1859 2526 1969 2557 mu-

140 2576 324 2624 tandus
354 2577 408 2623 in
429 2584 589 2625 textu.

284 2647 394 2711 Pag.
431 2650 513 2700 81.
546 2642 888 2714 Ἀφρικανοῦ]
928 2648 1157 2708 Quatuor
1181 2645 1436 2712 sequentia
1460 2646 1708 2710 Canonia,
1745 2647 1970 2696 Africani

143 2715 381 2765 nimirum
413 2734 599 2780 unum,
647 2718 844 2767 Eusebii
882 2719 1153 2767 secundum
1191 2718 1331 2766 iuxta
1366 2723 1448 2772 70.
1490 2717 1970 2782 interpretationem,

142 2787 348 2854 tertium
386 2788 604 2835 eiusdem
642 2789 839 2837 Eusebii
883 2790 946 2838 ad
983 2789 1320 2838 Hebraeorum
1356 2787 1584 2835 codicum
1618 2802 1873 2851 normam,
1920 2796 1971 2836 et

141 2864 448 2922 postremum
477 2859 536 2905 ab
563 2861 733 2908 eodem
758 2877 927 2909 rursus
951 2861 1011 2908 ad
1034 2859 1379 2908 samariticum
1415 2858 1668 2923 exemplar
1694 2857 1969 2923 composita

143 2927 200 2973 in
233 2944 375 2975 suum
413 2929 678 2977 Eusebium
715 2932 910 2978 derivat
942 2931 1184 2994 Scaliger,
1221 2937 1270 2977 et
1307 2928 1366 2976 ab
1406 2928 1474 2976 eis
1513 2927 1743 2994 (omisso,
1779 2936 1838 2977 ut
1873 2944 1968 2994 par

145 2997 242 3045 fuit
258 3034 272 3058 ‚
305 2999 512 3064 proprio
536 3000 736 3064 Georgii
763 3000 1004 3067 Canonio)
1029 3000 1335 3067 principium
1361 2998 1560 3048 duxisse
1581 2998 1847 3049 Eusebium
1871 2997 1967 3047 sibi

145 3066 291 3130 fingit
314 3085 425 3132 pag.
457 3076 502 3122 1.
532 3077 697 3118 textus
729 3071 1009 3121 Eusebiani.
1300 3127 1312 3137 ‚

167 3187 170 3190 ,
287 3133 442 3198 Ἐνώς
464 3136 703 3207 *ὑπάρχων
728 3137 841 3208 ρ’)’.]
889 3143 1043 3190 Error
1069 3138 1322 3188 Librarius
1351 3144 1424 3188 est
1459 3131 1570 3206 Qba'.
1605 3145 1664 3186 ut
1700 3135 1845 3186 lineis
1876 3151 1966 3184 su·-

148 3206 428 3274 perioribus
454 3206 564 3260 σλέ.
592 3212 789 3260 Graecis
819 3212 1072 3260 codicibus
1098 3204 1186 3278 95'.
1213 3217 1262 3258 et
1283 3205 1362 3260 σε’.
1387 3208 1681 3273 legentibus.
1840 3273 1851 3284 ⁶

293 3276 617 3331 Μαθουσᾶλα
639 3282 762 3333 ἐτῶν
791 3279 937 3348 anfi]
975 3283 1047 3330 Ita
1081 3281 1344 3345 legendum
1381 3296 1443 3328 ex
1471 3277 1706 3327 Authoris
1738 3282 1966 3322 testimo-

149 3347 234 3397 nio
258 3350 455 3398 suadeo.
503 3351 684 3400 Scribit
709 3353 838 3400 enim
870 3369 978 3417 pag.
1001 3357 1085 3405 20.
1107 3352 1164 3401 B.
1202 3345 1527 3402 Μαθουσᾶλα
1553 3342 1820 3414 γενόμενθς
1844 3343 1967 3394 ἐτῶν

152 3414 266 3483 953(-
290 3420 552 3488 ἐγέννησεν
575 3419 659 3472 τὸν
685 3419 858 3488 Λάμεχ
872 3461 887 3485 ,
922 3426 994 3491 τῷ
1012 3416 1179 3490 ,αυνδῖ
1203 3420 1295 3472 ἔτει
1311 3423 1403 3471 τοῦ
1421 3415 1621 3483 κόσμου.
1656 3408 1769 3465 two?
1794 3411 1849 3464 δὲ
1866 3415 1967 3464 τῶν

152 3485 475 3559 ἀντιγράφων
486 3495 558 3563 τῷ
570 3487 692 3559 mc?-
714 3492 810 3545 ἔτει
830 3487 987 3543 αὐτοῦ
997 3486 1324 3543 Μαθουσάλα
1347 3487 1587 3556 φέρουσιν
1608 3480 1703 3550 τήν
1732 3481 1966 3551 γέννησιν
