2112 3854
754 200 1179 262 PRAEFATIO.
1810 199 1890 257 65

9 351 12 353 ’
63 338 268 389 fulcitae
302 337 486 396 Mosen,
505 355 532 386 a
555 332 742 386 'mundi
767 339 970 387 conditu
994 342 1148 395 3732.
1174 338 1301 387 lucis
1326 344 1375 386 et
1397 336 1528 387 vitae
1553 337 1738 386 factum
1765 355 1890 387 con-

63 416 278 471 sortem,
313 408 605 467 succedente
639 410 958 474 postmodum
986 409 1162 458 mundi
1199 413 1353 463 3812.
1397 408 1617 475 captivos
1644 409 1886 458 Israelitas

6 498 9 500 ·
62 478 127 528 ex
164 478 386 544 Aegypto
425 478 658 527 liberatos
686 480 824 527 trans
858 483 992 528 mare
1026 481 1234 528 rubrum
1269 480 1320 527 in
1356 474 1602 527 desertum
1642 479 1883 542 eduxisse,

0 573 2 577 ·
60 549 183 599 haec
210 549 449 613 nonnisi
494 552 647 602 3737.
683 549 865 600 ¹Mosen
891 559 1081 612 ortum,
1117 554 1270 603 3816.
1301 550 1478 598 deinde
1504 550 1678 597 ducem
1712 551 1884 614 profe-

63 620 240 669 ctionis
271 620 458 686 populo
484 636 535 667 se
566 619 756 668 dedisse
786 625 986 669 narrat:
1025 621 1264 685 Babylam
1293 621 1384 668 sub
1405 619 1554 668 Decio
1586 620 1735 668 fidem
1765 638 1883 667 san—

59 691 207 755 guine
229 689 447 739 sanxisse
473 706 584 755 pag.
614 692 731 744 363.
764 692 817 741 C.
843 691 931 739 sub
955 692 1252 739 Numeriano
1278 709 1389 755 pag.
1418 695 1536 744 386.
1557 691 1614 739 B.
1641 699 1884 739 memorat

61 761 297 810 occisum.
369 759 733 826 Praeterlapsos
761 762 820 809 ab
846 761 1118 810 Alexandri
1146 768 1303 808 morte
1335 769 1383 808 et
1417 760 1633 808 stabilito
1665 762 1882 809 Graeco—

57 847 173 881 rum
199 830 406 896 imperio
434 831 496 879 ad
526 831 654 879 illud
678 832 807 880 idem
835 833 1036 898 penitus
1064 848 1289 880 eversum
1321 839 1370 878 et
1398 831 1680 896 Cleopatrae
1708 849 1877 880 necem

58 903 191 967 a'pu'd
213 902 499 966 Syncellum
527 903 655 950 forte
679 902 900 967 requires
930 903 1120 952 annos?
1157 901 1367 950 Eosdem
1387 918 1592 948 numero
1618 905 1735 954 298.
1762 919 1882 950 mox

57 976 176 1026 300.
201 972 317 1022 alibi
343 975 461 1026 302.
488 972 935 1038 circumscripsisse
962 982 1192 1021 notarum
1213 989 1321 1037 pag.
1347 974 1428 1024 80.
1455 973 1545 1019 sub
1568 972 1760 1019 initium
1792 974 1882 1020 de-

62 1043 232 1093 clarat.
303 1044 462 1091 Taceo
484 1043 841 1108 Imperatorum
869 1045 1000 1092 inter
1041 1060 1142 1092 sese
1180 1051 1228 1090 et
1269 1059 1383 1089 cum
1420 1041 1717 1089 Pontificum
1753 1050 1880 1089 aeta-

55 1113 188 1162 tibus
202 1113 461 1161 discordes
487 1113 843 1178 Imperatorum
866 1132 1018 1164 annos
1035 1152 1047 1176 ,
1087 1131 1210 1179 quos
1233 1113 1350 1162 vel
1336 1130 1389 1160 111
1413 1124 1706 1160 consensum
1728 1130 1815 1160 rw
1821 1131 1880 1160 o-

57 1191 202 1247 cant,
239 1183 362 1232 vel
348 1201 402 1232 m
431 1185 606 1232 melius
636 1186 909 1234 restituunt
941 1185 1153 1234 scholia:
1193 1192 1242 1232 et
1276 1199 1398 1247 quae
1431 1183 1623 1231 demum
1649 1184 1879 1230 Petavius

53 1271 150 1334 pro
178 1254 408 1317 solertia,
445 1256 528 1303 vel
557 1273 619 1302 ex
655 1257 760 1305 veri
799 1257 1189 1322 prosequutione
1222 1255 1436 1317 Scaliger
1463 1254 1568 1319 ipse
1602 1253 1655 1300 in
1685 1245 1879 1317 Georgii

54 1325 254 1389 scriptis
280 1324 631 1390 deprehendit,
672 1326 796 1374 vitia
821 1336 1088 1393 praetereo.
1147 1326 1448 1375 Concludam
1475 1325 1628 1372 verbo
1657 1341 1881 1371 commo-

53 1395 195 1458 dius,
245 1396 384 1459 quod
421 1397 650 1461 pluribus
690 1414 940 1463 exponere
980 1413 1242 1445 onerosum
1291 1403 1339 1442 et
1375 1411 1538 1458 grave.
1622 1394 1879 1473 Soyncellus

51 1465 490 1546 πολυμαθέστατος
525 1475 572 1514 et
607 1464 990 1534 ἐλλογιμώτατος
1024 1487 1050 1515 a
1075 1431 1402 1530 Theophanet>
1408 1463 1606 1511 habitus
1643 1465 1698 1510 in
1725 1481 1879 1511 unum

53 1534 268 1583 coniecit
293 1535 537 1599 plurima·
575 1537 704 1582 1111111
742 1540 879 1598 quod
918 1539 982 1585 ad
1012 1538 1280 1586 Historiam
1307 1535 1522 1599 tempori
1560 1533 1879 1604 coniunctam

50 1605 296 1670 pertinet,
336 1604 527 1664 omisit,
563 1621 678 1652 vere
716 1601 1005 1672 ἐλλόγιμοςτ
1054 1622 1116 1652 ex
1149 1605 1358 1654 diveisis
1388 1605 1524 1650 varia
1551 1605 1878 1665 coacervavit,

54 1675 258 1739 digessit
283 1667 482 1735 ordine,
523 1691 647 1738 quae
672 1675 734 1721 ad
758 1677 1031 1744 perfectum
1058 1683 1106 1723 et
1132 1691 1380 1722 summum
1405 1674 1649 1736 fastigium
1674 1673 1880 1723 evehere

51 1763 185 1794 mors
222 1744 504 1810 prohibuit:
545 1761 695 1808 quare
727 1746 857 1809 quod
886 1746 945 1793 de
971 1746 1190 1794 Historia
1218 1745 1559 1810 prosequenda
1586 1744 1679 1791 sibi
1707 1763 1733 1791 a
1769 1763 1877 1792 mo-

50 1817 211 1865 rituro
249 1816 589 1864 commendata
629 1816 826 1881 scripsit
860 1816 1211 1882 Theophanes,
1263 1815 1323 1862 de
1359 1814 1764 1879 Chronographia
1793 1833 1877 1864 re-

51 1887 172 1936 licta
200 1886 254 1932 111
272 1886 447 1933 melius
476 1886 776 1934 emendanda
802 1887 960 1935 fidens
986 1885 1357 1952 pronunciabo:
1398 1883 1611 1950 βίβλον
1591 1884 1654 1950 ἦν
1679 1885 1878 1936 συνέτα-

52 1959 135 2019 ξεν
163 1951 310 2021 ἆτελῆ
337 1955 682 2015 καταλέλοιπε,
719 1956 806 2008 καὶ
839 1952 1074 2027 οἷφορμας
1101 1955 1311 2023 παρέσχε
1336 1976 1396 2006 τα
1432 1957 1717 2007 ἐλλείποντα
1757 1977 1877 2006 ανα-

51 2030 335 2094 πληρῶσαι;
373 2027 577 2090 librum,
617 2026 763 2092 quem
789 2038 1137 2093 σοηῑΡοὸ-ιιεγαι
1160 2029 1369 2091 reliquit
1394 2029 1878 2090 inzpe1s'ecta7n‚oc-

33 2101 402 2163 'casionemqae
432 2099 593 2145 simul
610 2099 879 2163 praebuit,
918 2110 976 2146 ut
1001 2117 1128 2165 qaae
1152 2097 1556 2146 desideJaJMentm
1587 2100 1641 2144 in
1668 2099 1755 2144 illo
1781 2099 1878 2144 alic·

51 2170 237 2234 eaplere
265 2166 672 2234 aggrederentur.
744 2170 1173 2220 Animadverterat
1208 2169 1433 2232 equidem
1463 2169 1610 2230 longe
1633 2185 1710 2215 me
1734 2169 1874 2232 prius

51 2254 242 2288 errores
280 2239 442 2305 operis
471 2235 613 2287 istius
645 2242 966 2306 praecipuos,
1019 2241 1103 2306 qui
1135 2241 1266 2289 libro
1303 2239 1520 2303 Syncelli
1554 2239 1873 2286 describendo

51 2317 166 2358 ante
187 2326 341 2357 annos
369 2316 625 2358 sexcentos
653 2324 852 2375 operam
875 2312 1100 2360 exhibuit
1136 2309 1472 2371 amanuensis,
1510 2309 1587 2355 vel
1616 2309 1737 2356 alter
1754 2325 1874 2356 rur-

52 2397 137 2428 sus
171 2379 450 2443 antiquior,
499 2387 549 2427 at
589 2390 719 2428 certe
751 2379 832 2430 vir
871 2400 974 2430 non
1008 2381 1266 2447 imperitus
1305 2388 1353 2427 et
1386 2380 1460 2428 rei
1491 2378 1876 2441 Chronologicae

50 2451 284 2515 ignarus,
322 2466 385 2497 ex
410 2450 549 2497 cuius
577 2452 848 2517 exemplari
882 2453 981 2500 MS.
1020 2460 1244 2499 nostrum
1281 2450 1417 2498 istud
1451 2450 1614 2496 fuerat
1645 2448 1877 2513 primitus

52 2527 353 2600 excerptum:
435 2521 480 2568 Is
516 2538 607 2568 nec
648 2524 863 2570 auctmis
899 2523 1152 2584 inscitiae,
1187 2538 1282 2568 nec
1317 2519 1604 2568 oscitantiae
1646 2519 1875 2584 cuipiam,

51 2587 141 2639 sed
181 2591 413 2638 audaciae
462 2591 780 2640 libramen-um
817 2593 938 2654 soli,
979 2600 1028 2640 et
1062 2591 1324 2657 piaccipiti
1362 2590 1691 2656 quorumdam
1725 2607 1876 2654 quas-

53 2671 248 2726 cunque
288 2677 366 2710 res
408 2661 704 2710 immutandi
742 2665 950 2712 consilio
986 2663 1299 2728 perturbatos
1343 2676 1589 2709 annorum
1626 2677 1874 2723 numeros,

54 2735 103 2779 ct
127 2747 316 2780 errores
341 2744 465 2798 opus
493 2750 636 2781 omne
659 2728 892 2782 vitiantes
921 2734 1174 2784 adscribit.
1212 2731 1549 2796 Insignissimo
1573 2731 1739 2796 itaque
1764 2733 1876 2779 ani-

53 2802 339 2864 madverso,
386 2802 449 2850 ad
486 2820 596 2888 pag.
640 2806 1066 2870 231.ma1ginem
1110 2805 1326 2852 medium
1370 2803 1620 2851 observazt
1667 2819 1791 2852 κατα
1816 2798 1872 2852 τὸ

53 2870 374 2940 παραδραμὸν
399 2870 602 2939 σφαλμα
621 2878 722 2925 τ’ων
743 2870 1115 2964 Καλλιγραφων
1141 2875 1211 2935 εἷς
1233 2870 1351 2933 τούς
1374 2872 1472 2923 τῶν
1497 2871 1740 2939 βασιλέων
1762 2867 1874 2938 χρό-

51 2962 173 3004 νους
211 2941 333 2994 αλλα
370 2942 578 3011 τέσσαρα
615 2944 694 3011 ἐτη
721 2944 858 2997 κατα·
873 2942 1185 3014 προσθήκην
1205 2945 1276 3005 εἰς
1301 2940 1421 3003 τούς
1447 2943 1730 3003 Χαλδαίους
1765 2944 1872 2993 κεί-

54 3026 207 3078 μεναέ
263 3014 714 3079 Calligraplzorzcm
758 3021 1030 3065 temeritate
1076 3033 1325 3064 annorum
1363 3022 1586 3079 quatuo]
1625 3031 1875 3060 excessum

52 3086 333 3147 irrepsisse:
381 3094 427 3131 et
452 3083 524 3132 ad
552 3085 927 3135 Chaldaeorum
957 3106 1128 3152 regam
1163 3095 1350 3134 aetates
1382 3083 1471 3131 illo
1498 3085 1753 3149 superfluo
1780 3083 1875 3130 acl-

54 3156 263 3205 zzcnctos.
340 3155 574 3203 Erratum
609 3157 746 3205 aliud
783 3175 887 3207 non
914 3159 1134 3207 absimile
1174 3158 1348 3204 observ
1351 3151 1520 3202 averat
1550 3156 1687 3219 prius
1714 3154 1766 3200 in
1799 3170 1873 3200 ae·

53 3224 297 3272 stimando
330 3239 573 3274 annorum
600 3239 837 3292 numero,
877 3237 948 3293 et,
983 3233 1129 3279 τοῦτο
1168 3225 1308 3293 οἶμαι
1344 3220 1546 3290 σφαλμα
1580 3228 1647 3305 ᾖν
1683 3223 1736 3274 ἐκ
1776 3227 1876 3272 τῶν

55 3291 447 3361 Καλλιγοαφων;
498 3298 702 3360 lapsas,
754 3301 823 3347 ait
872 3316 980 3364 pag.
1024 3300 1138 3351 152.
1188 3317 1243 3344 er
1297 3298 1676 3343 amanuensium
1719 3311 1876 3339 enwc

58 3373 194 3411 iolas
214 3369 494 3429 pr‘ocessct:
531 3370 832 3452 eosdemque
865 3387 1090 3416 excessus
1119 3386 1175 3415 ao
1210 3368 1428 3415 desectus
1457 3366 1614 3413 omnis
1641 3380 1749 3410 reos
1780 3363 1878 3426 agit

56 3450 162 3498 pag·
203 3436 318 3487 148.
363 3432 510 3500 οἶμαι
534 3434 637 3488 δὲ
620 3435 697 3488 ότι
726 3441 783 3489 αἱ
816 3443 1106 3505 ποοσυῆκαι
1129 3438 1212 3488 καὶ
1248 3437 1502 3498 ἐλλείψεις
1522 3438 1620 3484 τῶν
1658 3422 1781 3483 ἐτοῖν
1809 3400 1876 3492 bs&

58 3504 218 3563 αἰτίας
250 3523 353 3553 των
381 3503 751 3574 Καλλιγρεὲφων
793 3525 1034 3576 γεγονασι
1093 3507 1368 3572 Peispcntis
1393 3503 1876 3565 111366,11ψ111(1111111

118 3586 278 3643 Georg.
310 3587 536 3642 Syncellus.
568 3591 622 3631 11.
1505 3590 1537 3640 5
