2222 3938
5 2619 10 2628 -
0 2547 4 2555 ⁴
2 2534 7 2540 ·
0 2237 20 2513 *μ’-ιμςῢήῑιᾳψτς-
0 2227 2 2230 ’
0 2194 12 2221 -ιι
8 2134 14 2141 .
5 2059 12 2075 ⁴
0 1958 10 1973 ιι

638 210 740 263 ΕΤ
774 207 1368 267 ANNOTATIONES.
1803 201 1928 261 379

31 403 33 405 ¹
95 347 210 394 Sem
233 326 339 392 eius
361 346 505 406 pater
528 355 660 390 anno
685 338 790 389 Noe
814 341 936 395 500.
963 342 1245 411 productus
1267 359 1331 391 ex
1352 341 1526 390 Genes.
1549 355 1658 406 cap.
1685 339 1733 394 5.
1759 356 1806 389 v.
1830 342 1926 391 ult.

95 410 406 464 centenarius
453 411 499 460 ei
527 412 687 462 vitam
712 413 1004 461 contulisset
1030 415 1156 464 Gen.
1183 432 1291 479 cap.
1321 417 1405 467 11.
1431 428 1480 461 V.
1509 415 1592 464 10.
1666 413 1778 459 Sem
1819 421 1929 460 erat

93 490 216 540 100.
246 500 501 531 annorum
530 479 737 548 quando
763 487 945 548 genuit
977 484 1300 550 Arphaxad:
1349 499 1498 548 quare
1522 499 1626 530 non
1655 483 1751 531 alio
1777 500 1928 549 quam

24 583 29 591 «
91 554 273 605 diluvii
296 553 524 602 obeuntis
551 570 698 602 anne.
770 554 1008 614 Quamvis
1030 573 1176 616 porro
1201 552 1321 623 μετὰ
1346 552 1436 606 τόν
1459 551 1806 620 κατακλυσμὸν
1826 554 1928 602 Ar-

26 675 28 677 ,
88 625 294 708 phaxad
319 625 450 673 diem
482 625 697 672 natalem
734 633 919 673 asserat
954 644 1064 691 pag.
1092 631 1175 681 86.
1209 627 1384 688 citata,
1414 624 1607 691 privati
1630 633 1797 674 tamen
1830 642 1926 673 011-

10 705 15 759 ]
90 697 269 761 iusque
307 695 623 744 Patria1chae
661 692 870 744 aetatem
907 697 1228 762 filiorumque
1268 705 1408 746 ortus
1449 695 1512 742 ad
1555 696 1732 744 mundi
1767 714 1927 746 annos

91 784 384 833 comparans
421 766 521 815 ab
506 784 617 832 ipso
653 766 836 816 diluvii
862 785 990 816 anno
1020 777 1069 817 et
1091 768 1366 834 Arphaxad
1397 775 1511 815 ortu
1534 774 1772 832 tanquam
1801 785 1928 834 epo-

14 889 22 894 ,
91 838 186 886 0113
209 837 477 886 certissima
511 838 685 886 seriem
714 855 911 887 omnem
941 857 1055 888 cum
1082 840 1195 888 loco
1219 840 1444 905 praefato
1470 846 1578 886 tum
1601 856 1714 904 pag.
1738 844 1821 893 99.
1851 840 1927 888 di-
1983 835 1989 838 ’

89 908 235 958 sertis
259 909 424 957 verbis
451 908 668 959 deducit.

232 975 407 1045 Γρπβ’.
445 978 538 1040 ἕως
568 973 770 1045 πρώτου
807 979 948 1039 ἔτους
982 972 1207 1045 Ἀβραοὲμ
1237 972 1490 1044 Εὐσέβιος
1525 977 1805 1047 ἐξέδωκεν]
1851 980 1931 1028 Ad

20 1099 27 1103 ,
89 1066 248 1098 annos
272 1053 429 1104 3202.
456 1067 485 1097 3
509 1050 687 1098 mundi
714 1051 919 1100 exordio
949 1049 1011 1097 ad
1037 1050 1284 1098 Abraham
1312 1050 1444 1098 diem
1468 1051 1683 1098 natalem
1708 1051 1766 1099 ab
1791 1051 1931 1099 Afri..

17 1111 22 1129 ²
92 1138 218 1168 cauo
242 1121 505 1184 collectos,
545 1121 690 1169 annis
720 1122 909 1171 Cainan
934 1120 1115 1169 debitis
1136 1125 1252 1174 100.
1278 1128 1327 1169 et
1351 1121 1519 1169 decem
1541 1121 1740 1185 additis,
1780 1122 1931 1170 aliam

21 1202 38 1248 ξ,
90 1208 341 1241 annorum
367 1210 612 1240 summam
647 1195 803 1247 3312.
838 1209 964 1258 quae
986 1193 1050 1240 ad
1078 1191 1564 1240 Authorismentem
1591 1200 1690 1255 est,
1730 1210 1934 1258 compo·—

26 1319 27 1322 ,
87 1279 208 1311 nere
242 1263 563 1311 facillimum
613 1279 675 1310 ex
713 1281 811 1328 qua
845 1280 1046 1312 rursum
1081 1280 1273 1311 summa
1314 1263 1548 1312 detractis
1573 1263 1757 1312 Cainan
1789 1265 1933 1312 annis

23 1331 26 1333 ’
90 1337 208 1387 130.
248 1333 343 1381 soli
379 1342 651 1399 supersunt
689 1337 845 1388 3182.
883 1335 1064 1401 quibus
1108 1351 1171 1382 ex
1217 1334 1427 1382 Eusebio
1473 1342 1649 1383 natum
1681 1335 1934 1384 Abraham

21 1453 24 1459 ,
89 1405 384 1453 oscitantius
418 1404 616 1453 Author
644 1405 832 1457 asserit.
903 1406 971 1453 At
996 1422 1111 1452 cum
1142 1423 1246 1452 non
1272 1422 1328 1453 eo
1360 1423 1460 1469 quo
1499 1405 1744 1454 diluvium
1772 1406 1934 1454 conti-

21 1481 28 1492 “
87 1473 162 1537 git
193 1492 356 1540 anno,
390 1477 534 1525 velut
556 1475 855 1538 Africanus,
896 1475 968 1523 ita
991 1476 1235 1524 Eusebius
1263 1477 1481 1540 genitum
1504 1476 1805 1543 Arphaxad,
1843 1477 1933 1525 setl

11 1580 25 1612 .'
87 1545 284 1610 integro
307 1554 422 1612 post
450 1546 579 1594 illud
602 1546 802 1594 biennio
828 1547 1031 1612 probet:
1085 1546 1207 1594 hinc
1239 1564 1345 1595 non
1375 1550 1531 1600 3182.
1568 1556 1741 1596 natum
1769 1549 1931 1597 Abra-

0 1659 14 1686 1
86 1614 204 1664 ham
234 1617 434 1682 posuit,
477 1617 566 1666 sed
595 1617 750 1670 3184.
788 1618 932 1665 cuius
969 1617 1239 1665 Eusebiani
1274 1618 1472 1665 numeri
1508 1619 1791 1667 accuratius
1820 1636 1933 1684 per-

17 1682 19 1743 ]
86 1687 231 1752 pensi
264 1688 463 1736 Author
496 1688 602 1754 ipse
629 1695 806 1735 testem
831 1705 882 1735 se
916 1689 1111 1753 profert
1141 1687 1306 1768 pagin.
1331 1691 1416 1741 87.
1448 1690 1502 1740 Β.
1527 1693 1611 1742 89.
1639 1690 1697 1737 D.
1733 1693 1850 1743 111.
1876 1691 1932 1736 Β.

10 1781 22 1827 ⁴,
90 1765 141 1805 et
176 1758 312 1808 aliis.
363 1775 486 1824 quae
523 1759 721 1806 numeri
750 1753 926 1828 γρπδῖ
960 1758 1116 1811 3184.
1152 1759 1208 1805 in
1239 1759 1460 1822 margine
1497 1761 1814 1826 supponendi
1851 1778 1933 1810 ra-

89 1827 164 1876 110
187 1829 298 1877 fuit.

233 1899 364 1967 Περὶ
391 1903 492 1951 τῶν
522 1895 642 1966 μετοὲ
669 1894 754 1949 τόν
791 1895 1140 1965 κατακλυσμόν
1164 1894 1426 1966 Αἰγύπτου
1456 1900 1800 1966 δυναστειῶν]
1838 1902 1934 1949 Re-

0 1979 8 1998 ³
90 1987 208 2036 gum
236 1970 449 2036 Aegypti
477 1978 527 2018 et
555 1970 905 2035 Dynastiarum
934 1970 1040 2017 eius
1071 1973 1156 2023 31.
1192 1970 1432 2018 latercula
1468 1971 1568 2019 duo
1599 1971 1659 2019 ab
1691 1971 1930 2020 Africano

91 2049 142 2090 et
167 2042 373 2090 Eusebio
408 2058 472 2090 ex
497 2040 812 2096 Manethonis
844 2040 1076 2107 operibus
1108 2040 1294 2104 digesta
1319 2043 1559 2107 separatis
1582 2043 1710 2091 locis
1737 2044 1932 2108 profert

92 2113 311 2177 Scaliger
330 2113 387 2160 111
412 2112 689 2177 excerptis:
739 2111 878 2160 illius
903 2128 1013 2177 pag.
1042 2111 1163 2165 355.
1191 2112 1395 2161 alterius
1419 2130 1516 2178 pag
1543 2113 1626 2167 14.
1656 2114 1794 2162 illius
1820 2131 1933 2163 rur.

93 2200 207 2232 sum
239 2184 481 2232 laterculo
512 2183 724 2231 titulum
755 2181 892 2231 hunc
926 2182 1194 2232 adinvenit.
1251 2183 1494 2248 βασιλέων
1518 2184 1813 2250 Αἰγυπτίων
1845 2186 1933 2235 δυ·-

91 2255 315 2307 ναστείαι
332 2250 458 2305 κατοῖ
482 2251 577 2318 τήν
598 2251 833 2321 δευτέραν
857 2252 1056 2304 ἔκδοσιν
1079 2250 1191 2319 (qui
1211 2254 1361 2301 aliam
1386 2272 1488 2301 non
1514 2254 1757 2317 exhibuit,
1781 2255 1935 2318 quin-

94 2326 245 2374 immo
270 2325 515 2374 diversam
539 2324 599 2372 ab
625 2340 682 2371 eo
707 2332 757 2371 et
779 2324 1049 2371 secundam
1072 2323 1317 2372 Eusebius
1341 2322 1517 2389 edidit)
1553 2324 1607 2374 έκ
1640 2328 1744 2374 τῶν
1770 2322 1934 2391 τὸμων

92 2399 335 2448 Μανεθῶ
361 2399 454 2446 τοῦ
481 2393 651 2460 ἱερέως
674 2394 982 2460 Αἰγυπτίου,
1032 2393 1194 2458 (quasi
1226 2411 1290 2441 ex
1311 2394 1422 2460 ipso
1448 2394 1747 2443 Manethone
1771 2397 1932 2444 colle-

95 2467 248 2532 gerit,
292 2474 342 2514 et
374 2482 479 2514 non
514 2483 576 2513 ex
616 2464 820 2528 Georgii
861 2465 1082 2529 Syncelli
1119 2463 1558 2551 Chronographico
1595 2466 1932 2536 syntagmate)

97 2534 271 2606 πρώτη
298 2537 562 2588 δυναστεία
586 2538 830 2587 Θεινιτων
858 2530 1151 2600 βασιλέων’
1127 2555 1269 2586 οκτω.

239 2604 388 2659 Μετα
414 2603 599 2667 νεκύας
627 2626 748 2668 τους
771 2604 1056 2671 ἡμιθέους]
1101 2607 1261 2653 Semel
1288 2623 1346 2653 ac
1381 2605 1561 2654 iterum
1588 2606 1836 2655 Semideos
1874 2625 1934 2656 ac

96 2674 281 2740 νεκύας
305 2679 527 2728 diversos
558 2679 714 2728 refert
746 2676 942 2736 Author
966 2693 1077 2741 pag.
1104 2678 1188 2731 40.
1225 2678 1286 2727 D.
1315 2676 1399 2725 hic
1421 2677 1615 2726 sublato
1641 2678 1929 2727 discrimine

96 2750 292 2800 eosdem
325 2749 516 2805 statuit.
588 2747 842 2797 Semideos
880 2756 930 2796 et
952 2748 1144 2796 Heroas
1182 2747 1292 2828 quis
1327 2747 1552 2798 diversos
1587 2748 1791 2812 habeat,
1827 2749 1929 2797 nisi

97 2822 182 2902 qui
204 2821 404 2869 nomine
424 2822 659 2882 Deorum,
695 2837 820 2884 quos
842 2819 1087 2867 maiorum
1113 2819 1360 2883 gentium3
1399 2819 1741 2868 Semideorum
1757 2857 1770 2882 ‚
1806 2838 1928 2884 quos

0 2926 2 2930 »
42 2935 46 2938 .
95 2893 346 2941 minorum
367 2891 617 2956 gentium3
653 2885 872 2952 νεκύων,
911 2907 1036 2957 quos
1062 2890 1277 2953 Heroas,
1314 2894 1556 2956 θνητων,
1593 2908 1719 2957 quos
1743 2900 1926 2940 morta-

0 2982 6 3026 j
95 2964 167 3011 les
191 2963 433 3025 dicimus,
467 2962 750 3026 intelligat?

243 3033 531 3098 Θεεινίτης.]
571 3034 825 3098 Θεινίτης,
863 3039 913 3080 et
938 3031 1145 3096 Θενίτης
1174 3031 1304 3079 infra
1331 3030 1536 3095 legitur,
1574 3049 1603 3078 a
1623 3031 1793 3081 Thena
1827 3033 1927 3081 sor-

0 3058 27 3144 i
99 3121 189 3153 san
213 3104 490 3152 Nomadum
517 3104 704 3169 oppido
735 3122 762 3150 a
793 3103 955 3152 Plinio
980 3102 1066 3151 lib.
1091 3107 1139 3155 6.
1167 3119 1275 3167 cap.
1306 3107 1387 3155 19.
1418 3103 1683 3151 celebrato.

0 3146 10 3213 ξ

0 3218 15 3282 ὐ

0 3314 14 3358 τ.

0 3382 13 3442 ι,

246 3169 608 3237 Ουσαφαῖδος’
594 3174 675 3239 ε’τη
698 3169 741 3224 κ’
746 3174 778 3238 .]
819 3174 1071 3223 Divinavit
1093 3173 1308 3237 Scaliger
1332 3172 1412 3237 ε’τη
1438 3167 1490 3225 ε’.

238 3243 394 3309 Ὁμοῦ
427 3243 507 3308 ε’τη
551 3241 688 3311 σνγ’.]
727 3247 857 3294 Raxo
899 3244 1217 3293 consentiunt
1223 3211 1484 3309 ”partiales
1519 3260 1634 3292 cum
1671 3241 1924 3301 totalibus,

104 3324 154 3364 et
177 3315 313 3381 ipsae
342 3315 521 3362 totales
553 3315 616 3362 ad
650 3333 701 3363 se
738 3333 789 3364 se
819 3317 1034 3364 invicem
1067 3315 1403 3378 colligendae,
1438 3314 1496 3363 in
1528 3314 1607 3362 his
1633 3311 1852 3360 Africani
1877 3318 1927 3358 et

105 3385 303 3435 Eusebii
339 3385 692 3450 Aegyptiorum
740 3403 911 3450 regum
959 3385 1417 3449 diagrammatibus‚
1480 3398 1708 3432 summae.
1793 3381 1930 3440 Quid

105 3474 323 3521 agerem,
364 3456 451 3503 diu
477 3456 658 3504 dubius
680 3455 838 3505 haesi:
881 3456 970 3504 has
998 3473 1060 3504 an
1093 3457 1206 3504 illas
1229 3456 1536 3504 emendarem
1553 3487 1566 3511 ,
1604 3459 1652 3499 et
1677 3467 1773 3515 qua
1798 3468 1929 3499 com..

107 3544 346 3594 ponerem
379 3527 575 3576 ratione
608 3543 709 3575 non
743 3527 894 3576 semel
931 3534 1151 3577 attentus
1181 3525 1446 3593 perpendi:
1494 3523 1693 3572 tandem
1725 3538 1790 3570 ne
1825 3539 1927 3570 non
