2222 3938
342 174 471 244 440
962 185 1540 248 EMENDATIONES

340 321 435 385 tis,
472 320 714 384 obtinuit3
750 318 992 383 Aegialiae
1013 320 1203 385 regioni
1231 320 1561 386 Peloponnesi
1586 337 1766 370 nomen
1788 320 1998 386 indidit,
2031 339 2154 388 pro-

336 392 575 458 priaeque
600 391 945 456 Pelopidarum
972 392 1252 457 posteritati
1277 392 1603 458 Peloponnesi
1625 393 1738 442 loca
1761 393 1984 442 victoriis
2012 402 2156 460 parta

337 463 544 529 reliquit
570 461 879 528 possidenda.

478 532 1122 595 Ρες.125.Διαφωνεῖται
1141 528 1223 596 ἔτη
1245 528 1334 583 κδ’.
1337 531 1355 596 ]
1393 531 1436 580 Α
1460 532 1599 597 regni
1618 531 1914 596 Argivorum
1937 533 2156 598 primor-

338 601 465 665 diis,
503 603 565 650 ad
594 600 775 649 Acrisii
809 608 1123 666 postremum
1151 619 1337 649 annum
1374 603 1665 668 quibusdam
1699 604 1820 656 575.
1856 619 2010 650 annos
2048 619 2157 651 nu-

335 671 638 721 merantibus
664 688 727 720 ex
761 688 920 736 nuper
955 672 1129 735 dictis,
1166 672 1366 721 Author
1406 674 1552 722 tertia
1583 681 1702 722 nota
1742 673 1996 738 superiore
2025 673 2155 721 cita-

334 749 417 790 tus
458 744 577 795 551.
612 741 856 791 duntaxat
886 750 1138 805 recenset,
1175 745 1349 813 utique
1377 743 1662 792 discrimine
1685 743 1772 798 24.
1803 760 1907 792 non
1939 748 2023 798 27.
2061 760 2154 792 an-

335 828 528 862 norum.

172 879 224 923 P·
249 874 309 923 42
482 884 588 932 Τοῦ
612 878 666 931 δὲ
695 875 889 947 κόσμου
924 875 991 947 ἦν
1034 882 1139 943 ε’τος
1171 876 1323 951 γχ5β’
1327 880 1361 949 .]
1410 883 1520 931 Hoc
1549 891 1622 931 est
1649 883 1712 931 ad
1746 882 1896 931 Mosis
1926 890 2155 947 aetatem‚‘

331 953 476 1000 iuxta
503 960 727 1000 veterum
766 954 1031 1002 sententias
1066 955 1291 1018 superius
1321 971 1427 1017 pag.
1457 957 1538 1007 63.
1569 954 1652 1007 64.
1681 961 1729 1001 et
1757 971 1887 1016 seqq.
1917 960 1965 1000 et.
1992 970 2155 1018 nuper

262 1072 263 1075 ,
330 1039 443 1089 pag.
479 1028 592 1076 122.
617 1022 703 1069 ubi
729 1022 791 1070 de
817 1023 970 1083 Mose,
1006 1025 1206 1072 relatas:
1245 1041 1450 1088 quorum
1476 1024 1692 1071 calculos
1720 1024 1779 1070 ab
1802 1024 2011 1071 Eusebio
2039 1041 2154 1071 cor-

330 1101 496 1143 rectos
533 1093 649 1140 licet
683 1094 911 1141 Petavius
938 1094 1149 1141 affirmet
1176 1093 1261 1143 lib.
1292 1099 1338 1147 9.
1377 1094 1437 1141 de
1476 1095 1615 1143 Doct.
1644 1094 1811 1159 Temp.
1853 1111 1959 1157 cap.
1987 1097 2066 1146 18.
2103 1100 2156 1141 et

330 1162 387 1212 in
418 1162 748 1227 Epiphanium
777 1180 886 1228 pag.
917 1165 999 1217 15.
1039 1181 1279 1227 nusquam
1315 1171 1479 1211 tamen
1514 1163 1719 1227 probat,
1769 1163 1853 1211 sed
1898 1164 2154 1211 institutae

330 1234 427 1281 sibi
466 1232 823 1296 Chronologiae
856 1234 1074 1281 numeris
1118 1233 1421 1298 compositos
1467 1234 1698 1281 declarat.
1770 1234 1829 1281 In
1865 1241 2153 1298 utrumque,

331 1309 383 1351 et
411 1303 531 1350 alios
555 1303 732 1351 mentis
759 1304 976 1351 eiusdem
1005 1311 1254 1351 consortes
1285 1304 1437 1351 edicit
1460 1319 1594 1350 meus
1620 1303 1857 1366 Georgius
1885 1303 1947 1350 ad
1975 1304 2024 1355 5.
2052 1304 2154 1351 Ar·-

329 1373 554 1437 givorum
581 1390 742 1436 regem
773 1368 963 1437 οἷλόγως
990 1369 1315 1441 ἀπεφήναντο
1341 1373 1422 1422 καὶ
1453 1368 1762 1438 ἀμαρτύρως.
1834 1373 2072 1421 Eusebius
2097 1373 2153 1422 in

327 1444 497 1509 priore
518 1442 646 1490 libro
671 1444 730 1490 ab
754 1443 934 1490 Inacho
964 1443 1026 1489 ad
1051 1443 1424 1506 Agamemnonis
1448 1459 1617 1489 necem
1640 1459 1794 1490 annos
1820 1443 2009 1507 colligit
2031 1444 2150 1497 655.

328 1513 386 1561 in
415 1513 689 1577 posteriore
714 1512 892 1576 viginti
921 1513 1161 1576 amplius,
1200 1513 1334 1576 quod
1359 1520 1406 1560 et
1434 1530 1526 1560 nos
1554 1529 1831 1576 sequemur,
1869 1512 1939 1560 ait
1961 1529 2152 1561 memo-

328 1591 471 1632 ratus
503 1583 733 1630 Petavius
772 1582 967 1630 Author
991 1582 1050 1629 ab
1082 1582 1309 1629 Inachaei
1340 1582 1476 1646 regni
1504 1582 1791 1648 primordiis
1820 1600 1949 1630 anno
1976 1583 2150 1631 mundi

329 1657 485 1707 3692.
514 1653 713 1715 signatis
742 1653 805 1700 ad
836 1653 1247 1716 Agamemnonem
1275 1653 1493 1701 occisum
1533 1670 1661 1701 anno
1700 1653 1854 1746 4330.
1886 1671 2041 1702 annos
2069 1655 2152 1702 in-

328 1725 558 1770 teriectos
582 1727 702 1775 638.
730 1731 965 1772 numerat.

454 1788 687 1857 Ἴναχος’
671 1792 752 1856 ε’τη
772 1812 836 1850 νς
832 1788 879 1856 '.]
917 1794 990 1840 Ita
1020 1793 1193 1840 scribit
1220 1793 1435 1856 Scaliger
1454 1809 1564 1858 pag.
1592 1799 1755 1840 textus
1783 1742 2041 1841 Eusebiani
2063 1798 2149 1848 23.

325 1878 423 1911 nec
467 1862 682 1909 advertit
719 1863 913 1909 Eusebii
955 1864 1104 1911 verba
1143 1875 1465 1927 componens,
1517 1863 1716 1910 Eusebii
1765 1863 1948 1911 Inacho
1991 1881 2149 1911 annos

328 1932 575 1980 duntaxat
596 1934 678 1985 50.
707 1932 759 1978 in
788 1932 1034 1981 Chronico
1060 1934 1351 1982 ascribentis
1376 1941 1588 1981 mentem
1609 1941 1856 1998 evertere,
1894 1943 1942 1982 et
1965 1933 2150 1982 autho·-

325 2002 522 2050 ritatem
551 2003 843 2051 convellere.

470 2068 548 2122 Οὕ
585 2092 668 2137 μοι
704 2074 846 2123 δοκεῖ
871 2076 1049 2133 καλῶς.
1065 2071 1085 2137 ]
1132 2074 1249 2120 Hoc
1284 2090 1394 2122 vere
1429 2073 1694 2120 collectum
1733 2083 1803 2120 est
1836 2091 1871 2120 a
1915 2071 2146 2139 Georgia,

325 2141 502 2189 scribit
540 2142 756 2204 Scaliger
791 2142 920 2190 hanc
956 2143 1223 2208 pericopen
1252 2146 1467 2191 referens
1501 2143 1724 2195 Animad.
1765 2144 2036 2209 pagin.17.
2067 2149 2147 2198 18.

325 2212 449 2265 253.
474 2219 564 2263 etc.
641 2212 784 2260 Ratio
816 2213 940 2260 haec
976 2221 1063 2261 est.
1134 2214 1187 2262 Si
1223 2214 1286 2260 ad
1320 2213 1540 2261 Afiicani
1580 2222 1792 2260 mentem
1830 2212 2148 2278 Assyriorum

326 2297 533 2344 regnum
563 2281 726 2344 aliud,
765 2284 900 2346 quod
925 2282 1253 2346 Argivorum,
1290 2284 1430 2330 annis
1457 2283 1574 2331 solis
1607 2284 1832 2331 ducentis
1857 2285 2143 2348 praecedat3

326 2359 383 2398 ut
415 2352 562 2416 spatii
598 2351 880 2401 huiusmodi
919 2354 1156 2402 terminus
1199 2354 1261 2400 ad
1299 2353 1469 2401 Inachi
1504 2354 1802 2417 Argivorum
1840 2354 1967 2415 regis
1997 2355 2148 2418 primi

328 2438 509 2469 annum
538 2423 752 2486 primum
777 2423 998 2486 attingit,
1035 2424 1103 2470 ita
1132 2440 1328 2488 quoque
1358 2425 1421 2471 ad
1446 2424 1593 2471 Mosis
1625 2425 1836 2471 natalem
1864 2424 1991 2472 diem
2015 2426 2148 2472 cit-ca

326 2490 495 2538 Inachi
525 2493 795 2555 primordia
819 2494 1155 2541 incurrentem
1181 2493 1399 2542 accedit:
1441 2494 1572 2540 idem
1608 2511 1727 2542 vero
1764 2511 2006 2542 annorum
2046 2497 2145 2542 du-

328 2569 583 2609 centorum
614 2563 855 2610 terminus
882 2563 1103 2610 Abrahae
1129 2581 1286 2611 annus
1312 2580 1459 2628 supra
1487 2566 1803 2613 centesimum
1827 2565 2016 2628 primus
2037 2573 2144 2612 sta·-

325 2630 509 2678 tuitur:
547 2632 706 2679 Moses
729 2633 893 2697 itaque
915 2651 1044 2681 anno
1062 2633 1284 2681 Abrahae
1313 2635 1481 2680 eodem
1506 2635 1568 2681 ad
1597 2636 1722 2682 lueis
1749 2642 1796 2681 et
1821 2635 1993 2680 mundi
2014 2651 2141 2682 con-

325 2697 534 2748 sortium
560 2702 806 2765 ingressus
831 2712 918 2751 est.
989 2703 1434 2752 Demonstrativam
1459 2705 1847 2753 confutationem
1877 2703 2008 2751 hanc
2039 2721 2143 2753 vo·-

327 2777 408 2817 cat
433 2770 647 2834 Scaliger
671 2773 783 2820 loco
810 2773 972 2837 primo
996 2775 1167 2823 relatu.

471 2838 611 2891 Κατὰ
639 2839 693 2891 τὸ
719 2838 832 2907 μδ]
871 2844 1080 2909 Scripsit
1105 2843 1340 2892 Eusebius
1365 2843 1448 2897 43.
1474 2843 1779 2906 eundemque
1799 2850 2015 2891 servaret
2037 2860 2140 2891 nu·

324 2924 513 2957 merum
539 2910 645 2974 ipse
673 2913 928 2976 Georgius,
966 2913 1238 2978 Arphaxad
1255 2930 1406 2960 unam
1428 2913 1665 2976 epocham
1690 2912 1874 2975 ubique
1895 2930 2138 2963 asserens:

324 2979 392 3027 At
418 2996 530 3026 cum
558 2998 740 3028 annum
767 2983 930 3047 ipsum
955 2985 1131 3031 diluvii
1155 2984 1427 3031 statuendis
1454 2982 1720 3046 Arphaxad
1748 2982 1985 3030 natalitiis
2006 3001 2139 3031 non-

324 3065 578 3112 nunquam
617 3052 788 3113 eligat,
826 3052 944 3101 hinc
984 3053 1375 3101 Genearcharum
1407 3059 1585 3098 aetates
1628 3069 1654 3098 a
1683 3052 1876 3100 diluvio
1905 3053 2138 3117 quando-

327 3135 422 3183 que
449 3120 641 3167 variant
663 3138 761 3168 uno
787 3139 931 3174 anno
1006 3123 1150 3170 Anno
1175 3138 1371 3185 quoque
1396 3121 1507 3168 Nini
1537 3122 1623 3174 44.
1653 3121 1896 3170 Abraham
1931 3140 2137 3188 compe-

324 3189 482 3237 rietur
504 3197 675 3250 natus,
713 3190 753 3237 si
787 3201 902 3255 post
938 3193 1211 3241 secundum
1234 3208 1260 3238 a
1285 3191 1475 3275 diluvio
1500 3209 1686 3239 annum
1714 3192 1981 3258 Arphaxad
2003 3194 2136 3242 diem

323 3260 538 3306 natalem
564 3260 806 3308 statueriS.
2115 3287 2119 3291 ·

463 3324 771 3416 Ἀργείωνβ.
798 3329 1153 3401 ἐβασίλευσεν.]
1206 3329 1295 3378 His
1333 3331 1388 3378 in
1422 3331 1637 3394 margine
1667 3332 1836 3411 'posita
1878 3333 2132 3382 subnecte.

325 3396 409 3462 ἔτη
435 3396 489 3460 ξ’.
517 3403 608 3450 τοῦ
628 3398 682 3450 δὲ
703 3395 893 3465 κόσμου
916 3401 983 3464 ἦν
1007 3399 1112 3459 ἕως
1132 3396 1314 3467 γψμηῖ
1342 3401 1561 3449 Inachus
1593 3402 1777 3466 quippe
1810 3419 2015 3467 regnum
2047 3404 2132 3450 in·-

324 3468 490 3517 stituit
522 3487 652 3518 anno
684 3473 834 3524 3692
870 3477 919 3518 et
945 3471 1029 3523 56.
1063 3470 1244 3532 tenuit,
1282 3471 1344 3519 ad
1381 3488 1562 3520 amium
1597 3471 1830 3522 videlicet
1847 3475 2004 3527 3748.
2029 3488 2129 3537 quo
