2222 3938
249 172 252 173 *
329 180 455 246 358
650 235 653 242 .
942 189 1527 249 EMENDArloNEs

327 319 569 387 secundo,
603 324 809 388 septimo
847 328 892 368 e't
927 322 1166 385 vigesimo
1204 324 1389 369 mensis
1429 324 1662 387 arefacta
1702 331 1775 371 est
1810 331 1959 377 terra.
1986 341 2038 374 v.
2074 325 2155 379 14.

325 395 555 446 revoluta
593 394 654 442 ab
690 394 892 441 ineunte
927 391 1121 440 diluvio
1159 391 1278 439 solis
1312 409 1474 440 annua
1500 393 1724 458 periodo.
1797 394 1936 442 Circa
1964 402 2157 444 textum

328 465 566 516 Authoris
593 462 987 524 observandum,
1025 478 1135 511 eum
1181 462 1337 510 annui
1359 464 1642 512 Kalendarii
1677 465 1875 512 tabulas
1911 465 2004 514 sibi
2033 483 2159 532 pro-

326 536 462 602 prias
485 534 781 599 respexisse,
818 549 912 580 neo
937 532 1170 580 Ianuario
1199 549 1366 581 mense
1391 534 1531 582 iuxta
1554 535 1798 583 Iulianum
1825 552 2037 597 morem„
2067 536 2159 583 lit-

323 615 545 656 terarum
568 604 715 653 ferias
735 603 1067 651 indicantium
1092 603 1418 652 mutationem
1440 605 1610 654 fecisse
1624 626 1637 653 ε
1682 623 1779 671 qua
1813 622 1876 653 ex
1896 605 2160 654 observan-

326 678 399 725 tia
444 674 681 739 contigit,
717 681 777 722 ut
808 673 978 721 eadem
1013 680 1207 723 retenta
1231 673 1428 737 littera,
1463 675 1519 723 in
1547 675 1610 724 iis
1650 693 1776 742 quae
1808 683 1924 741 post
1946 676 2162 725 Ianuarii

327 746 577 795 Kalendas
611 744 850 793 accidisse
889 752 1086 804 narrat,
1119 743 1175 792 in
1209 745 1414 792 eandem
1453 762 1647 812 quoque
1686 747 1859 796 feriam
1899 747 2159 796 coniiciat:

326 817 448 866 alias
472 833 576 864 non
596 815 720 865 levis
745 822 872 864 esset
894 814 1027 872 eius,
1064 815 1148 863 vel
1171 815 1381 864 Librarii
1409 831 1574 878 error,
1610 817 1728 864 anni
1750 816 1932 865 Iuliani
1959 817 2062 865 dies
2097 816 2163 865 ad

324 887 528 935 alterius
554 886 673 934 anni
702 886 853 934 Nisan
878 884 1114 933 Kalendis
1143 885 1432 951 incipientis
1457 888 1844 936 commetiendos
1868 905 1972 936 non
1997 895 2162 936 atten—

265 951 271 957 ⁷
325 957 503 1008 dentis.
577 958 836 1006 Caeterum
873 956 1240 1021 frequentiores
1285 956 1523 1020 marginis
1565 959 1929 1007 emendationes
1946 995 1959 1020 ‚
2020 958 2164 1006 velut

326 1028 590 1076 adiunctae
621 1027 875 1092 reliquae,
924 1043 988 1075 ex
1009 1029 1348 1075 Romanorum
1378 1028 1738 1094 Aegyptiorum
1777 1037 1826 1078 et
1847 1028 2164 1078 Iudaicorum

325 1099 573 1148 mensium
594 1098 794 1147 laudata
820 1097 989 1146 tabula
1018 1098 1424 1163 comprobantur.

463 1170 580 1234 Pag.
619 1173 701 1223 27.
748 1171 915 1218 Ταῦτα
951 1165 1042 1232 μὲν
1071 1167 1127 1219 ἐκ
1152 1170 1289 1233 τῆς.]
1327 1167 1517 1216 Laudat
1537 1166 1813 1216 Authorem
1849 1166 2079 1232 Scaliger,
2116 1174 2166 1217 et

324 1238 599 1304 Augustino
631 1239 691 1286 de
726 1239 874 1288 Civit.
900 1237 990 1285 Dei
1020 1238 1251 1302 superius
1287 1237 1441 1286 citato
1478 1238 1760 1288 consentire
1787 1237 1988 1297 scribit,
2025 1246 2077 1287 et
2100 1238 2166 1287 ad

326 1312 535 1360 verbum
562 1308 851 1357 transcribit
885 1325 990 1372 pag.
1021 1309 1141 1362 245.

449 1377 515 1431 A
541 1374 808 1445 ὀφθαλμὸς
834 1398 928 1429 ουκ
956 1374 1105 1429 εἶδεν.
1119 1383 1137 1438 ]
1210 1378 1363 1428 Non
1347 1395 1401 1426 1n
1426 1377 1715 1443 apocrypha
1743 1377 1893 1427 modo
1917 1378 2054 1427 Elias
2079 1395 2167 1428 re-

324 1451 588 1512 velatione,
627 1450 745 1497 sed
734 1467 789 1497 m
815 1449 1037 1514 probatis
1065 1457 1114 1496 et
1137 1451 1349 1514 receptis
1374 1449 1527 1496 Isaiae
1550 1448 1801 1498 vaticiniis
1826 1466 2056 1513 praesens
2077 1448 2166 1498 hic

324 1522 467 1570 locus
516 1520 765 1585 reperitur
802 1537 911 1584 cap.
963 1520 1044 1572 64.
1085 1519 1137 1566 in
1186 1537 1332 1583 quem
1372 1519 1720 1584 Hieronymus.
1803 1520 2166 1584 Paraplzrasin·

325 1592 483 1639 lzuius
503 1592 776 1638 testimonii
805 1591 956 1654 quasi
982 1590 1272 1637 Hebraeum
1297 1607 1353 1636 ex
1375 1589 1625 1636 Hebraeis
1661 1593 1997 1655 assumpsisse
2017 1591 2166 1655 Apo-

326 1664 516 1709 stolum
537 1663 766 1709 Paulum
786 1660 845 1707 de
869 1660 1175 1707 authenticis
1200 1660 1348 1707 libris
1373 1662 1428 1706 in
1452 1661 1680 1724 epistola,
1718 1678 1873 1724 quam
1895 1661 2071 1708 scribit
2095 1659 2171 1708 ad

332 1732 621 1781 Corinthios
645 1749 744 1779 non
765 1731 970 1780 verbum
996 1748 1052 1776 ex
1079 1730 1222 1779 verbo
1251 1728 1559 1791 reddentem,
1595 1730 1736 1794 quod
1755 1733 1935 1793 facere
1964 1734 2165 1779 omnino

327 1805 621 1863 contemnit,
659 1800 749 1847 sed
771 1818 973 1847 sensum
1001 1802 1344 1864 exprimentem
1368 1802 1653 1862 veritatem,
1694 1801 1878 1866 quibus
1905 1805 2070 1850 utitur
2093 1800 2170 1850 ad

329 1872 390 1920 id
403 1871 543 1938 quod
560 1873 775 1920 voluerit
797 1870 1156 1918 roborandum.
1205 1871 1365 1930 Quam
1391 1870 1531 1918 Pauli
1555 1871 1811 1935 epistolam
1827 1889 1941 1920 cum
1965 1873 2188 1937 quidam.

329 1943 429 1992 fide
452 1950 649 1991 nutasse
678 1942 740 1989 ob
768 1941 1109 1989 testimonium
1142 1957 1205 1989 ex
1230 1940 1531 2006 apocryphis
1569 1942 1805 1989 eductum
1845 1945 2169 2008 suspicaren-

326 2022 442 2077 tur,
491 2013 668 2061 merito
713 2019 974 2059 succenset
1012 2011 1346 2076 Hieronymus
1387 2012 1443 2058 in
1485 2011 1721 2059 Matthaei
1765 2021 1916 2077 caput
1945 2019 1994 2068 2.
2033 2030 2081 2063 v.
2116 2019 2166 2067 9.

330 2085 566 2133 scribens.
635 2081 1056 2147 Apocryplzorum
1085 2080 1419 2129 deliramenta
1445 2084 1739 2143 conticeant,
1780 2101 1907 2147 quae
1929 2101 1984 2131 ex
2015 2101 2167 2131 occa-

330 2158 470 2202 sione
497 2154 658 2201 liuius
685 2154 957 2200 testimonii
979 2155 1286 2217 ingeruntur
1310 2154 1553 2199 Ecclesiis
1584 2153 1684 2200 Clu·
1687 2155 1791 2201 isti.

467 2220 553 2274 Ἐν
575 2227 637 2292 τῇ
663 2221 785 2290 πρὸς
807 2218 1070 2287 Ἐφεσίους
1099 2222 1154 2273 ἐκ
1178 2226 1272 2273 τοῦ
1291 2221 1560 2287 Ιερεμίου.]
1633 2223 1965 2288 Hieronymus
1989 2223 2168 2273 iterum

329 2295 385 2343 in
415 2295 549 2342 illius
584 2293 818 2359 epistolae
857 2311 963 2357 cap.
998 2293 1046 2346 5.
1118 2294 1231 2357 Ego
1272 2302 1396 2339 certe
1434 2290 1710 2340 secundum
1741 2296 2169 2358 paupertatulam

331 2383 495 2415 meam
523 2381 689 2412 omnes
714 2363 951 2411 editiones
976 2372 1193 2412 teterum
1220 2365 1622 2427 scripturarum,
1663 2367 1876 2429 ipsaque
1902 2366 2169 2413 Hebraeo.-

332 2454 449 2484 rum
470 2436 733 2484 volumina
749 2434 1016 2499 diligenter
1033 2434 1308 2482 eventilans
1330 2451 1596 2497 nunquam
1617 2434 1712 2480 lzoc
1730 2437 1975 2500 scriptum
1994 2438 2166 2501 reperi.

332 2506 393 2556 D.
420 2505 631 2553 Thomas
675 2505 737 2552 ad
762 2505 851 2552 illa
878 2505 1029 2553 verba
1057 2504 1210 2552 Isaiae
1240 2509 1323 2557 60.
1395 2506 1558 2568 Surge
1587 2505 1882 2553 illuminare
1905 2509 2168 2554 Iiierusa-

334 2577 429 2623 lem
454 2578 581 2640 quia
603 2579 736 2624 venit
760 2576 927 2623 lumen
950 2585 1098 2622 tuum
1123 2582 1211 2625 eto.
1241 2581 1406 2622 censet
1429 2574 1720 2639 Apostolum
1746 2576 1986 2626 allusisse.
2047 2578 2168 2625 Hie-

331 2663 571 2710 ronymus
608 2646 809 2695 iterum.
887 2647 989 2709 Qui
1023 2645 1249 2709 simplici
1279 2647 1592 2709 responsione
1626 2655 1884 2694 contentus
1919 2655 2018 2709 est,
2068 2646 2167 2694 di-

333 2725 407 2767 cet
426 2751 439 2776 ,
478 2719 532 2763 in
559 2715 832 2764 reconditis
860 2734 973 2763 eum
1000 2715 1297 2779 Prophetis,
1335 2725 1380 2762 et
1404 2715 1486 2762 llis
1516 2733 1642 2780 quae
1679 2725 1927 2765 vocantur
1958 2734 2168 2781 apocry-

323 2786 460 2852 pha,
510 2786 632 2834 lzaec
669 2788 796 2834 lecta
829 2788 883 2834 in
929 2785 1152 2833 medium·
1182 2787 1461 2849 protulisse
1506 2785 1531 2851 (
1545 2787 1679 2833 sicut
1715 2795 1760 2832 et
1783 2789 1838 2833 in
1881 2788 2006 2834 aliis
2042 2806 2165 2852 quo-

335 2875 429 2922 que
478 2856 602 2902 locis
641 2875 754 2905 eum
786 2858 972 2919 fecisse
1018 2858 1345 2917 manifestum
1391 2854 1496 2920 est)
1555 2873 1656 2902 non
1703 2855 1847 2920 quod
1876 2859 2167 2922 apocrypha

333 2926 699 2990 comprobaret.-
759 2924 849 2972 sed
885 2925 1027 2992 quod
1073 2936 1119 2974 et
1160 2926 1319 2973 Arati
1361 2935 1407 2972 et
1445 2925 1764 2990 Epimenidis
1805 2936 1853 2974 et
1893 2927 2167 2975 Menandri

333 2997 561 3046 versibus
603 2999 671 3043 sit
710 2997 903 3043 abusus
943 2996 1018 3044 ad
1068 3014 1127 3043 ea
1164 3014 1293 3060 quae
1326 2997 1553 3043 voluerat
1587 2999 1642 3042 in
1677 3006 1889 3061 tempore
1928 3016 2166 3063 compro—

339 3065 523 3118 banda.
585 3068 687 3114 Nec
711 3076 878 3113 tamen
902 3076 945 3112 et
959 3067 1119 3113 Arati
1147 3076 1192 3112 et
1209 3064 1529 3128 Epimenidis
1551 3075 1595 3112 et
1607 3066 1880 3114 Menandri
1905 3078 2013 3116 tota
2034 3087 2165 3134 quae

338 3139 574 3201 scripsere
616 3146 736 3183 sunt
789 3146 992 3199 sancta,
1041 3138 1169 3202 quia
1223 3153 1330 3185 vere
1381 3153 1460 3183 eos
1506 3136 1716 3201 aliquid
1764 3137 1952 3188 dixisse
1999 3149 2163 3188 testa-

342 3217 425 3257 tus
454 3216 541 3256 est.
624 3246 630 3251 .

479 3279 713 3340 Pag.,28.
748 3272 1014 3341 Βηρωσσός
1040 3273 1094 3325 δὲ
1120 3273 1172 3326 ἓν
1196 3278 1260 3343 τῇ
1278 3269 1488 3344 πρώτῃ]
1526 3273 1826 3339 Alexandri,
1863 3296 1964 3326 non
1990 3279 2163 3327 Berosi

341 3347 527 3411 scripta
563 3346 798 3395 Authoris
822 3354 1069 3424 tempore,
1105 3347 1238 3408 quod
1266 3363 1367 3394 non
1394 3345 1555 3408 huiuS,
1587 3349 1675 3395 sed
1698 3348 1834 3396 illius
1863 3349 2164 3397 authoritate

341 3426 526 3479 ulatul,
560 3417 782 3465 extitisse
805 3417 1046 3481 suspicor.
1094 3415 1329 3464 Author
1314 3434 1420 3505 ipse
1443 3416 1667 3467 inferius.
1720 3423 1885 3469 Ταῦτα
1909 3418 2036 3486 φησὶ
2058 3423 2161 3471 Πο-

343 3490 554 3557 λυῖστωρ
576 3483 893 3555 Ἀλέξανδρος
920 3505 1007 3538 τον
1035 3484 1349 3556 Βηοωσσόν’
1329 3506 1381 3539 εν
1408 3491 1472 3557 τῆ
1493 3483 1660 3559 πρώτῃ
1689 3505 1916 3555 φασκειν.
