2112 3854
228 136 352 194 120
808 108 1514 196 GEORGII'SYNCELLI

225 281 390 321 ortum
417 271 706 335 asserentis)
731 272 952 319 favorem
985 268 1130 316 allata
1152 285 1279 334 pene
1307 277 1574 335 suggerunt
1600 285 1708 334 pag.
1736 274 1820 325 68.
1857 272 1909 320 C.
1936 255 2054 320 un-v

145 346 149 352 '
225 342 288 391 de
312 341 558 407 reliquum
579 349 652 388 est
681 350 739 388 ut
768 338 945 388 Asseth
971 339 1378 405 decessor-ianuis
1406 347 1490 394 20.
1518 340 1758 388 duntaxat
1790 342 2040 390 attributis

224 413 398 462 mundi
422 416 575 465 3716.
599 412 661 458 ad
692 414 846 464 3736.
872 418 1027 475 prout
1058 410 1299 458 laterculo
1335 428 1430 476 pag
1463 415 1579 464 123.
1616 410 1928 459 inemendato
1963 412 2042 459 Ie·
2111 466 2112 473 ἵ

223 484 386 547 gitur,
435 489 695 548 computus
731 480 815 528 hic
849 480 1038 546 primus
1066 479 1301 528 Authoris
1342 482 1496 547 ipsius
1532 480 1679 529 dictis
1718 481 1866 529 inniti
1901 482 2044 530 affir-
2110 477 2112 510 ³

223 561 402 604 metur.
1439 557 1445 558 ⁷

364 625 452 672 Est
489 638 660 670 rursus
698 628 863 669 tamen
911 622 1045 673 ,alter
1087 620 1146 667 ab
1189 620 1290 667 eius
1344 619 1647 681 authoritate
1688 638 1791 671 non
1835 623 2044 674 alienus.

223 693 303 742 Ex
322 710 431 757 pag.
459 692 640 756 quippe
677 691 824 738 citata
853 695 969 745 123.
999 692 1126 739 datis
1152 687 1342 739 Amosis
1383 708 1533 754 regno
1561 692 1751 739 duobus
1778 711 1924 758 supra
1961 694 2047 742 vi-

223 763 350 826 ginti
376 763 544 823 anniS,
581 769 733 826 prout
771 763 868 810 sert
892 770 1088 823 textus,
1126 778 1410 826 praecessor
1436 762 1615 809 Asseth
1642 763 1706 809 ad
1750 773 1963 827 quatuor
1998 771 2048 812 et

221 832 399 896 viginti
422 832 683 897 proprium
706 833 954 897 producat
974 848 1170 880 necesse
1194 839 1292 893 est,
1331 832 1394 878 ad.
1417 833 1592 879 mundi
1631 832 1864 882 nimirum
1891 834 2046 888 3740.

224 919 370 966 quem
393 903 553 965 signat
569 903 875 954 emendatio:
913 920 1058 968 quam
1083 901 1252 968 potuit
1277 901 1404 948 enim
1433 901 1677 963 adhibere,
1709 904 1905 953 Author
1928 921 2049 952 usus

223 973 479 1038 diligentia
512 973 719 1038 Moysen
758 974 846 1022 snb
888 972 1064 1023 Asseth
1097 973 1194 1023 isto
1235 979 1517 1020 consoftem
1543 972 1674 1023 vitae
1708 975 1961 1024 redditum
1988 991 2051 1024 ex

410 1115 518 1157 Anni
541 1126 568 1152 α
593 1118 731 1156 mundi
769 1116 1017 1167 Assyriorum
1037 1117 1114 1155 Re-
1193 1113 1476 1161 Aegyptiorum
1586 1116 1850 1156 Thebaeorum

484 1175 659 1214 conditu.
891 1187 979 1225 gea.
1258 1171 1401 1219 Reges.
1571 1174 1859 1221 Aegyptiorum

1643 1232 1787 1282 Rege«.

1145 1338 1311 1384 Aegypt.

1147 1398 1232 1433 Rex
1255 1396 1312 1431 33.

1158 1457 1307 1519 Amos-1⁸

1182 1520 1293 1605 αὲιέιε

499 1666 638 1719 3736
912 1663 983 1719 25
1253 1665 1281 1715 1
1411 1659 1477 1711 21
1687 1672 1751 1722 11

501 1860 650 1925 3737
915 1875 986 1928 26
1251 1874 1288 1926 2
1414 1870 1484 1922 22
1684 1866 1758 1930 12

502 2027 643 2079 3738
913 1998 985 2078 2⁷
1251 2030 1287 2082 ε
1417 2026 1485 2075 23
1691 2033 1759 2082 13

500 2098 643 2150 3739
915 2098 986 2149 28
1250 2100 1287 2151 4
1416 2096 1487 2146 24
1693 2102 1762 2154 14

1354 2209 1523 2256 Aegypt.

780 2267 1022 2315 Assyriorum
1041 2267 1125 2303 Rex
1219 2264 1221 2266 ’
1369 2267 1459 2302 Reoe
1468 2265 1524 2302 33.

801 2326 856 2365 15.
881 2326 1107 2362 Maxume
1361 2323 1528 2360 Auosm

858 2382 969 2421 anuis
988 2382 1047 2420 ³⁰.
1385 2380 1502 2473 agga-is

503 2520 644 2572 3740
957 2525 987 2575 1
1257 2517 1291 2570 5
1460 2521 1487 2569 1
1695 2514 1763 2568 15
1831 2534 1836 2541 ·

503 2593 640 2642 3741
954 2595 992 2646 2
1257 2591 1292 2640 6
1455 2592 1491 2640 2
1696 2587 1766 2636 16

504 2663 645 2712 3742
955 2665 990 2715 3
1257 2660 1293 2710 7
1456 2661 1490 2710 3
1687 2657 1765 2707 17

507 2733 647 2782 3743
954 2735 991 2784 4
1259 2730 1294 2781 8
1454 2730 1490 2780 4
1688 2727 1765 2777 18

509 2801 650 2852 3744
955 2802 991 2855 5
1260 2800 1294 2849 9
1455 2798 1489 2852 5
1697 2797 1766 2847 19

509 2871 649 2923 3745
956 2875 992 2923 6
1229 2871 1295 2922 10
1458 2870 1491 2919 6
1693 2868 1766 2917 20

510 2942 650 2991 3746
957 2942 994 2992 7
1230 2940 1292 2991 11
1457 2941 1491 2990 7
1695 2938 1765 2987 21

510 3012 649 3064 3747
962 3014 997 3065 8
1235 3010 1299 3061 12
1459 3011 1494 3062 8
1697 3008 1769 3059 22

511 3290 652 3343 3748
961 3288 999 3338 9
1238 3290 1303 3340 13
1465 3248 1519 3336 9'
1702 3284 1771 3334 23

508 3362 650 3412 3749
933 3358 1000 3407 10
1113 3375 1115 3378 ⁴
1240 3360 1307 3410 14
1436 3357 1502 3406 10
1703 3352 1773 3402 24

509 3431 654 3483 3750
935 3430 998 3478 11
1243 3427 1307 3481 15
1437 3428 1499 3478 11
1707 3421 1777 3473 25
