2222 3938
294 178 419 243 452
910 189 1494 280 EMENDATIONBS

291 321 485 372 Author
511 322 752 387 Georgius
771 337 882 388 pag.
912 324 1030 375 197.
1065 320 1144 369 Ex
1162 319 1366 369 Eusebio
1392 318 1558 384 itaque
1583 336 1845 369 numerum
1871 314 1931 370 κ’.
1955 337 2124 370 erran-

292 403 370 443 ter
402 395 681 458 exscripsit.

433 460 829 531 Σαρδανάπαλος
857 458 911 511 δὲ
933 458 1219 528 τριακοστὸς
1242 461 1326 513 καὶ
1351 459 1606 526 πέμπτος]
1644 461 1788 510 Edita
1816 461 2023 511 Diodori
2046 479 2125 510 so.

289 536 367 583 los
397 534 715 599 Assyiioium
748 532 950 595 triginta
975 549 1114 594 reges
1147 540 1436 595 agnoscunt.

436 602 658 654 Ταῦτα
631 623 657 654 ο
683 599 982 669 Διόδωρος]
1020 602 1168 650 Haud
1191 603 1339 666 legit,
1380 610 1430 649 at
1459 601 1664 667 scripsit
1689 602 1919 666 Scaliger.
1970 606 2124 652 ταῦτα

292 673 323 725 o‘
345 670 598 740 Διόδωρος
623 673 737 739 περὶ
761 677 851 738 τῆς
876 678 967 724 τοῦ
990 669 1392 756 Σαρδαναπαλου
1416 677 1764 758 καταστροφῆς
1791 668 1997 737 ἐσχάτου
2021 692 2123 723 των

287 740 561 810 ’Λσσνρίων
589 742 831 808 βασιλέων
863 740 963 795 οἷπο
996 745 1162 793 Νίνου
1198 739 1483 810 γεγονότος,
1525 740 1583 794 ὃν
1610 748 1810 812 πρῶτον
1835 748 1992 805 εἰναι,
2029 751 2123 792 etc.

290 814 423 863 Haec
455 813 690 876 Diodori,
738 822 787 862 et
819 814 915 861 alia
964 813 1307 878 Cephalionis,
1356 815 1416 861 ab
1457 814 1692 872 Eusebio,
1741 831 1804 861 an
1839 832 1866 860 a
1912 814 2123 877 Georgio

289 886 507 951 primum
536 885 692 932 relata
719 902 834 933 cum
858 885 1104 948 Scaligero
1136 902 1243 949 pag.
1269 885 1502 934 Animad.
1534 886 1653 938 154.
1675 902 1780 933 non
1803 886 2124 933 contendam·

291 954 430 1019 quod
454 955 698 1020 reperiam
741 955 875 1021 apud
903 955 1168 1019 Georgium
1191 956 1432 1036 tutiorem
1458 955 1626 1004 reddit
1651 956 1951 1021 possessoris
1998 972 2125 1004 con-

290 1026 546 1073 ditionem.

433 1097 546 1159 Pag.
586 1098 702 1149 166.
741 1091 1025 1175 Προλαβων
1047 1089 1276 1162 οἷνωτέρω
1298 1093 1408 1160 ἔφη.
1412 1095 1430 1160 ]
1469 1094 1747 1143 Diodorum
1767 1103 2000 1160 sequutus
2024 1094 2124 1143 Eu·-

290 1165 451 1214 sebius
477 1166 696 1232 primum
720 1182 884 1230 regem
914 1166 971 1213 in
997 1163 1320 1230 Assyriorum
1349 1166 1474 1214 solio
1501 1166 1686 1214 Ninum
1712 1166 1926 1230 locavit,
1965 1167 2125 1214 Geor-

290 1236 397 1300 gius
432 1237 621 1286 Belum.

423 1299 518 1359 Ὧν
548 1303 664 1358 οὔτε
667 1301 895 1394 πραξεις
921 1304 1168 1371 ἐπίσημοι.
1159 1304 1192 1371 .]
1229 1305 1375 1354 Edita
1404 1305 1624 1357 Diodori.
1663 1303 1777 1358 οὔτε
1801 1307 1981 1374 πραξις
2014 1305 2126 1357 ἐπί-

290 1389 472 1461 σημος,
512 1374 627 1429 ου’τε
651 1374 812 1443 ’ὄνομα
845 1373 1222 1444 μνημονεύεται.
1259 1395 1462 1444 πρωτον
1495 1374 1550 1427 δὲ
1575 1396 1677 1456 των
1701 1378 1773 1437 εἰς
1796 1377 2018 1444 ἱστορίαν
2040 1376 2126 1428 καὶ

288 1443 496 1534 μνήμην
523 1447 959 1534 παραδεδομένων

430 1514 543 1569 Ἐπὶ
571 1537 763 1584 γενεας
781 1537 868 1584 με.
839 1514 890 1584 ’.]
942 1516 1022 1566 Ad
1056 1517 1308 1583 propriam
1356 1524 1571 1566 mentem
1607 1516 1844 1566 scriberet
1889 1516 2126 1581 Georgius

288 1584 386 1653 μα’.
423 1589 482 1637 ad
528 1589 733 1636 [)10(10,·“·1
766 1605 928 1653 nuper
962 1588 1101 1636 citati
1141 1588 1393 1653 exemplar
1430 1583 1512 1640 λε’.
1552 1588 1790 1638 debuerat
1822 1589 2126 1654 exprimere:

292 1659 514 1723 quinque
537 1667 707 1707 tamen
734 1659 898 1707 minus
927 1658 1112 1707 habent
1132 1659 1350 1707 eiusdem
1376 1658 1522 1707 edila.
1826 1679 1828 1682 ’

415 1726 541 1815 ’Έτη
582 1730 877 1794 διαμείνασα
902 1730 1054 1780 πλείω
1087 1749 1191 1780 των
1240 1749 1272 1778 α
1305 1729 1392 1779 καὶ
1421 1724 1460 1778 τ’
1462 1730 1500 1793 .]
1538 1728 1746 1777 Addunt
1769 1730 1935 1778 eadem
1973 1729 2123 1779 edita.

292 1797 362 1850 ε’τι
395 1794 446 1849 δ’
485 1794 752 1885 ἑξήκοντα,
785 1796 1018 1865 καθαπερ
1056 1798 1183 1864 φησὶ
1222 1780 1444 1864 Κτησίας
1481 1821 1507 1851 ο
1549 1801 1758 1860 Κνίδιος
1793 1801 1848 1851 ἐν
1875 1804 1942 1871 τῇ
1962 1796 2025 1866 β’.
2051 1802 2127 1889 βί-

289 1871 410 1938 βλῳ.
461 1890 522 1919 τα
558 1867 612 1919 δὲ
644 1865 860 1934 ὄνὸματα
882 1889 984 1919 των
1010 1868 1255 1934 βασιλέων
1291 1868 1375 1919 καὶ
1415 1865 1470 1920 τό
1509 1874 1709 1936 πλῆθος
1736 1875 1837 1922 τῶν
1858 1852 2010 1934 ἐτῶν,
2052 1890 2126 1921 ων

293 1939 496 2000 ἕκαστος
522 1939 865 2023 ἐβασίλευσεν,
904 1935 966 1990 ου’
989 1941 1275 2005 καταπείγει
1299 1935 1528 2005 γράφειν.

435 2005 687 2077 Καθαπερ
724 2009 852 2074 φησὶ
882 2009 1145 2075 Κτησίας.]
1186 2010 1538 2058 Hallucinatur
1566 2011 1783 2075 Scaliger
1811 2029 1924 2092 pag.
1949 2015 2031 2065 30.
2069 2011 2125 2061 in

290 2079 500 2130 Diodori
531 2081 645 2128 loco
669 2097 731 2128 ex
755 2080 1090 2129 Bibliothecae
1115 2080 1279 2145 primo
1315 2081 1642 2145 depiompto:
1683 2099 1796 2130 cum
1828 2084 1957 2130 enim
1990 2083 2126 2131 scri-

291 2151 451 2216 pserit
502 2151 750 2198 Diodorus
788 2145 1020 2218 καθαπερ
1068 2150 1194 2215 φησὶ
1241 2152 1463 2215 Κτησίας
1498 2151 1553 2202 ἐν
1587 2155 1651 2220 τῇ
1690 2152 1894 2222 δευτέρα
1941 2154 2125 2222 βίβλῳε

292 2221 516 2269 reddidit
555 2221 773 2285 Scaliger
807 2221 862 2272 ἐν
897 2224 960 2291 τῇ
994 2239 1199 2290 τεταρτῃ
1246 2222 1417 2290 βίβλῳ.
1473 2222 1552 2269 Ex
1584 2222 1749 2270 littera
1786 2224 2030 2272 numerali
2063 2205 2126 2274 δ’.

292 2291 403 2340 vice
445 2295 562 2353 τοῦ,
602 2290 805 2360 δευτέρα
837 2309 863 2338 a
898 2292 1148 2353 Scaligero
1183 2293 1309 2339 male
1338 2301 1574 2357 percepta
1600 2310 1816 2342 eir-orem
1853 2294 2126 2360 obrepsisse

292 2361 468 2409 scribit
504 2363 737 2410 Petsvius
763 2361 850 2410 lib.
879 2366 961 2415 12.
1000 2361 1061 2409 (18
1093 2362 1236 2410 Doct.
1272 2362 1442 2428 Temp.
1479 2381 1588 2428 cap.
1624 2368 1708 2416 21.
1749 2360 1809 2429 β’.
1845 2372 2010 2413 tamen
2036 2382 2127 2412 se·-

247 2431 251 2432 ⁷
293 2433 508 2480 cundam
535 2431 875 2481 numeralem
860 2448 915 2479 m
937 2432 1117 2496 Regio,
1156 2449 1219 2481 ex
1256 2449 1355 2498 quo
1398 2434 1597 2498 collegit
1630 2443 1865 2501 excerpta
1890 2435 2125 2500 Scaliger,

295 2502 529 2551 distincte
550 2503 794 2568 percipio.

441 2583 699 2638 Ταυτανου
721 2583 816 2653 γοῖρ
841 2582 1250 2673 βασιλευοντος.]
1266 2587 1454 2677 Legunt
1480 2588 1612 2637 edita
1636 2605 1827 2642 rursuS.
1870 2584 2123 2655 Τευταμου

293 2675 388 2724 γαρ
419 2653 768 2722 βασιλεύοντος
792 2661 883 2723 τῆς
903 2652 1094 2738 'Aetas-3
1133 2655 1186 2717 ὂς
1212 2677 1280 2723 ην
1307 2656 1522 2720 εἰκοστὸς
1554 2655 1653 2712 α’πό
1686 2664 1778 2711 τοῦ
1802 2661 1982 2711 Νίνου.
2023 2660 2123 2708 Ob-

294 2743 434 2775 serva
467 2727 685 2792 quinque
718 2728 802 2776 vel
830 2745 919 2776 sex
943 2728 1205 2793 pauciores
1227 2746 1506 2781 numerare.

443 2815 608 2861 Ταῦτα
632 2833 657 2862 ο
687 2807 944 2880 Διόδωρος
968 2810 1133 2878 ημῖν]
1174 2813 1388 2877 Scaliger
1412 2815 1525 2864 Not.
1551 2831 1660 2880 pag
1685 2814 1804 2869 254.

434 2890 585 2960 Μηδ’
614 2893 742 2946 οὕτω
771 2892 1072 2964 θαρρήσας]
1112 2899 1303 2946 Retulit·
1325 2898 1540 2978 quidem,
1562 2879 1622 2945 1st
1647 2898 1900 2963 superiora
1923 2897 2121 2949 demon-

297 2972 487 3026 strant,
527 2966 613 3012 sed
634 2966 826 3015 incerto
855 2975 904 3016 et
929 2984 990 3015 ex
1013 2969 1224 3016 aliorum
1255 2969 1514 3018 sententia.

438 3049 606 3099 Πλείω
639 3055 739 3102 τῶν
781 3047 879 3119 αι]
914 3051 1074 3116 gram]
1122 3052 1268 3099 Edita
1302 3052 1422 3100 alios
1460 3057 1542 3105 60
1578 3052 1938 3117 superaddere,
1987 3055 2120 3103 solos

297 3122 679 3172 3O.numera1e
717 3137 880 3185 reges,
929 3130 978 3170 et
1021 3123 1288 3170 Teutanem
1330 3122 1565 3189 vigesimo
1611 3123 1725 3171 loco
1762 3140 2003 3190 reponere
2039 3125 2119 3174 di·-

297 3189 480 3239 ximus.

435 3265 511 3323 Εἶ
544 3293 636 3341 γαρ
669 3292 728 3323 τα
763 3269 932 3340 Βήλου
961 3272 1042 3325 νε’.
1080 3273 1161 3339 ἔτη
1193 3270 1455 3339 αφέλωμεν
1487 3274 1542 3327 ἐκ
1575 3297 1675 3328 των
1708 3273 1866 3344 9042ssst
1877 3279 1893 3341 ]
1933 3279 2118 3328 Ninum

295 3341 516 3423 primum
541 3344 855 3408 Assyrimum
877 3361 1041 3408 regem
1065 3345 1293 3411 agnoscit
1320 3346 1505 3394 Diodm
1509 3365 1593 3395 118.
1632 3364 1694 3395 ex
1711 3348 1816 3397 eius
1835 3349 1957 3398 adeo
1982 3367 2118 3398 com-

295 3413 455 3476 putis,
493 3414 579 3462 ubi
611 3381 962 3479 Assyri012⁰um
956 3432 1109 3463 annos
1138 3423 1389 3477 numerat,
1426 3417 1530 3465 Beli
1557 3419 1639 3471 55.
1666 3427 1780 3467 sunt
1816 3419 2112 3486 excipiendi.

297 3481 363 3530 Iis
398 3500 549 3548 porro
581 3480 848 3535 subtractis
882 3503 909 3535 a
946 3485 1109 3552 piimo
1144 3503 1316 3551 regum
1349 3452 1553 3537 illorum
1593 3489 1724 3538 Nino
1760 3507 1892 3539 anno
1939 3489 2114 3538 mundi
