2112 3854
740 205 1238 265 DISSERTArlo.
1624 285 1633 295 .
1869 201 1910 257 9

92 338 271 404 viginti
297 356 451 388 annos
486 338 668 388 vixerit
698 339 1008 404 maximeque
1033 354 1162 388 anno
1187 339 1482 403 octogesimo
1503 339 1633 389 vitae
1655 338 1912 402 floruerit,

91 411 196 459 sine
232 427 396 459 errore
420 411 660 458 Eusebius
689 411 905 458 scribere
927 411 1118 474 potuit:
1158 410 1210 457 Si
1235 428 1261 458 a
1287 417 1508 475 tempore
1528 411 1605 458 Ilii
1631 411 1763 475 capti
1795 428 1915 475 qua-

92 480 378 544 dringentos
421 497 574 528 annos
613 498 808 528 sursum
843 497 1018 529 versus
1051 481 1414 542 numeraveriS,
1452 481 1623 530 Mosen
1651 481 1786 546 apud
1809 481 1915 530 He-

89 551 287 612 braeos,
322 551 453 616 apud
478 551 690 599 Graecos
716 553 985 616 Cecropem
1017 552 1249 616 reperies,

224 621 361 669 Idem
410 638 568 668 annus
615 622 792 669 mundi
831 621 1130 670 Eusebianus
1172 622 1424 685 colligitur
1460 637 1486 668 e
1520 620 1914 687 chronographia

91 691 292 755 Georgii
318 692 536 757 Syncelli
565 709 672 756 pag.
697 695 829 746 326:
866 691 1186 756 reprehendit
1210 693 1340 740 enim
1364 691 1654 753 Eusebium,
1692 694 1826 756 quod
1854 694 1914 741 ab

89 762 280 812 Adamo
316 763 380 810 ad
402 762 649 810 Abraham
674 779 778 810 non
800 765 939 816 3312
955 801 968 823 ,
1009 762 1095 809 sed
1119 763 1284 823 3184,
1322 769 1467 826 atque
1493 763 1552 808 ab
1573 763 1770 811 Abraha
1794 781 1916 812 rur-

88 850 198 882 sum
219 831 282 880 ad
301 840 510 881 mortem
534 832 732 895 Christi,
757 849 860 880 non
882 836 1038 893 2221,
1059 831 1144 880 sed
1162 832 1314 894 2048,
1340 833 1621 881 summatim
1645 850 1758 897 ergo
1774 836 1914 889 5232

89 920 244 952 annos
279 911 454 952 contra
475 903 828 968 Apostolorum
857 902 1174 950 traditionem
1207 905 1586 966 computaverit.
1661 905 1749 951 Cui
1773 922 1915 953 sum-

4 974 5 977 ’
87 991 196 1023 mae
234 973 278 1021 si
312 991 466 1021 annos
500 974 633 1022 vitae
658 973 841 1021 Christi
871 977 940 1026 33
965 972 1260 1036 detraxeris,
1295 980 1484 1021 restant
1509 974 1646 1028 5199
1673 992 1826 1039 usque
1852 976 1916 1024 ad

86 1044 306 1111 primum
337 1061 524 1093 annum
557 1044 759 1093 Christi.
794 1071 857 1080 -
908 1044 1221 1107 Eundemque
1257 1053 1516 1091 numerum
1542 1044 1720 1108 colligo
1747 1063 1772 1093 e
1800 1063 1912 1111 pag.

89 1119 215 1177 169,
253 1132 351 1179 qua
377 1115 641 1164 Eusebium
682 1115 742 1162 ab
768 1114 957 1163 Adamo
994 1115 1056 1161 ad
1080 1114 1391 1161 Constantini
1425 1115 1489 1162 M.
1518 1131 1702 1163 annum
1730 1116 1917 1179 vigesi-

85 1202 225 1234 mum
247 1203 349 1233 non
374 1187 513 1240 5816
538 1203 693 1234 annos
727 1193 1039 1250 computasse
1064 1185 1302 1248 Georgius
1326 1184 1672 1249 reprehendit,
1710 1187 1797 1234 sed
1831 1204 1916 1234 er-

84 1273 200 1305 rore
227 1273 382 1304 annos
409 1261 512 1311 290
543 1257 774 1307 omisisse.
850 1256 1167 1320 Computavit
1196 1272 1307 1318 ergo
1333 1255 1571 1303 Eusebius
1594 1273 1747 1303 annos
1773 1256 1911 1311 5526

88 1321 281 1396 (εφκς’)
317 1344 436 1388 non,
471 1328 544 1375 uti
570 1344 851 1391 expressum
876 1334 950 1374 est
976 1322 1150 1394 εφκζ,
1188 1326 1343 1379 5527.
1395 1326 1626 1374 Conferas
1648 1345 1695 1391 p.
1727 1327 1872 1379 35.

84 1414 198 1462 pag.
222 1400 306 1450 36.
334 1397 391 1446 A.
412 1398 467 1446 B.
522 1398 658 1445 Idem
684 1414 920 1445 numerus
945 1397 1197 1460 colligitur
1220 1412 1283 1442 ex
1310 1395 1602 1461 Hieronymi
1624 1397 1778 1444 latina
1802 1414 1916 1446 ver-

84 1467 224 1515 sione
248 1485 299 1531 p.
334 1471 450 1529 181,
489 1468 576 1532 qui
606 1485 792 1516 annum
811 1467 1103 1531 vigesimum
1134 1466 1446 1514 Constantini
1472 1468 1538 1517 Μ.
1562 1467 1706 1532 ponit
1729 1485 1911 1516 annum

84 1538 224 1591 2342
242 1545 357 1601 post
378 1537 627 1586 Abraham
649 1546 835 1587 natum.
909 1538 962 1592 Si
988 1554 1107 1586 vero
1131 1537 1194 1584 ad
1212 1554 1366 1584 annos
1393 1537 1534 1592 2342
1561 1555 1800 1586 summam
1820 1556 1916 1586 an·-

82 1624 267 1656 norum
302 1610 442 1662 3184
479 1608 539 1655 ab
581 1607 770 1656 Adamo
810 1607 874 1655 ad
910 1606 1158 1656 Abraham
1197 1607 1365 1668 addis3
1403 1609 1571 1655 eadem
1602 1626 1792 1656 summa
1820 1609 1916 1656 tibi

84 1685 158 1726 est
189 1678 342 1732 5526.
412 1677 584 1726 Annus
624 1687 786 1726 autem
824 1677 1087 1742 vigesimus
1126 1677 1436 1725 Constantini
1472 1679 1537 1729 M.
1564 1687 1636 1726 est
1671 1695 1786 1726 ann.
1811 1682 1917 1732 327

83 1755 196 1814 post
223 1747 338 1796 Chr.
367 1756 493 1801 nat.:
531 1766 644 1813 ergo
686 1766 749 1797 ex
787 1748 882 1796 hac
914 1765 1114 1812 quoque
1148 1748 1341 1796 ratione
1372 1765 1530 1796 annus
1577 1750 1717 1803 5199
1738 1749 1918 1797 mundi

84 1826 158 1868 est
193 1819 467 1868 secundum
494 1819 688 1868 Eusebii
717 1819 1135 1885 computationem
1159 1818 1351 1883 primus
1375 1836 1532 1867 annus
1562 1819 1761 1868 Christi.

223 1889 466 1939 Omnibus
490 1889 570 1939 his
593 1891 715 1939 locis
743 1890 1046 1938 diversorum
1074 1889 1318 1938 librorum
1343 1898 1394 1938 et
1421 1898 1681 1938 auctorum
1707 1906 1915 1938 consen-

81 1959 334 2023 tientibus,
372 1961 452 2010 ius
474 1961 616 2010 nobis
639 1978 740 2009 esse
765 1961 991 2024 arbitror,
1027 1960 1256 2008 mutandi
1279 1977 1526 2023 numeros,
1563 1961 1789 2026 inprimis
1816 1978 1915 2021 eos,

83 2030 172 2094 qui
209 2031 339 2079 forte
367 2031 422 2079 in
445 2032 554 2097 ipso
587 2032 797 2081 Eusebio
824 2039 873 2080 et
893 2031 948 2079 in
971 2031 1138 2079 eadem
1162 2031 1341 2096 pagina
1361 2039 1472 2080 tum
1499 2049 1611 2079 cum
1634 2031 1728 2080 hac
1756 2031 1915 2079 Chro-

81 2101 280 2164 nologia
309 2102 582 2151 Eusebiana
616 2104 827 2168 probata
862 2110 972 2150 tum
1004 2101 1136 2150 inter
1172 2119 1223 2149 se
1244 2110 1481 2167 pugnant.
1554 2102 1762 2150 Credere
1786 2102 1916 2150 enim

80 2187 184 2219 non
210 2171 345 2235 licet,
383 2173 634 2222 hominem
657 2191 802 2222 sanae
831 2172 1009 2221 mentis
1039 2173 1093 2220 in
1131 2173 1304 2221 eodem
1326 2173 1456 2221 libro
1480 2180 1633 2253 atque·
1655 2173 1710 2220 in
1745 2173 1913 2220 eadem

80 2242 257 2307 pagina
285 2209 378 2290 sibi
408 2244 746 2293 contradicere
783 2245 926 2293 velle.
998 2244 1053 2292 P.
1092 2247 1209 2297 186.
1239 2244 1449 2291 Canonis
1475 2243 1639 2308 graeci
1666 2244 1908 2291 Eusebius

83 2330 239 2360 almos
272 2314 409 2366 2015
443 2315 502 2362 ab
535 2314 732 2364 Abraha
775 2315 840 2363 ad
874 2299 1044 2378 Mosen
1085 2322 1484 2379 computaverat:
1522 2315 1720 2378 plagula
1744 2321 1910 2361 autem

80 2399 222 2431 versa
245 2400 294 2447 p.
312 2387 427 2436 188.
454 2385 513 2431 ab
538 2384 727 2434 Adamo
754 2386 818 2432 ad
844 2385 1115 2432 secundum
1141 2401 1326 2431 annum
1350 2385 1482 2432 Darii
1507 2385 1645 2437 4770
1669 2387 1795 2431 anm·
1819 2400 1912 2430 nu-

80 2460 365 2514 merantur,
404 2462 452 2501 et
487 2473 515 2501 a
556 2456 775 2502 secundo
818 2472 948 2501 anno
977 2454 1110 2501 Darii
1132 2471 1289 2517 usque
1321 2455 1384 2501 ad
1406 2454 1648 2501 decimum
1680 2454 1912 2517 quintum

81 2522 266 2572 Tiberii
304 2524 432 2587 5483
473 2541 584 2588 ergo
610 2524 890 2572 summatim
917 2525 1084 2575 5318:
1123 2524 1183 2570 de
1208 2523 1382 2586 quibus
1408 2525 1448 2587 si
1468 2527 1536 2576 30
1557 2523 1788 2587 detrahis,
1824 2541 1911 2572 re-

81 2600 179 2643 stat
214 2592 403 2658 primus
444 2612 601 2643 annus
649 2594 833 2642 Christi
873 2594 1026 2646 5288.
1065 2618 1133 2630 -
1169 2593 1322 2656 Magis
1348 2593 1444 2641 hac
1472 2594 1772 2642 dissensione
1796 2612 1910 2642 mo-

81 2680 242 2725 verer,
277 2663 371 2712 nisi
407 2682 574 2713 omnes
602 2666 704 2713 fere
738 2680 970 2712 numeros
1001 2661 1149 2710 huius
1175 2664 1276 2711 loci
1302 2664 1618 2729 perturbatos
1642 2683 1700 2713 ac
1728 2666 1910 2730 depra-

81 2741 223 2783 vatos
249 2750 352 2783 esse
374 2735 763 2785 luculentissime
775 2740 1052 2801 appareret.
1090 2733 1167 2782 Ita
1188 2735 1330 2782 locus
1353 2735 1403 2783 in
1434 2736 1665 2800 Scaligeri
1696 2736 1911 2784 editione

82 2821 143 2854 ex
181 2821 344 2853 ressus
365 2815 464 2855 est:

144 2822 238 2925 ξίν
263 2873 318 2926 δὲ
338 2873 399 2926 τοὶ
427 2872 525 2927 ἄπο
550 2871 749 2943 'Aede‘
732 2875 824 2936 ε’ως
848 2873 1125 2941 δευτέρου’
1109 2874 1248 2935 ε’τους
1275 2876 1491 2942 Δαρείου
1565 2914 1577 2926 .
1651 2875 1732 2941 ἐτη
1762 2870 1911 2959 ήδψο.

152 2944 257 2995 Καὶ
282 2943 342 2996 τοὶ
369 2941 469 2998 οἷπὸ
492 2946 767 3035 δευτέρου
740 2966 878 3006 ετους
894 2947 1111 3012 Δαρείου
1131 2944 1212 2997 ἐπὶ
1235 2943 1290 2997 τὸ
1313 2943 1367 2997 ιε’
1393 2946 1665 3012 Τιβερίου’
1649 2946 1730 3012 ε’τη
1770 2941 1908 3011 φμηῖ

148 3013 305 3081 Ὁμοῦ
339 3013 399 3067 τοέ
433 3037 598 3068 παντοι
635 3037 732 3070 απο
767 3012 918 3083 Ἀδαμ
953 3016 1032 3067 ἐπὶ
1069 3036 1123 3070 το
1157 3016 1637 3068 πεντεκαιδέκατον’
1621 3016 1728 3077 ε’τος
1765 3018 1910 3097 Τιβε-

221 3087 333 3152 ρίου
337 3122 1598 3137 ................
1709 3086 1790 3151 ε’τη
1824 3081 1910 3136 σιέ

149 3149 270 3207 Ἀπὸ
310 3155 364 3207 δὲ
397 3152 837 3209 πεντεκαιδεκατου
876 3156 1016 3217 ε’τους
1045 3157 1274 3224 Τιβερίου
1312 3156 1398 3209 ἐπὶ
1421 3154 1514 3222 τὴν
1542 3157 1913 3220 εἶκοσαετηρίδα

222 3230 609 3280 Κωνσταντίνου
650 3233 742 3279 τοῦ
773 3231 1004 3293 Νικητου
1040 3229 1326 3294 Σεβαστοῦ,
1363 3226 1487 3278 κατοὶ
1519 3248 1612 3294 την
1636 3246 1736 3278 των
1765 3227 1911 3309 ἕβδο-

222 3293 446 3362 μήκοντα
474 3298 740 3384 ἑρμηνείαν
787 3334 1571 3347 ..........
1647 3298 1726 3361 ε’τη
1747 3290 1910 3362 εφιηᾞ

84 3363 284 3415 Numeri
314 3369 416 3421 215
455 3365 585 3435 (σιέ)
620 3378 669 3417 et
699 3370 837 3423 5518
874 3362 1110 3437 (smmf’)
1096 3386 1149 3416 m
1183 3369 1333 3431 locis,
1376 3369 1427 3416 in
1462 3370 1634 3434 quibus
1661 3369 1908 3430 leguntur,

83 3452 146 3501 pl
149 3453 289 3485 orsus
316 3438 469 3504 inepti
495 3447 635 3488 sunt:
674 3440 764 3488 etsi
788 3455 907 3487 vero
933 3446 1245 3503 transponas,
1280 3447 1455 3487 neuter
1480 3455 1627 3488 verus
1654 3437 1726 3485 fit.
1797 3437 1910 3484 Fal-

86 3524 167 3555 sae
203 3515 366 3556 tamen
405 3510 766 3576 computationi
802 3526 1045 3558 annorum
1079 3509 1218 3564 4770
1254 3510 1501 3559 consentit
1533 3525 1750 3572 summa,
1788 3507 1831 3555 si
1855 3507 1909 3554 in
