2112 3854
236 184 314 243 14
875 192 943 246 G.
983 190 1050 246 G.
1086 149 1426 251 BREDovn

235 315 809 381 Κωνσταντινουπόλεως
861 319 1145 381 ἐπίσκοπος.
1223 323 1535 388 Quamquam
1575 323 1731 388 igitur
1782 340 2054 388 cognomen

233 391 576 457 Chrysostomi
605 392 702 440 iam
738 392 994 454 vulgatum
1031 400 1136 440 erat
1152 429 1165 454 ‚
1202 401 1366 442 tamen
1393 403 1495 443 no'n
1521 395 1587 442 ita
1615 395 1958 460 praevalebat,
1995 403 2056 444 ut

230 480 412 512 nomen
431 462 627 511 Ioannis
649 479 850 527 prorsus
873 461 1208 523 omitteretur3
1243 481 1414 514 verum
1433 483 1551 513 mox
1575 465 1787 525 nomine,
1825 482 1942 513 mox
1963 483 2054 513 co—
2095 468 2101 474 ”

228 534 462 598 gnomine
484 534 770 584 vocabatur.
794 548 798 551 ’
840 531 962 579 Inde
984 533 1220 596 coniicio,
1261 536 1485 599 Gregorii
1512 543 1696 597 aetate,
1740 535 1824 598 qui
1856 543 2054 600 septua-

229 604 368 667 ginta
409 604 490 653 vel
528 604 777 666 octoginta
816 619 970 651 annos
1007 611 1119 651 ante
1147 604 1378 652 Photium
1408 606 1635 670 scripsit,
1675 602 1908 653 Ioannem
1943 606 2054 671 ple-

228 691 439 737 lumque
479 673 640 721 adhuc
673 672 871 720 nomine
900 691 987 721 suo
1009 691 1188 723 vocare
1212 675 1266 722 in
1290 693 1427 724 inore
1453 677 1623 738 fuisse,
1664 676 1755 722 etsi
1782 692 2054 739 cognomen

229 744 569 809 Chrysostomi
590 760 692 790 non
714 743 937 804 ignotum
959 752 1077 825 erat,
1105 762 1200 808 quo
1223 746 1471 811 principio
1494 753 1702 810 propter
1725 746 2054 826 eloquentiam

227 822 449 875 ornatus,
481 814 594 862 dein
617 810 676 860 ab
692 780 802 862 aliis
818 815 1060 879 episcopis
1078 816 1571 882 Constantinopoleos
1597 816 1813 864 eiusdem
1835 817 2051 864 nominis

222 885 496 933 distinctus
530 892 618 934 est.
692 885 929 948 Georgius
958 886 1136 949 igitur,
1176 887 1383 951 opinor,
1420 888 1652 935 Ioannem
1678 887 2052 949 cognominibus

226 956 389 1003 sancti
423 962 471 1002 et
506 954 671 1018 magni
704 921 852 1003 intere
872 956 1099 1004 doctores
1135 956 1440 1005 Christianos
1479 958 1597 1005 satis
1635 923 1918 1005 distinxisse
1959 957 2053 1004 sibi

227 1026 363 1074 visus
398 1033 527 1073 erat:
570 1025 727 1073 lector
765 1042 882 1074 vero
911 1034 997 1074 aut
1024 1027 1260 1075 librarius
1288 1028 1537 1077 recentior
1571 1044 1754 1075 nomen
1776 1028 1871 1076 sibi
1898 1028 2052 1092 magis

226 1096 468 1144 familiare
493 1094 833 1158 Chrysostomi
858 1097 1120 1162 adscripsit
1144 1093 1210 1163 ⁵).

367 1166 491 1214 Dein
511 1167 659 1215 verba
686 1166 769 1216 καὶ
791 1164 885 1231 τήν
912 1165 1058 1217 Εὔαν
1087 1174 1172 1214 aut
1200 1168 1259 1215 ab
1285 1167 1397 1233 ipso
1423 1175 1625 1216 auctore
1646 1184 1855 1234 prorsus
1890 1167 2052 1215 alieno

227 1237 340 1284 loco
364 1236 527 1301 posita
550 1243 680 1297 sunt,
719 1244 804 1283 aut
823 1237 992 1301 potius
1017 1255 1044 1285 a
1069 1237 1305 1285 nasutulo
1325 1241 1517 1286 intrusa
1541 1255 1645 1286 esse
1662 1238 1928 1300 videntur,
1966 1238 2054 1302 qui

226 1307 477 1355 Adamum
495 1322 599 1353 non
626 1306 730 1353 sine
756 1307 888 1366 Eva,
924 1315 1125 1356 auctore
1154 1308 1359 1371 culpae,
1397 1325 1423 1355 e
1446 1309 1676 1372 paradiso
1702 1309 1885 1372 expelli
1910 1326 2055 1372 posse

228 1377 324 1426 sibi
347 1377 571 1428 finxerit.
644 1377 710 1424 Et
731 1377 785 1423 in
806 1377 938 1439 loco,
977 1394 1124 1441 quem
1142 1377 1381 1439 Georgius
1406 1377 1628 1442 respicit,
1663 1378 1719 1425 in
1741 1378 1958 1426 Homilia
1984 1379 2053 1433 59

226 1448 292 1495 ad
313 1446 548 1495 Matthaei
586 1465 691 1512 cap.
726 1449 807 1499 18.
835 1463 961 1497 vem.
999 1452 1048 1500 7.
1087 1447 1229 1495 nulla
1257 1447 1390 1498 Evae
1406 1445 1600 1498 >mentio
1637 1455 1726 1497 est.
1796 1485 1828 1511 „
1843 1448 2052 1511 Etenim,

225 1518 401 1567 scribit
424 1518 656 1579 Ioannes,
695 1517 739 1564 si
774 1517 970 1582 primus
992 1517 1143 1565 homo
1176 1518 1328 1566 breve
1354 1526 1552 1567 tantum
1579 1527 1801 1584 tempus,
1839 1520 2051 1568 fortasse

223 1606 288 1638 ne
313 1596 473 1636 totum
502 1588 700 1652 quidem
725 1587 855 1635 diem
886 1586 1074 1636 deliciis
1094 1588 1309 1653 paradisi
1335 1589 1534 1651 fruens,
1574 1589 1635 1636 ad
1666 1597 1852 1637 tantam
1878 1590 2052 1654 pravi-

222 1667 376 1708 tatem
399 1675 687 1724 progressus
713 1666 810 1720 est,
847 1665 903 1706 ut
931 1675 982 1705 se
1007 1659 1108 1706 Deo
1136 1659 1342 1706 similem
1367 1677 1468 1708 esse
1491 1660 1722 1723 fingeret:
1762 1660 1885 1740 quid
1905 1677 2053 1725 pere-

222 1731 388 1795 gisset,
415 1729 457 1776 si
478 1737 636 1777 totam
654 1695 810 1777 vitani
831 1729 1118 1777 continuam
1135 1746 1478 1779 aerumnarum
1502 1738 1755 1795 expertem
1774 1731 2001 1779 vixisset.
1991 1729 2050 1767 γ’

365 1800 502 1859 Quid
535 1800 746 1863 denique
773 1800 922 1848 verba
946 1801 985 1868 ῷ
1023 1799 1124 1850 καὶ
1156 1799 1334 1866 ἡμεῖς
1354 1796 1724 1866 πειθόμεθα
1750 1801 1844 1848 sibi
1876 1802 2050 1864 velint,

221 1888 329 1920 non
366 1870 531 1919 video.
584 1870 652 1933 Si,
678 1870 810 1934 quod
832 1877 1095 1918 contextus
1119 1872 1387 1920 verborum
1413 1872 1687 1920 necessario
1713 1873 1961 1937 postulat,
1988 1839 2053 1920 ad

218 1941 459 1989 Ioannem
483 1942 656 2003 referS,
695 1940 1046 1988 contradicunt
1069 1941 1236 1989 statim
1266 1943 1536 2006 sequentia,
1573 1959 1678 1990 non
1697 1943 1825 1990 enim
1846 1938 2052 2011 Ἰωάννῃ

215 2013 477 2074 πείθεται,
515 2011 601 2060 sed
632 2019 938 2074 commonet,
975 2028 1038 2059 ne
1067 2030 1093 2059 a
1117 2012 1287 2062 divino
1316 2013 1504 2077 Spiritu
1534 2012 1734 2060 silentio
1756 2014 1918 2062 velata
1938 2031 2051 2079 per-

216 2090 519 2132 scrutemur.
592 2082 643 2129 Si
666 2098 785 2130 vero
809 2082 871 2129 ad
893 2082 1214 2146 Evangelium
1236 2083 1474 2131 Matthaei
1496 2083 1649 2133 verba
1672 2084 1858 2132 referre
1880 2085 2049 2147 velles,

158 2161 161 2163 ’
216 2154 491 2203 ridiculose
518 2153 747 2218 apposita
767 2159 942 2202 essent.
1016 2153 1182 2201 Timeo
1198 2191 1212 2216 ‚
1249 2171 1312 2201 ne
1337 2153 1519 2202 nimius
1546 2154 1600 2201 in
1630 2154 1793 2203 verbis
1818 2171 2052 2204 resecan—

219 2224 299 2272 dis
341 2223 538 2273 videar:
586 2231 803 2271 attamen
840 2240 927 2286 ego
962 2224 1163 2287 quidem
1200 2224 1348 2272 aliam
1376 2225 1620 2274 medelam
1648 2225 1750 2273 loci
1775 2242 1880 2273 non
1902 2225 2050 2275 video

217 2302 271 2343 ct
294 2294 475 2343 leniori
497 2295 691 2342 medico
720 2294 927 2358 gratiam
952 2293 1158 2346 habebo.

352 2366 464 2428 Pag.
487 2365 535 2417 5.
580 2364 632 2412 A.
669 2366 747 2428 leg
723 2382 802 2413 oro:
839 2364 924 2414 καὶ
960 2362 1090 2431 (scil.
1130 2364 1160 2416 ὁ
1179 2369 1279 2416 τῶν
1303 2363 1505 2432 ἦμερων
1541 2358 1782 2431 ἆριθμος)
1809 2367 1901 2430 τῆς
1929 2363 2051 2431 μετοῖ

218 2455 247 2486 τ
262 2438 410 2487 οὒτο
425 2454 454 2485 ν
490 2430 684 2486 εἰσόδου
706 2439 797 2500 τῆς
820 2431 966 2495 Εὔας
1001 2434 1054 2485 ἐν
1077 2439 1148 2505 τῷ
1176 2437 1487 2505 παραδείσῳ.·
1524 2435 1579 2482 111
1602 2452 1759 2500 parva
1783 2435 1961 2483 Genesi
1992 2436 2051 2485 fi-

219 2506 361 2554 nitur
401 2505 533 2567 dies,
572 2521 669 2569 quo
700 2512 818 2570 post
849 2522 962 2553 eum
988 2487 1272 2573 (Adamum)
1299 2507 1402 2555 Eva
1436 2506 1490 2553 in
1517 2505 1847 2553 Paradisum'
1832 2523 2051 2570 ingressa

222 2576 303 2624 sit.
373 2575 527 2638 Magis
550 2577 759 2623 forsitan
791 2576 853 2624 ad
878 2576 1238 2625 Hellenismum
1272 2578 1532 2642 antiquum
1563 2577 1643 2623 for
1647 2583 1695 2622 et
1729 2576 1835 2639 μετ’
1875 2571 2048 2638 αὕτὸν,

216 2646 318 2694 nisi
344 2646 542 2693 litterae
563 2645 712 2692 nimis
737 2647 1039 2694 recedeient.
1077 2676 1148 2684 ——
1184 2648 1345 2696 Veiba
1381 2653 1546 2693 autem
1570 2664 1643 2694 τα
1681 2663 1744 2694 τε
1783 2649 1861 2710 τῆ
1872 2667 1898 2707 ς
1930 2666 2045 2697 πα-

217 2711 559 2784 ραβασεως
608 2715 718 2766 καὶ
771 2714 927 2780 μετα
968 2735 1086 2781 την
1134 2713 1511 2783 παράβασιν
1554 2715 1741 2763 inserta
1785 2733 1889 2764 esse
1924 2716 2047 2765 mihi

214 2786 453 2835 videntur
462 2803 475 2847 3
503 2803 619 2832 nam
643 2785 697 2832 in
714 2786 1035 2850 sequentibus
1060 2803 1084 2833 e
1102 2787 1207 2835 vita
1228 2787 1404 2834 Adami
1429 2785 1556 2832 nihil
1578 2786 1637 2833 de
1662 2787 2047 2850 transgressione

215 2864 402 2918 narrat,
440 2856 631 2905 scribae
654 2863 819 2903 autem
836 2855 958 2903 haec
977 2857 1263 2919 gravissima
1287 2874 1400 2921 pars
1415 2873 1579 2903 rerum
1602 2863 1849 2919 gestarum
1869 2858 2046 2907 Adami

214 2944 323 2976 esse
347 2928 453 2976 visa
475 2934 550 2974 est
566 2964 580 2989 ,
617 2934 675 2974 ut
696 2927 751 2973 in
774 2926 879 2974 vita
902 2926 1078 2974 Adami
1106 2927 1372 2975 desiderari
1398 2943 1503 2974 non
1524 2934 1706 2991 posset.

352 2998 465 3060 Pag.
493 2997 543 3050 5.
578 2997 635 3045 Β.
680 3000 756 3067 Τῇ
777 2991 948 3065 πρώτῃ
972 2995 1133 3066 ἡμέρα
1151 3002 1241 3062 τῆς
1270 2995 1572 3063 δευτέρας
1609 2993 1899 3064 ἑβδομάδος.
1961 2999 2045 3046 Si—

218 3085 372 3134 gnum
396 3067 592 3116 numeri
615 3067 822 3117 secundi
843 3068 882 3116 B
908 3069 1144 3117 omissum
1167 3076 1271 3116 erat
1296 3068 1351 3115 in
1379 3067 1562 3116 codice.

271 3219 325 3277 5)
353 3220 613 3263 Manendum
636 3222 734 3271 est,
761 3233 815 3262 ne
833 3219 969 3262 lector
995 3219 1050 3262 de
1081 3219 1248 3262 nomine
1279 3217 1572 3276 chrysostomi
1599 3217 1865 3317 ν6ῗῐίιοῐὲῗδιι6
1898 3219 2043 3263 latinis

326 3278 593 3379 ἓιῗῗὶὲἒᾶἕὲξ.
613 3276 820 3377 1012113235
821 3276 1072 3379 ¹3:32⁰&
1084 3308 1098 3388 ζ
1127 3292 1213 3380 ἳξῖ
1198 3276 2044 3402 {Zffssoggssfflossfff'wfiff52⁰5}ssssssss

325 3394 528 3450 χρυσοῦν
558 3407 600 3449 p.
630 3393 698 3436 18.
737 3406 824 3447 pga
827 3393 936 3436 .27.
978 3392 1048 3438 28.
1089 3394 1159 3437 66.
1201 3394 1269 3437 67.
1299 3393 1382 3444 683
1423 3406 1521 3435 raro
1553 3387 1887 3447 Χρυσόστομον
1915 3394 2043 3435 vocat

327 3465 455 3553 paaglgl.r
452 3449 510 3499 39
534 3455 579 3495 et
602 3450 708 3496 123:
738 3449 783 3493 in
802 3448 999 3494 versione
1026 3454 1167 3494 autem
1190 3449 1324 3494 latina
1344 3463 1510 3507 semper
1539 3448 1868 3505 chrysostomus
1893 3449 2041 3508 appel-
