2222 3938
311 194 438 254 500
937 203 1524 261 EMENDATIONES

313 335 581 385 ascribunt.
653 334 846 385 Plinius
874 333 938 382 ad
964 350 1144 382 annum
1172 333 1222 388 4.
1253 334 1456 400 Olymp.
1483 335 1568 390 48.
1607 338 1803 386 Solinus
1844 337 1905 385 ad
1937 338 2136 406 Olymp.

312 408 397 461 49.
420 407 655 456 Eusebius
679 407 742 454 ad
756 407 959 470 Olymp.
975 406 1060 458 48.
1090 422 1272 453 annum
1297 412 1346 459 2.
1390 407 1606 470 Scaliger
1620 409 1682 456 ad
1699 409 1915 456 eiusdem
1937 411 2136 476 Olymp.

311 477 510 526 tertium
538 483 797 526 revocant:
836 476 1006 523 cuncti
1026 484 1139 522 ante
1155 483 1437 540 susceptum
1458 494 1485 523 a
1513 479 1639 543 Cyro
1665 480 1930 544 imperium
1951 486 2032 534 26.
2048 486 2136 534 27.

310 552 396 601 28.
423 549 506 596 vel
532 548 593 595 ad
617 563 865 594 summum
888 551 972 599 29.
998 546 1153 607 annis,
1177 547 1263 611 qui
1289 564 1350 594 ex
1384 548 1608 612 Astyagis
1637 558 1686 597 et
1713 550 1924 598 Arienae
1955 553 2135 599 coniu-

310 620 391 682 gio
431 625 535 665 tum
575 617 799 678 firmato,
841 617 922 665 vel
961 617 1002 663 si
1036 617 1159 663 velis
1202 618 1353 680 inito,
1404 619 1744 684 suscipiendae
1779 620 2039 683 Mandani,
2087 630 2137 670 et

313 690 441 752 Cyro
476 705 538 734 ex
575 688 818 735 Mandane
849 695 965 734 nato
997 687 1059 734 ad
1084 687 1279 735 virilem
1306 695 1542 748 aetatem,
1579 707 1673 754 qua
1701 691 1965 739 debellavit
1989 709 2136 741 avum

308 760 602 821 Astyagem,
640 757 965 822 provehendo
1015 758 1302 805 nullatenus
1342 759 1569 807 sufficere
1611 761 1914 809 iudicantur.
1994 763 2132 810 Peta-

306 829 419 877 vius
450 828 538 878 lib.
570 833 650 882 10.
671 829 731 876 de
756 829 895 876 Doct.
918 830 1090 891 Temp.
1124 845 1231 893 cap.
1264 833 1310 880 1.
1339 829 1393 875 in
1426 829 1738 895 Olympiadis
1759 833 1842 885 45.
1869 844 2056 880 annum
2079 832 2132 886 4.

308 899 534 963 eclipsim
562 899 701 946 illam
722 898 914 959 reiicit,
952 906 1001 945 et
1029 899 1252 962 Cyaxare
1277 908 1536 963 regnante,
1574 917 1636 948 ex
1675 902 1917 950 Herodoti
1951 911 2000 951 et
2023 904 2135 951 Eu·-

308 969 440 1016 demi
474 969 617 1016 dictis
644 977 694 1016 et
718 968 1179 1017 Astronomicarum
1212 970 1497 1018 tabularum
1537 971 1958 1021 observationibus
1996 974 2133 1021 acci-⁴

144 1046 196 1090 P.
222 1045 278 1090 65
310 1040 440 1087 disse
472 1039 756 1088 contendit:
797 1041 936 1087 cuius
976 1040 1159 1087 calculi
1201 1057 1257 1088 ea
1290 1041 1350 1088 de
1381 1058 1524 1089 causa
1563 1043 1840 1106 probantur
1880 1044 2131 1106 certiores,

307 1111 440 1175 quod
470 1128 497 1158 a
525 1112 686 1176 primo
713 1110 936 1158 defectus
958 1110 1093 1157 illius
1117 1110 1303 1172 limite,
1348 1111 1419 1157 >ad
1449 1112 1566 1176 Cyri
1590 1121 1784 1178 tempus
1814 1115 1899 1168 40.
1934 1115 2133 1162 circiter

305 1199 488 1239 annm,
525 1189 634 1229 tum
657 1181 891 1228 Mandani
917 1180 1147 1243 coniugio
1178 1182 1529 1244 maturandae,
1563 1190 1674 1230 tum
1698 1185 1825 1248 Cyro
1852 1185 1915 1232 ad
1937 1185 2132 1234 virilem

305 1259 515 1301 aetatem
537 1252 853 1312 deducendo,
891 1258 1174 1301 numerent.
1248 1251 1684 1317 Quantaecumque
1706 1271 1826 1303 vero
1859 1255 1982 1319 aliae
2007 1273 2133 1303 con—

302 1322 508 1386 tigerint
528 1322 733 1387 eclipses
757 1322 890 1369 circa
913 1322 965 1369 id
991 1329 1213 1386 tempus,
1255 1322 1318 1369 ad
1344 1340 1448 1371 eam
1473 1340 1600 1387 quae
1625 1324 1833 1373 Eusebio
1861 1325 1925 1373 ad
1945 1343 2133 1374 annum

302 1392 549 1442 Abraham
578 1393 729 1446 1430.
757 1393 836 1442 vel
858 1391 943 1439 hic
971 1391 1189 1441 Authori
1211 1402 1563 1457 memorantur,
1602 1411 1849 1460 nusquam
1875 1404 2130 1463 spectant:

302 1481 400 1512 una
426 1472 499 1511 est
522 1463 682 1526 enim,
722 1480 875 1527 eaque
904 1459 1138 1528 σύμπασα
1162 1481 1188 1510 a
1218 1464 1423 1512 Thalete
1444 1465 1715 1528 praedicta.

439 1529 714 1600 Ἀστυάγης
757 1531 967 1593 Λυδούς
1007 1534 1341 1598 κατεπολέμει
1353 1534 1378 1599 ]
1442 1536 1651 1584 Vivente
1699 1536 1938 1586 nimirum
1987 1545 2131 1603 patre

302 1606 554 1670 Cyaxare,
604 1605 745 1653 cuius
797 1603 1030 1669 auspiciis
1076 1605 1343 1666 militabat3
1394 1614 1590 1672 sumpta
1631 1624 1750 1656 vero
1786 1607 1838 1656 iu
1868 1608 2130 1672 coniugem

275 1676 480 1725 ·Ariena
496 1713 508 1739 ,
545 1675 715 1723 Medos
748 1674 879 1722 inter
900 1683 949 1722 et
972 1675 1136 1739 Lydos
1162 1676 1338 1724 foedus
1364 1675 1546 1725 initum
1575 1686 1677 1741 est,
1718 1679 1855 1744 quod
1881 1687 1937 1727 eo
1970 1696 2129 1744 usque

296 1763 492 1795 sacrum
520 1746 701 1793 mansit
731 1753 779 1793 et
811 1746 1131 1808 inviolatum,
1170 1747 1329 1794 donec
1359 1748 1662 1796 vindicando
1683 1749 1888 1814 Astyagi
1913 1767 1941 1796 a
1967 1750 2128 1798 Persis

294 1818 428 1880 regia
453 1817 568 1864 sede
602 1816 835 1881 depulso,
871 1815 1005 1863 filius
1048 1816 1257 1880 Alyattis
1290 1820 1502 1866 Croesus
1537 1819 1592 1867 in
1626 1821 1813 1885 Cyrum
1850 1838 1985 1869 arma
2011 1838 2128 1869 mo·-

296 1887 427 1937 visse
451 1895 699 1937 narratur.
1397 1912 1400 1914 >

435 1953 659 2023 Ἀβάρεις
682 1949 890 2029 ἦλθον]
924 1956 1203 2005 Verborum
1230 1958 1438 2007 istorum
1465 1960 1714 2007 laudanda
1739 1960 1975 2025 Scaligeri
2007 1979 2125 2010 cor-

293 2028 478 2078 rectio:
497 2025 710 2093 ’Ἀβαρις
733 2021 923 2092 ἦλθενε
960 2028 1021 2075 de
1047 2028 1198 2076 Aba1i
1224 2046 1434 2093 namque
1458 2029 1659 2079 homine
1682 2030 1910 2096 privato,
1938 2032 1997 2079 de
2022 2049 2121 2098 quo

293 2099 472 2147 Suidas
496 2099 555 2147 V.
571 2095 811 2164 ’Ἀβαρις,
848 2114 953 2144 non
979 2098 1039 2145 de
1066 2099 1310 2147 Avaribus
1345 2101 1578 2164 Scythico
1602 2102 1791 2166 populo
1816 2110 1889 2150 est
1909 2102 2124 2152 Authori

292 2186 471 2217 sermo.
545 2168 621 2216 Ob
660 2168 935 2215 dictionum
956 2165 1171 2234 ’Ἀβαρις
1206 2178 1255 2217 et
1285 2165 1528 2250 Ἀβάρεις
1555 2172 1846 2220 affinitatem
1887 2174 2123 2238 quodque

292 2257 382 2288 suo
411 2247 637 2304 tempore
663 2238 878 2287 Avarum
907 2256 1025 2302 gens
1051 2241 1367 2287 Romanum
1354 2241 1616 2305 imperium
1647 2242 1795 2290 armis
1813 2243 2119 2310 incursaret,

290 2312 351 2360 ab
378 2327 474 2358 una
502 2308 704 2357 transiit
727 2309 782 2356 in
811 2309 958 2356 aliam
995 2310 1274 2373 Librarius,
1318 2318 1365 2358 et
1387 2319 1445 2358 ut
1470 2312 1834 2362 hallucinatum
1864 2331 1914 2362 se
1938 2316 2121 2364 fatere-

288 2389 372 2430 tur
395 2389 444 2428 et
469 2381 705 2466 proderet
731 2380 925 2443 aptius,
960 2381 1280 2444 marginalem
1311 2383 1543 2446 apposuit
1578 2383 1999 2433 observationem:
2035 2401 2120 2451 ση-

289 2452 505 2518 μείωσον
545 2450 659 2517 περὶ
692 2445 931 2517 Ἀβάρων.
1014 2451 1252 2499 Eusebius
1288 2453 1495 2500 Latinus
1538 2454 1602 2501 ad
1650 2455 1995 2519 Olympiadem
2032 2458 2117 2510 54.

288 2522 487 2571 Abaris
513 2520 572 2568 de
591 2521 799 2584 Scythia
826 2523 960 2568 aenit
986 2538 1043 2568 zn
1080 2523 1378 2570 Graeciam:
1417 2523 1482 2570 de
1502 2523 1719 2572 Avarum
1741 2533 1883 2588 gente
1901 2526 2002 2576 late
2027 2528 2120 2575 Ce-

290 2592 501 2653 drenus,
541 2599 589 2639 et
617 2609 708 2639 nos
732 2591 787 2639 in
818 2592 1239 2640 observationibus
1265 2593 1328 2640 ad
1354 2610 1462 2641 eum
1488 2594 1649 2643 editis.

432 2658 744 2729 Πυθαγόρας
769 2684 793 2713 ο
781 2658 1046 2746 Σαμιος.]
1075 2664 1113 2710 Γ
1117 2671 1257 2711 extus
1284 2665 1605 2728 corruptione
1620 2664 1829 2713 vitiatus
1854 2665 1954 2713 hoc
1967 2674 2115 2731 pacto

289 2733 654 2783 emaculandus.
708 2729 1023 2820 Πυθαγόρας
1066 2732 1093 2784 ὅ
1127 2729 1321 2799 Σαμιος
1359 2730 1573 2816 ὅλύμπια
1621 2731 1866 2798 οἷθλήσειν
1905 2735 2113 2801 μέλλων,

286 2799 391 2853 ὖπο
417 2803 612 2853 παίδων
644 2803 825 2868 ἐκρίθη
849 2801 976 2869 πρός
996 2823 1198 2869 πυγμην
1223 2800 1432 2864 ἅπαλός·
1455 2802 1663 2890 προβας
1697 2803 1751 2854 δὲ
1773 2824 1892 2864 τους
1928 2803 2115 2892 ανδρας

286 2873 439 2924 ἐνίκα.
502 2873 660 2920 Aliter
680 2873 953 2938 interpolat
978 2875 1208 2938 Scaliger.
1248 2871 1609 2962 Πυθαγόρας
1583 2896 1608 2926 o
1630 2870 1823 2940 Σαμιος
1846 2870 2113 2943 ὄλυμπιοὶσι

284 2942 516 3010 ἐξεκρίθη
542 2944 765 3006 παίδων,
804 2964 872 3003 ως
900 2939 1117 3008 anal-dg,
1154 2941 1378 3011 προσβὰς
1399 2963 1517 3004 τους
1547 2942 1733 3011 ανὸρας
1766 2945 1919 2996 ἐνίκα.
1972 2948 2112 2996 Ado-

284 3013 474 3061 lescens
510 3013 607 3060 fuit
633 3013 754 3060 adeo
784 3013 878 3062 vili
910 3023 1142 3095 aspectu,
1181 3023 1240 3063 ut
1270 3015 1462 3063 viribus
1496 3015 1810 3078 quantumvis
1837 3025 2108 3081 praestans,

286 3083 351 3132 ad
385 3083 578 3148 puerile
609 3091 856 3131 certamen
890 3102 917 3131 a
953 3085 1152 3150 pueris,
1189 3101 1278 3132 ceu
1313 3085 1566 3147 infirmus,
1603 3101 1706 3133 non
1737 3085 2006 3151 admissus,
2045 3089 2109 3138 ad

283 3153 419 3205 viros
452 3169 767 3219 progressus»,
807 3161 856 3201 et
878 3172 991 3202 cum
1017 3155 1083 3203 eis
1110 3171 1400 3225 congressus
1427 3154 1592 3205 victor
1616 3156 1860 3206 evaderet.

421 3219 696 3290 ’Λρραχίων
724 3221 999 3289 Φιγαλεύς]
1037 3211 1306 3272 Historiam
1330 3224 1563 3272 nonnihil
1589 3227 1848 3276 obscuram
1871 3227 2029 3276 fusius
2058 3236 2109 3277 et

283 3295 553 3343 dilucidius
580 3295 733 3342 refert
753 3294 1058 3342 Pausanias
1043 3312 1098 3341 m
1123 3294 1589 3343 Arcadicis.sul1t
1613 3297 1891 3346 Arrachion
1915 3299 2107 3363 palmas

283 3366 406 3414 duas
433 3382 458 3413 e
483 3364 820 3430 superioribus
844 3364 1244 3429 olympiadibus,
1283 3373 1331 3414 et
1362 3373 1589 3430 quartam
1611 3384 1763 3433 supra
1794 3368 2104 3433 quinquage-

283 3435 481 3496 simam,
518 3443 627 3483 tum
661 3435 791 3482 iusta
822 3451 990 3483 eorum
1025 3435 1109 3499 qui
1139 3435 1275 3483 ludis
1316 3436 1663 3501 praesidebant
1696 3438 1961 3501 sententia,
1997 3447 2105 3486 tum

282 3505 474 3555 virtute
513 3522 601 3554 sua
635 3505 821 3574 oppido
832 3542 848 3570 ,
885 3522 1035 3570 quam
1075 3505 1320 3571 insignem
1357 3506 1555 3560 merui-t.
1625 3509 1750 3557 Cum
1785 3509 1915 3558 enim
1954 3509 2103 3559 victis
