2222 3938
348 180 473 241 348
947 189 1524 248 EMENDATIONES

347 329 618 387 corruptus
648 320 934 371 restituitur
961 338 1023 369 ex
1053 321 1273 372 Cedreno
1304 324 1502 388 Georgii
1527 324 1861 390 exscriptore.
1889 322 1917 378 ὅ
1942 322 2064 392 Σηθ
2087 324 2171 394 ἆρ-

344 392 519 459 παγεὶς
554 389 653 443 ’ὑπὸ
699 389 904 458 οἷγγέλου
924 387 1146 478 ἐμνήθη
1181 390 1243 442 τοὶ
1278 394 1393 462 περὶ
1434 398 1524 461 τῆς
1563 391 1892 486 παραβάσεως
1935 396 2173 462 μέλλοντα

346 462 551 514 ε’σεσθαι
584 482 685 512 των
715 464 845 512 υἱῶν
873 482 1027 513 αυτου
1047 501 1059 525 ,
1097 461 1212 528 η’τοι
1243 483 1346 514 των
1376 459 1686 533 Ἐγρηγόρων
1718 467 1773 517 οἵ
1792 485 1922 526 τινες
1946 466 2032 518 καὶ
2065 467 2173 518 υἷοὶ

347 536 482 584 Θεοῦ
502 532 750 599 ἐλέγοντο,
771 532 873 621 exal
899 530 961 583 τοὶ
985 533 1098 599 περὶ
1134 537 1226 583 τοῦ
1252 539 1627 601 κατακλυσμου,
1665 536 1749 588 καὶ
1775 541 1875 620 τῆς
1894 539 2172 603 παρουσίας

342 608 437 654 τοῦ
464 607 714 687 Σωτῆρος.
750 602 914 673 «ἡμέρα
942 602 996 653 δὲ
1024 607 1086 673 τῇ
1122 609 1490 691 τεσσαρακοστῇ
1518 604 1742 671 ἄφαντος
1762 601 2048 695 γενόμενρς,
2088 607 2171 658 ἐλ-

342 671 458 724 θων
483 671 749 746 διηγήσατο
773 679 878 734 τοῖς
902 671 1341 739 πρωτοπλαστοις,
1369 673 1463 727 όσα
1497 674 1697 761 ἐμυήθη
1721 675 1803 728 δια
1828 681 1919 728 τοῦ
1946 672 2169 764 αγγὲλου.

343 740 542 808 εὕειδης
574 743 628 794 δὲ
660 746 729 810 ἠν
766 744 853 795 καὶ
882 740 1238 806 εὖδιαπλαστος
1263 743 1484 815 σφόδρα,
1523 743 1673 808 αὐτός
1695 767 1773 808 τε,
1809 747 1895 799 καὶ
1920 748 1973 798 οἱ
1991 748 2042 809 ἐξ
2083 743 2170 798 αὕ-

339 818 432 864 τοῦ
453 811 758 881 γεννώμενοι
776 811 1079 901 Ἐγρῄγορες,
1103 816 1186 868 καὶ
1211 817 1316 870 υἱοὶ
1331 821 1462 870 Θεοῦ
1479 815 1563 870 δια
1583 816 1676 885 τὴν
1695 814 1891 884 λαμψιν
1909 822 2002 869 τοῦ
2019 832 2170 885 προσ-

341 880 486 935 ώπου
514 890 609 935 τοῦ
639 883 762 952 Σήθ
790 884 1061 953 λεγόμενοι

475 950 820 1023 Ἐγρηγόρων.]
871 957 1061 1006 Posteri
1115 947 1233 1006 Seth
1276 957 1489 1021 Anoelos
1529 961 1749 1010 moribus
1793 958 2170 1026 pulchritudine

337 1025 577 1089 religione
622 1028 811 1077 virtute
858 1030 1150 1092 referentes,
1210 1037 1328 1076 sunt
1368 1025 1687 1098 Ἑγρήγοροι,
1746 1049 1871 1096 quos
1919 1031 2169 1078 Cedrenus

334 1090 629 1175 Ἐγρήγορες
657 1095 1169 1167 30111111.Ἐγρη’γορος
1194 1100 1381 1164 quippe
1415 1103 1633 1165 Angelus
1671 1109 1758 1150 est.
1831 1103 1889 1150 In
1922 1100 2046 1148 haec
2070 1101 2170 1147 Da-

335 1166 480 1215 nielis
508 1171 656 1219 verba
697 1187 803 1234 cap.
832 1169 879 1223 4.
921 1187 968 1218 v·
1009 1175 1089 1222 10.
1128 1169 1214 1219 καὶ
1254 1167 1367 1220 ι’δοῦ
1398 1182 1486 1222 ἿΨ
1520 1171 1606 1222 καὶ
1640 1191 1780 1236 αγιος
1809 1165 1905 1222 απ’
1945 1166 2170 1238 ου’ρανοῦ

336 1237 545 1304 κατέβη;
596 1243 667 1288 Et
703 1258 806 1286 ecce
834 1242 966 1301 Hir,
1008 1249 1055 1286 et
1094 1249 1306 1287 sanctus
1342 1240 1401 1288 de
1431 1244 1565 1289 eaelo
1597 1240 1879 1306 descendit,
1929 1240 2170 1289 Scholion

336 1307 619 1362 1131161.τό
652 1309 706 1361 δὲ
739 1309 871 1374 Ὲίρ,
921 1306 1071 1361 ου’δὲν
1109 1310 1304 1377 ἕτερον,
1353 1308 1390 1377 ἢ
1419 1307 1754 1379 Ὲγρηγορως,
1793 1312 1880 1364 καὶ
1914 1331 2170 1378 αγρυπνος

335 1375 677 1445 ἑρμηνεύεται.
751 1383 858 1428 Hir
877 1383 1075 1446 vigilet
1106 1384 1353 1429 insomnis
1391 1386 1666 1447 reponitur.
1734 1382 1971 1431 Scholion
2003 1381 2166 1431 aliud:
2171 1432 2175 1436 ,

337 1446 450 1501 αντὶ
482 1455 574 1502 τοῦ
603 1451 707 1518 Ἑὶρ
739 1452 793 1503 οἷ
818 1447 1164 1534 ἑβδομήκοντα
1204 1451 1423 1518 αγγελον
1442 1451 1793 1521 ήρμήνευσανε
1841 1454 1894 1505 οἱ
1923 1450 1976 1503 δὲ
1999 1451 2168 1503 λοιποὶ

333 1516 652 1590 Εγρήγορον.
726 1525 834 1570 Hir
860 1526 967 1572 vice
1004 1526 1346 1589 Septuaginta
1372 1524 1629 1612 Angelum
1664 1526 1981 1589 interpretati
2012 1532 2164 1570 sunt:

336 1593 524 1657 rell-'qai
561 1596 907 1659 „Eo-regorum‚
958 1595 1181 1659 vigilem.
1241 1595 1330 1643 Est
1370 1595 1521 1659 igitur
1554 1591 1878 1663 Ἐγρήγορος,
1915 1594 2164 1659 Angelus,

332 1665 775 1728 1igtl,insomnis.
848 1666 1072 1713 Clemens
1099 1666 1466 1714 Alexandrinus
1489 1666 1761 1751 Paedagpgi
1787 1666 1872 1716 lib.
1898 1671 1946 1719 2.
1979 1682 2085 1729 cap.
2113 1670 2163 1718 9.

331 1753 569 1801 μακαριοι
595 1736 646 1785 οἱ
669 1731 988 1818 ἐγρηγορότες
1016 1738 1086 1794 εἷς
1107 1731 1261 1786 αὐτόν
1285 1739 1418 1798 σφᾶς
1443 1757 1629 1796 αυτους
1656 1730 2003 1818 απεικᾶζοντες
2025 1731 2165 1801 αγγέ-

329 1808 462 1867 λοις,
501 1825 592 1865 ους
613 1801 942 1871 Ἐγρηγόρους
972 1810 1239 1870 καλοῦμεν.
1275 1809 1431 1854 Beati
1457 1810 1548 1872 qui
1576 1809 1630 1854 in
1657 1810 1830 1871 ipsum
1858 1808 2162 1871 vigilarunt,

330 1893 383 1922 Se
430 1878 566 1940 ipsos·
607 1877 952 1924 assimilantes
983 1877 1225 1942 AngeliS,
1265 1895 1389 1942 quos
1413 1872 1766 1963 Ἐγρηγόρους,
1801 1877 1898 1924 hoc
1926 1886 1997 1923 est
2029 1879 2164 1942 vigi-

327 1951 400 1997 les
430 1965 686 1997 vocamus.
750 1947 880 1995 Hinc
908 1966 936 1995 a
975 1947 1093 1994 Seth
1133 1946 1243 2014 (qui
1284 1944 1490 2034 εὖσεβης
1521 1948 1605 1999 καὶ
1645 1942 2006 2007 εὖδιαπλαστος
2039 1943 2162 2010 σφό-

329 2018 425 2084 δρα
467 2019 642 2066 scribit
675 2018 895 2078 Author,
948 2019 1196 2066 Cedrenus
1231 2035 1350 2067 vero
1399 2015 1620 2084 εὐειδὴς,
1673 2019 1763 2083 qui
1802 2035 1903 2066 non
1944 2018 2161 2081 Angelus

326 2089 505 2150 modo,
545 2089 633 2136 secl
671 2097 720 2136 et
747 2090 878 2137 Deus
914 2086 998 2139 δια
1031 2109 1126 2153 την
1154 2084 1352 2153 λαμψιν
1391 2093 1483 2140 τοῦ
1513 2084 1807 2155 προσωπου)
1838 2107 1866 2136 a
1895 2087 2044 2150 Seth,
2081 2087 2162 2136 in-

328 2176 502 2223 quam,
551 2177 706 2223 genus
741 2160 1006 2219 ducentes,
1056 2176 1149 2207 ceu
1186 2155 1407 2225 εὐσεβεῖς
1439 2159 1525 2210 καὶ
1562 2158 1741 2241 ωραῖοι
1776 2157 1861 2209 καὶ
1895 2154 2162 2239 αγγελικως

325 2231 580 2295 βιουντες,
618 2230 822 2293 Angeli,
857 2230 950 2277 filii
977 2230 1091 2292 Dei,
1128 2247 1230 2277 uno
1253 2231 1405 2279 verbo
1430 2225 1724 2298 Ἐγρήγοροι
1749 2229 2026 2278 attentione
2047 2246 2160 2294 per-

323 2308 475 2365 petua
507 2301 604 2348 Deo
631 2266 987 2384 deiixi,a1›1id
1016 2299 1245 2365 antiquos
1268 2300 1442 2349 vocari
1469 2307 1777 2350 meruerunt.

193 2383 244 2426 P.
274 2383 304 2428 7
462 2366 790 2437 Ἐνενήκοντα
829 2366 990 2436 ἕνός.]
1040 2372 1120 2421 Ex
1161 2371 1310 2419 dictis
1350 2379 1463 2419 ante
1507 2380 1650 2419 notas
1695 2379 1798 2420 tres
1830 2369 2159 2436 expungenda

325 2441 447 2490 anni
471 2442 654 2490 unitas.
724 2444 851 2506 Lege
875 2443 1057 2490 lineam
1080 2443 1139 2489 ab
1166 2442 1262 2490 hac
1287 2441 1578 2490 secundum.

475 2517 557 2582 Τῷ
576 2509 668 2563 υλ’.
697 2511 829 2579 ε’.τει]
867 2513 1140 2562 Addendus
1163 2514 1263 2562 MS.
1290 2514 1482 2561 calculo
1505 2511 1776 2576 quinarius.
1824 2510 1943 2559 Seth
1970 2511 2158 2576 quippe

326 2600 457 2630 anno
489 2584 665 2631 mundi
689 2588 807 2637 230.
834 2592 997 2645 ortUS,
1035 2593 1154 2650 post
1179 2584 1302 2632 alios
1325 2585 1444 2639 205.
1469 2583 1629 2632 filium
1651 2581 1848 2646 genuit:
1886 2583 2156 2629 Emendata

324 2655 495 2717 itaque
520 2655 671 2702 lectio
698 2655 770 2702 sic
790 2656 1023 2721 proferet.
1062 2659 1133 2724 τῷ
1153 2651 1268 2706 υλε’.
1295 2654 1388 2706 ἔτει
1411 2649 1662 2722 ἐγεννήθη
1687 2655 1759 2721 τῷ
1776 2649 1897 2716 Σήθ
1931 2650 1958 2702 ὁ
1977 2647 2147 2710 Ἐνώς.

326 2726 475 2784 οὗτος
504 2721 768 2793 γενόμενος
795 2726 915 2777 ἐτῶν
957 2720 1052 2792 ρ’).
1078 2725 1309 2816 ἐγέννησε
1344 2722 1428 2777 τὸν
1461 2727 1661 2775 Καίνᾶν
1692 2725 1767 2791 τῷ
1788 2717 2029 2787 xxi-31:61.
2052 2717 2150 2772 οἷπό

324 2788 493 2860 Ἀδαμ.
534 2794 623 2854 ε’ως
648 2794 701 2845 δὲ
726 2792 1006 2862 γεννήσεως
1031 2792 1230 2856 Ἐνώς’
1215 2797 1321 2882 ε’τη
1319 2791 1434 2847 υλε’.

473 2861 622 2915 Τοῦτ’
661 2865 761 2916 ε’στι
791 2862 1258 2934 προσαγορεύεσθαι
1294 2861 1503 2931 ὀνόματι
1527 2862 1692 2926 Θεοῦ]
1732 2861 1967 2910 Scholion
1999 2862 2153 2910 Nobi-

324 2935 395 2985 lii.
431 2929 579 2995 οὗτος
605 2932 813 3001 ἤλπισεν
839 2938 1185 2988 ἐπικαλεῖσθαι
1205 2935 1259 2987 τὸ
1287 2934 1449 3001 όνομα
1481 2935 1660 3016 κυρίου
1685 2936 1778 2983 τοῦ
1807 2935 1952 2983 Θεοῦ.
1989 2931 2149 2985 Theo-

323 3007 527 3055 doretus
559 3022 645 3070 qu-
675 3006 759 3059 47.
792 3005 820 3058 ὁ
845 3005 898 3058 δὲ
925 3003 1135 3066 Ἀκυλας
1160 3003 1292 3057 ου’τω
1315 3010 1461 3056 τοῦτο
1483 2981 1812 3070 ηρμήνευσεν.
1846 2998 1957 3053 τότε
1982 3000 2151 3069 ἥρχθη

321 3074 376 3128 τὸ
399 3076 701 3127 καλεῖσθαι’
680 3095 732 3127 εν
754 3072 955 3143 ὀνόματι
978 3077 1287 3143 κυρίου.Ιά
1312 3093 1429 3123 velo
1457 3075 1637 3139 Aquila
1665 3073 1735 3121 sic
1761 3081 1834 3121 est
1856 3074 2150 3138 interpreta-

190 3156 243 3197 V.
276 3154 302 3199 7
327 3156 436 3196 tus:
473 3148 571 3196 Iste
595 3148 724 3211 cepit
748 3151 924 3195 vocari
950 3150 1006 3194 in
1030 3150 1228 3195 nomine
1250 3148 1496 3194 Domini:
1535 3143 1677 3209 quasi
1702 3143 1940 3193 nimirum
1966 3143 2151 3209 ceperit

324 3219 495 3268 vocari
521 3220 675 3279 Deus,
714 3225 763 3265 et
786 3218 879 3265 filii
906 3219 1037 3280 eius,
1073 3218 1167 3265 filii
1192 3217 1304 3266 Dei.
1353 3216 1489 3282 quod
1517 3215 1702 3263 clarius
1738 3213 1933 3263 Author
1962 3229 2150 3294 προσα-

324 3285 626 3379 γορευεσθαι
658 3282 865 3354 ὀνόματι
894 3291 1060 3341 Θεοῦε
1096 3290 1200 3337 Dei
1234 3290 1430 3337 nomine
1457 3288 1641 3350 cepisse
1664 3286 1915 3350 appellati
1934 3285 2147 3350 scripsit.

457 3357 611 3420 Ἐνως
635 3357 819 3410 ωσανεὶ
855 3354 1167 3425 ἄνθρωπος]
1204 3358 1471 3406 Redundat
1497 3357 1742 3421 particula
1770 3354 1978 3418 ωσανεὶ,
2015 3353 2150 3419 apud

322 3430 598 3480 Cedrenum
639 3430 699 3477 ab
737 3429 832 3477 hac
868 3430 1036 3477 eadem
1076 3430 1320 3477 sententia
1362 3434 1631 3493 expuncta.
1672 3440 1798 3476 1111111
1839 3426 1969 3473 enim
2001 3425 2147 3475 homo

319 3511 425 3564 est,
462 3518 763 3567 quamquam
790 3499 1017 3549 miseriae
1043 3500 1407 3566 calamitatique
1429 3498 1678 3548 subditus:
1717 3499 1779 3547 de
1812 3513 1912 3562 quo
1939 3492 2145 3559 Paginni
