2222 3938
640 187 743 241 ET
777 185 1365 243 ANNOTATIONES.
1797 179 1923 238 399

100 315 341 404 λειότερον
363 311 624 382 ἐπορεύετο
641 312 732 375 τοὶς
753 313 880 382 πρὸς
905 311 1153 378 α’νατολοῖς
1176 312 1342 378 πόλεις
1366 315 1454 368 καὶ
1478 309 1643 384 χώρας
1660 331 1923 385 καταστρε-

100 387 333 474 φόμενος.
380 383 568 470 χρόνον
592 405 645 437 τε
671 386 853 437 ἱκανοῦ
877 382 1170 473 γεγονότος,
1201 383 1408 471 Ἀρμαῖς
1433 385 1466 439 o‘
1492 387 1844 452 καταλειφθεὶς
1869 388 1928 441 ἐν

100 454 341 529 Αἶγύπτω
364 452 531 509 πάντα
554 453 833 522 τοῦμπαλιν
857 453 935 518 οἷς
957 453 1171 522 ἀδελφὸς
1198 454 1416 528 παρήνει
1444 478 1513 524 μη
1538 463 1727 522 ποιεῖν,
1764 453 1929 520 οἷδεως
1980 493 1984 497 —

102 531 348 615 ἔπραττεν.
382 527 467 579 καὶ
492 547 586 596 γαρ
614 524 708 592 τὴν
731 529 964 611 βασιλίδα
985 529 1198 594 βιαίως’
1181 529 1342 594 ε’σχεν,
1378 529 1464 581 καὶ
1485 534 1592 590 ταῖς
1614 525 1785 590 ὂῖλλαις
1806 534 1928 581 παλ-

100 601 267 653 λακίσι
304 594 524 663 αφειδως
564 597 764 648 διετέλει
787 593 1054 684 χοώμενος.
1090 597 1397 666 πειθόμενος
1428 597 1482 651 δὲ
1506 596 1608 651 ὖπὸ
1627 619 1730 651 των
1766 603 1930 665 φίλων

102 666 324 737 διάδημα
354 665 546 754 ἐφόρει,
583 667 669 719 καὶ
696 663 880 753 αντῇρε
913 673 982 739 τῷ
1013 664 1234 740 ἄδελφω.
1281 690 1307 721 o
1333 667 1386 721 δὲ
1409 669 1700 755 τεταγμένος
1722 670 1805 722 ἐπὶ
1830 691 1934 722 των

104 743 254 806 ἱερων
277 743 369 825 τῆς
391 735 678 823 Αἰγύπτου,
718 736 922 824 γράψας
959 741 1156 805 βιβλίον
1186 740 1377 805 έπεμψε
1401 744 1475 811 τῷ
1504 737 1734 793 Σεθαίσει
1754 743 1933 826 δηλων

102 808 238 901 αὐτῷ
265 806 455 871 πάντα,
489 808 574 860 καὶ
601 804 677 860 ότι
702 807 918 879 α’ντῆρεν
942 809 969 862 ὁ
992 806 1204 874 α’δελφὸς
1226 806 1383 861 αὐτοῦ
1403 793 1607 878 Ἀρμαις
1630 832 1933 880 παραχρημα

103 876 198 935 ουν
204 863 524 966 ὖπέστρεψεν
552 880 622 939 εἰς
631 879 928 966 Πηλουσιον
943 917 957 942 ,
994 880 1079 931 καὶ
1102 876 1371 966 ἕκρατησεν
1396 885 1488 947 τῆς
1516 882 1647 942 ἰδίας
1663 885 1933 948 βασιλείας.

99 951 140 1019 ἡ
163 949 216 1004 δὲ
238 947 373 1018 χώρα
394 945 584 1016 ἐκλήθη
611 945 710 1002 απὸ
731 954 823 1002 τοῦ
847 946 1004 1001 αὐτοῦ
1030 946 1278 1037 ὀνόματος
1298 951 1567 1037 Αίγυπτος.
1602 952 1742 1039 λέγει
1768 950 1874 1005 δὲ
1855 950 1934 1005 ότι

101 1023 134 1076 o‘
158 1019 249 1107 μὲν
271 1020 500 1081 Σέθωσις
521 1020 738 1072 ἐκαλεῖτο
764 1022 1036 1103 ᾼίᾛγυπτος
1071 1016 1274 1088 Ἀρμαῖς
1297 1020 1351 1072 δὲ
1376 1021 1406 1072 ό
1428 1017 1643 1087 αδελφός
1664 1043 1819 1075 αυτου
1800 1027 1935 1074 Δα-

98 1088 237 1155 ναός.
311 1092 417 1140 Sub
441 1109 554 1157 rege
576 1108 690 1140 vero
720 1094 806 1139 cui
830 1110 1008 1139 nomen
1033 1110 1082 1139 er
1084 1101 1139 1139 at
1160 1092 1729 1158 Alisplzragmutlzosis‚
1766 1096 1931 1142 victos

101 1163 230 1212 dicit
251 1165 514 1226 Pastores,
555 1161 637 1229 (de
663 1162 843 1227 quibus
863 1180 1013 1229 supra
1033 1179 1142 1228 pag.
1159 1169 1244 1218 61.
1273 1164 1324 1214 C.
1356 1171 1405 1211 et
1426 1161 1506 1229 D.)
1545 1173 1591 1211 et
1619 1164 1783 1211 aliam
1810 1167 1933 1229 qui-

100 1234 214 1282 dem
250 1236 539 1282 universam
565 1232 851 1297 Aegyptum
875 1232 1189 1298 perdidisse:
1226 1234 1452 1281 inclusos
1481 1245 1653 1282 autem
1681 1237 1737 1282 in
1763 1235 1933 1282 locum

99 1306 361 1355 habentem
393 1321 681 1351 mensuram
723 1306 960 1369 iugerum
997 1303 1157 1351 decem
1191 1306 1447 1366 millium,
1485 1308 1573 1352 cui
1609 1306 1720 1352 loco
1753 1323 1935 1353 nomen

101 1385 172 1424 est
196 1375 420 1424 Avaris:
457 1374 653 1422 Filium
675 1391 787 1422 vero
807 1374 1382 1441 Alisplzragmutlzoseos
1406 1375 1752 1423 leummasim
1778 1394 1932 1423 cona-

102 1456 210 1494 tum
241 1463 321 1493 eos
348 1447 406 1492 vi
436 1462 736 1510 expugnare.
814 1445 944 1493 Cum
976 1463 1089 1494 vero
1127 1445 1383 1494 obsidium
1405 1445 1738 1510 desperasset,
1765 1456 1931 1511 pacta

102 1535 217 1565 cum
242 1519 312 1563 eis
327 1518 545 1578 fecisse,
585 1524 641 1562 ut
677 1514 967 1580 Aegyptum
998 1518 1359 1582 relinquentes,
1398 1535 1495 1582 quo
1523 1518 1706 1565 vellent
1734 1519 1931 1565 innoxii

103 1605 271 1636 omnes
304 1587 514 1635 abirent.
583 1587 657 1633 Et
686 1596 970 1651 postquam
1001 1605 1229 1650 egressus
1255 1596 1327 1635 est
1356 1605 1412 1633 ex
1443 1591 1675 1653 Aegypto
1698 1589 1936 1652 populus

101 1662 382 1708 Pastorum
406 1657 828 1720 IIc‘erosolymam‚
853 1658 1088 1722 expulsor
1115 1676 1286 1706 eorum
1308 1675 1392 1705 rex
1421 1658 1732 1705 Thetlzmosis
1753 1676 1938 1723 regna-

100 1732 176 1780 vit
192 1737 315 1794 post
336 1727 461 1775 haec
486 1727 639 1774 annis
663 1729 851 1791 viginti
871 1730 1096 1793 quinque
1124 1737 1169 1774 et
1190 1728 1457 1780 ,mensibus
1482 1738 1735 1794 quatuor,
1773 1739 1819 1775 et
1847 1727 1937 1776 de-

90 1802 315 1865 functus
344 1807 428 1850 est.
501 1798 798 1862 Assumpsit
819 1816 1033 1863 regnum
1049 1799 1209 1863 filius
1239 1798 1465 1847 Clzebron
1497 1801 1651 1846 annis
1673 1797 1939 1852 tredecim.-

93 1880 214 1936 post
239 1887 383 1935 quem
408 1866 719 1932 Amenoplzis
755 1871 944 1934 viginti
976 1879 1023 1916 et
1051 1870 1307 1918 mensibus
1326 1879 1541 1934 septem.-
1575 1869 1737 1918 huius
1764 1879 1936 1918 autem

100 1959 245 1989 soror
278 1940 513 1988 Amesses
558 1940 710 1986 annis
744 1944 830 1993 21.
883 1949 929 1987 et
978 1941 1244 1993 mensibus.
1287 1945 1335 1995 9.
1380 1940 1613 2004 ..Mephres
1652 1949 1822 1988 autem
1850 1945 1935 1995 12.

101 2009 624 2077 Misplzragmutlzosis
656 2011 742 2063 25.
785 2019 831 2057 et
863 2011 1133 2061 mensibus.
1173 2016 1259 2066 10.
1308 2009 1539 2061 Thmosis
1583 2021 1757 2058 autem
1792 2016 1841 2066 9.
1889 2020 1937 2058 et

102 2082 357 2131 mensibus
391 2086 441 2136 8.
483 2079 794 2145 Amenoplzis
834 2091 1003 2128 autem
1037 2085 1123 2136 30.
1168 2092 1215 2129 et
1250 2081 1504 2129 mensibus
1530 2086 1609 2134 10.
1656 2083 1792 2130 Orus
1817 2098 1934 2130 vero

103 2157 189 2207 36.
226 2163 271 2200 et
301 2151 555 2200 mensibus
584 2152 632 2205 5.
694 2153 875 2198 Huius
906 2162 1076 2199 autem
1098 2153 1229 2216 filia
1265 2152 1549 2200 Acenclzres
1581 2155 1733 2199 annis
1768 2157 1848 2205 12.
1886 2161 1936 2199 et

103 2241 265 2271 mense
290 2240 405 2270 uno.
476 2222 658 2268 Huius
673 2223 845 2283 frater
870 2223 1119 2269 Rathosis
1143 2224 1295 2270 annis
1319 2227 1367 2275 9.
1412 2221 1755 2269 Aclzenclzeres
1783 2225 1934 2269 annis

104 2300 189 2348 12.
215 2303 259 2341 et
285 2291 539 2340 mensibus
562 2292 611 2345 5.
649 2290 991 2339 Aclzenclzeres
1014 2293 1143 2339 alter
1164 2298 1245 2346 12.
1265 2302 1310 2338 et
1333 2292 1605 2340 mensibus.
1641 2296 1692 2346 3.
1717 2291 1935 2341 Armais

101 2382 216 2415 vero
243 2364 293 2417 4.
333 2373 378 2409 et
403 2379 565 2409 mense
595 2378 711 2412 unc.
750 2363 986 2408 Ramesis
1007 2372 1173 2409 autem
1192 2380 1292 2409 uno
1318 2371 1364 2408 et
1386 2363 1642 2410 mensibus
1671 2363 1719 2415 4.
1752 2362 1934 2410 Arme-

98 2437 412 2482 sesmiamun
450 2437 533 2486 66.
575 2441 622 2477 et
657 2432 908 2480 mensibus
942 2439 990 2487 2.
1039 2434 1349 2497 Amenoplzis
1387 2436 1468 2486 19.
1511 2443 1557 2480 et
1590 2433 1847 2480 mensibus
1876 2438 1931 2487 6.

105 2505 325 2554 Setlzosis
355 2511 525 2551 autem
549 2512 792 2566 equestres
819 2512 864 2549 et
884 2504 1094 2551 navales
1116 2505 1291 2568 copias
1313 2502 1530 2566 habens,
1548 2505 1779 2566 fratrem
1808 2505 1933 2568 qui-

105 2574 217 2623 dem
252 2575 493 2623 Armaim
519 2582 906 2637 procuratorem
953 2574 1178 2639 Aegypti
1222 2576 1512 2636 constituit,
1562 2583 1609 2621 et
1648 2591 1841 2622 omnem
1886 2576 1934 2621 ei

106 2648 269 2694 aliam
297 2646 515 2711 regalem
538 2643 718 2691 tribuit
732 2654 1030 2708 potestatem
1049 2682 1063 2708 ,
1102 2654 1304 2692 tantum
1334 2643 1623 2694 diademate
1647 2647 1727 2693 uti
1745 2644 1934 2710 prohi-

105 2717 242 2779 buit,
282 2726 329 2764 et
369 2735 429 2764 ne
471 2715 702 2780 reginam
731 2725 940 2763 matrem
973 2716 1246 2763 liberorum
1277 2717 1598 2780 opprimeret,
1645 2717 1933 2780 imperavit,

107 2797 154 2835 et
183 2797 241 2835 ut
264 2788 532 2834 abstineret
559 2787 711 2833 etiam
744 2786 808 2833 ab
846 2787 970 2834 aliis
992 2787 1252 2852 regalibus
1286 2785 1597 2837 concubinis.
1669 2787 1783 2852 Ipse
1816 2803 1934 2836 vero

107 2857 183 2905 ad
213 2858 433 2922 Qyprum
458 2866 504 2904 et
523 2856 817 2905 Phoenicem
830 2892 843 2915 ,
881 2867 928 2904 et
950 2875 1157 2905 rursum
1185 2866 1362 2906 contra
1384 2856 1629 2921 Assyrios
1651 2867 1807 2922 atque
1826 2858 1935 2905 Me-

109 2927 204 2976 dos
237 2938 409 2976 castra
438 2935 680 2991 metatus,
720 2930 979 2977 universos
1017 2927 1247 2994 quidem,
1284 2929 1419 2975 alios
1438 2930 1589 2991 ferro
1606 2965 1620 2990 ,
1658 2929 1792 2976 alios
1826 2930 1937 2975 sine

109 2998 234 3045 bello
257 3008 437 3047 terrore
461 3016 676 3063 magnae
701 3001 911 3048 virtutis
938 3000 1136 3047 sibimet
1168 2999 1484 3064 subiugavit.
1555 3001 1662 3047 ,His
1694 3016 1809 3049 vero
1835 2999 1930 3062 fe-

110 3069 398 3116 licitatibus
419 3071 667 3117 invitatus
691 3070 935 3118 elevatius
958 3070 1230 3134 incedebat,
1273 3071 1551 3119 Orientales
1572 3070 1718 3119 urbes
1741 3087 1803 3116 ac
1815 3085 1935 3133 pro-

110 3141 312 3186 vincias
330 3138 654 3193 subvertendo
666 3158 684 3200 ,·
722 3142 982 3208 multoque
1010 3150 1224 3208 tempore
1239 3139 1537 3206 procedente
1560 3141 1804 3201 Armais,
1841 3141 1935 3202 qui

112 3211 168 3257 in
181 3211 407 3291 Aegypto
419 3212 604 3272 fuerat
627 3211 857 3276 relictus,
891 3215 1063 3261 omnia
1090 3222 1267 3261 contra
1295 3229 1449 3278 quam
1459 3214 1637 3276 frater
1660 3228 1805 3275 agere
1826 3224 1935 3254 mo-

111 3290 323 3343 nuerat,
358 3283 466 3328 sine
502 3283 679 3329 timore
690 3251 945 3345 faciebat.
1021 3286 1158 3333 Nam
1184 3293 1231 3332 et
1266 3287 1495 3349 reginam
1520 3283 1758 3332 violenter
1785 3295 1935 3325 com-

103 3352 322 3415 pressit,
358 3360 403 3397 et
442 3352 566 3398 aliis
608 3353 899 3402 concubinis
932 3356 1040 3402 sine
1070 3357 1328 3420 parcitate
1374 3356 1563 3420 iugiter
1599 3349 1934 3400 miscebatur:

105 3437 483 3487 persuasusque
510 3421 575 3469 ab
607 3426 787 3471 amicis
826 3433 872 3471 et
905 3423 1191 3473 diademate
1222 3425 1483 3486 utebatur,
1521 3432 1566 3470 et
1588 3422 1755 3485 fiatri
1779 3418 1933 3467 rebel-

115 3490 274 3544 labat.
317 3494 592 3542 Sacrorum
617 3503 790 3543 autem
814 3497 1024 3545 antistes
1048 3496 1311 3546 codicillos
1332 3494 1529 3545 Setlzosi
1554 3494 1712 3557 misit,
1748 3499 1933 3541 cuncta
