2222 3938
356 171 482 232 448
982 181 1556 239 EMENDATIONES

351 313 527 362 rzefert
562 311 698 360 hunc
728 308 999 359 secundum
1033 310 1147 374 quia
1176 327 1278 358 non
1311 311 1534 374 agnoscit
1567 310 1840 377 Eusebius,
1875 313 1966 363 sub
1999 315 2169 381 priore

351 384 541 433 cladem
564 383 749 430 illatam
771 380 1195 464 ponit.Autho1
1217 398 1367 445 supra
1393 398 1506 446 pag.
1535 382 1648 434 151.
1674 383 1731 429 B.

490 448 760 518 Ἀσσυρίων
782 445 869 517 ay'.
896 450 1244 530 ε’βασίλευσεν.]
1284 453 1359 499 Ex
1388 451 1591 500 Eusebio
1618 452 1792 499 Latino
1824 453 2018 503 restitui
2045 453 2170 503 Thi-

349 540 556 572 naeum:
590 522 721 586 apud
746 538 855 568 eum
886 521 1068 586 quippe
1093 520 1338 570 Thinaeus
1367 521 1451 570 hic
1475 521 1739 570 Dercillum
1763 525 2024 577 antecedit.

192 598 243 642 P.
266 599 321 643 45
489 588 758 658 Ἀρμαῐος]
798 591 1011 654 Scaliger
1032 609 1140 657 pag.
1167 597 1249 646 26.
1274 600 1320 640 et
1351 598 1435 647 27.
1471 592 1688 640 Armais:
1726 610 1873 657 quam
1899 595 2166 643 lectionem

349 663 545 728 Iosephi
570 662 655 709 lib.
684 668 726 714 1.
760 662 994 709 adversus
1020 664 1263 726 Apionem
1293 679 1354 711 ex
1377 662 1672 712 Manethone
1708 664 1940 714 observat
1973 666 2166 724 Ponta-¹

350 751 463 782 cus:
501 750 586 795 ego
611 732 753 780 editis
776 732 965 779 Eusebii
992 733 1212 785 alienam.

485 798 719 868 Ἀργείων
756 798 834 851 ια’.
867 803 1183 867 ἐβασίλευσεν
1218 797 1496 870 Λυγκεύς.]
1559 802 1743 868 Lyncei
1781 819 1986 866 regnum
2033 819 2164 850 anno

347 874 520 921 mundi
554 876 706 926 4122.
747 872 1077 921 inchoandum
1115 875 1452 922 demonstrant
1481 874 1595 920 anni
1629 872 1778 920 Danai
1810 877 1892 927 58.
1919 891 1947 920 a
1973 871 2166 937 vulgari

345 943 522 991 mundi
547 944 697 997 4064.
722 943 953 991 ducentes
978 944 1172 992 initium
1193 983 1206 1006 ‚
1246 953 1294 992 et
1315 946 1368 991 in
1392 946 1544 997 4122.
1566 944 1856 992 desinentes.

481 1009 714 1080 Ἀργείων
741 1009 823 1078 ιβ’.
846 1014 1160 1079 ἐβασίλευσεν
1172 1012 1359 1080 ’Ἀβας.]
1387 1016 1545 1062 Locus
1573 1031 1632 1061 ex
1654 1014 1862 1062 Eusebio
1889 1011 2064 1060 Latino
2087 1012 2165 1058 in..

343 1085 632 1150 terpolatus.
684 1101 807 1148 quos
848 1085 999 1132 tribui
1034 1088 1117 1137 37.
1157 1086 1272 1132 anni
1318 1102 1378 1132 ex
1417 1086 1596 1148 Lyncei
1634 1092 1793 1132 aetate
1840 1083 2163 1146 colliguntur.

342 1155 464 1202 Post
492 1155 719 1202 ultimum
749 1154 879 1201 enim
917 1157 1018 1202 eius
1045 1172 1228 1202 annum
1261 1155 1315 1202 in
1344 1172 1655 1202 communem
1685 1153 1859 1201 mundi
1898 1154 2050 1206 4157.
2085 1153 2163 1199 in·-

344 1225 589 1272 cidentem
614 1225 675 1271 ad
704 1225 922 1289 primum
946 1225 1109 1272 Praeti
1134 1227 1286 1278 4194.
1311 1233 1558 1289 repertum
1575 1264 1588 1286 ‚
1626 1224 1829 1286 triginta
1864 1230 2049 1287 septem
2079 1223 2164 1270 in-

341 1296 656 1342 teriiciendos
697 1312 920 1344 numero.
994 1296 1139 1342 Hunc
1177 1313 1325 1359 porro
1366 1295 1603 1340 Abantem
1630 1295 1804 1342 Praeto
1838 1294 2164 1358 posteriorem

341 1366 464 1414 facit
491 1366 713 1412 Clemens
738 1365 1104 1414 Alexandrinus
1130 1366 1256 1412 libro
1285 1364 1444 1429 primo
1472 1367 1652 1414 Strom.

486 1435 589 1485 Καὶ
613 1431 840 1499 Πεσεύς]
870 1437 1014 1482 Deest
1038 1435 1088 1481 in
1115 1435 1322 1490 Eusebio
1352 1436 1520 1481 Latino
1547 1442 1595 1480 et
1618 1433 1973 1496 Scaligeriano:
2004 1433 2166 1480 Aban·

340 1505 407 1554 tis
441 1506 572 1554 enim
610 1522 946 1558 successorem
983 1505 1165 1569 absque
1210 1506 1395 1567 collega
1433 1505 1686 1565 Pramum,
1724 1503 1874 1551 huius
1917 1504 2163 1551 Acrisium

340 1576 565 1638 inducit,
604 1593 723 1623 mox
755 1578 958 1622 Atreum
985 1583 1076 1623 etc.
1120 1575 1384 1623 Pausanias
1408 1574 1461 1621 in
1501 1574 1825 1622 Corinthiacis
1860 1576 2088 1622 Praetum
2116 1582 2166 1622 et

346 1647 591 1694 Acrisium
629 1644 749 1712 (non
785 1644 1035 1712 Perseum)
1073 1664 1279 1709 regnum
1307 1646 1531 1693 divisisse
1563 1645 1760 1692 scribit:
1806 1652 1855 1692 et
1888 1645 2030 1692 illum
2057 1644 2163 1709 qui-

341 1717 453 1764 dem
493 1718 734 1764 Heraeum
770 1716 973 1765 Midiam
1001 1725 1048 1765 et
1073 1716 1363 1781 Tirynthem
1397 1716 1695 1780 obtinuisse,
1733 1715 1983 1763 Acrisium
2018 1715 2162 1779 Argis

341 1787 637 1840 consedisse.

481 1853 628 1906 Μετὰ
672 1852 941 1922 Ἀκρίσιον,
995 1852 1064 1917 ὥς
1099 1855 1298 1920 φασιν.]
1360 1855 1585 1903 Alienam
1628 1862 1824 1903 tantum
1869 1854 2163 1904 sententiam

336 1926 611 1975 Authorem
631 1928 839 1990 referre,
878 1944 979 1974 non
1018 1927 1154 1990 sequi
1190 1928 1529 1974 demonstrant
1554 1927 1754 1991 propria
1779 1927 2160 1990 Mycenaeorum

336 2015 510 2061 regum
544 1998 808 2058 latercula,
847 1998 1023 2062 quibus
1060 2003 1177 2062 post
1213 1998 1484 2059 Acrisium,
1523 1997 1697 2044 Perseo
1734 1996 1965 2043 Sthenelo
1992 2005 2040 2044 et
2062 1997 2161 2043 Eu-

336 2067 543 2132 rystheo
583 2071 875 2133 expunctiS‚
912 2068 1150 2132 supponit
1186 2068 1417 2130 Pelopem
1457 2084 1565 2131 pag.
1610 2071 1723 2120 160.
1758 2067 1810 2115 G.
1867 2067 1966 2126 Qui
2003 2084 2157 2132 porro

335 2137 420 2186 hic
443 2137 713 2199 PentheUS‚
754 2155 905 2202 supra
926 2138 1180 2185 Penthilus
1204 2138 1440 2184 scribitur
1462 2154 1566 2201 pag.
1595 2139 1712 2191 125.
1733 2136 1791 2185 A.

479 2209 590 2271 Pag.
631 2211 746 2262 156.
786 2204 919 2267 ’Ἕως
953 2205 1130 2259 τούτου
1173 2205 1364 2275 Ιὸσμγῖ]
1414 2208 1489 2254 Ab
1528 2209 1646 2255 orbe
1680 2207 1916 2254 nimirum
1953 2207 2158 2256 condito

335 2281 489 2332 3692.
519 2296 670 2344 supra
689 2279 855 2344 pagin.
883 2282 992 2332 125.
1018 2280 1076 2328 Β.
1151 2278 1285 2326 Haec
1311 2278 1509 2343 Georgii
1539 2278 1747 2344 propria
1775 2278 1991 2343 Scaliger
2016 2294 2160 2344 prae-

330 2349 579 2396 termittit.

475 2415 563 2479 Οἷς
587 2417 671 2469 καὶ
700 2413 945 2485 Εὐσέβιος
976 2418 1176 2484 ἕπει-σιμ]
1215 2419 1324 2478 Qua
1355 2419 1414 2467 de
1446 2411 1592 2466 causa
1615 2418 1779 2469 verbis
1815 2417 1921 2466 istis
1947 2417 2155 2482 omissis,

338 2488 433 2536 alia
461 2489 792 2537 confidentius
823 2490 1029 2538 Eusebio
1055 2491 1272 2553 Scaliger
1297 2490 1517 2539 ascribit.

474 2554 696 2625 Ἀμφίων
738 2562 923 2625 Θηβῶν
957 2560 1297 2624 ἐβασίλευσεν,
1344 2558 1414 2619 αἷς
1445 2557 1623 2623 ἄλλον]
1665 2558 1903 2607 Eusebius
1929 2558 2154 2606 Troianis

336 2629 483 2676 rebus
512 2629 840 2695 Amphionem
871 2638 918 2678 et
953 2630 1161 2678 Zethum
1195 2634 1314 2684 233.
1350 2632 1491 2678 annis
1519 2630 1821 2693 antiquiores
1856 2629 2051 2690 asserit,
2103 2635 2155 2676 et

338 2699 402 2746 ad
426 2701 608 2763 Lyncei
643 2708 868 2765 tempora
889 2718 1092 2764 regnum
1117 2718 1286 2749 eorum
1311 2708 1528 2751 revocat.
1599 2701 1717 2747 Eius
1748 2699 2039 2746 sententiam
2062 2705 2155 2745 ta-

338 2770 438 2816 cito
470 2771 666 2818 nomine
699 2772 922 2834 sugillari
958 2773 1211 2830 existimo,
1259 2772 1349 2819 vix
1380 2772 1510 2819 enim
1541 2770 1719 2834 probat
1748 2768 1968 2829 Author,
2018 2767 2154 2832 quod.

337 2855 400 2886 ex
429 2839 640 2888 aliorum
663 2858 811 2889 sensu
837 2843 1015 2891 refert:
1055 2842 1123 2902 ὥς
1152 2841 1313 2892 ἄλλοι·
1353 2838 1419 2901 ὥς
1443 2859 1594 2899 τινεςε
1629 2836 1696 2898 ὥς
1721 2854 1888 2901 φασιν.
1927 2840 2151 2887 Clemens

335 2910 698 2958 Alexandrinus
725 2916 769 2963 1.
802 2915 980 2964 Strom.
1005 2913 1067 2960 ad
1094 2915 1212 2960 duas
1236 2919 1438 2972 aetates,
1477 2912 1578 2958 sive
1604 2909 1969 2972 generationes,
2002 2909 2056 2957 id
2079 2915 2152 2957 est

292 3014 294 3017 -
333 2996 488 3028 annos
511 2985 592 3034 66.
620 2989 731 3028 ante
758 2999 834 3030 res
861 2983 1060 3031 Troicas
1082 2991 1276 3047 tempus
1299 2998 1466 3029 eorum
1491 2979 1863 3029 circumscribit.

476 3052 836 3116 Παλαίφατος]
875 3054 998 3112 Quis
1033 3070 1057 3100 e
1093 3062 1308 3116 quatuor
1343 3050 1559 3097 nominis
1592 3050 1735 3097 istius
1761 3051 1848 3111 sit,
1887 3065 2031 3113 quem
2063 3047 2149 3095 hic

336 3120 575 3184 Georgius
600 3121 795 3181 laudat
832 3123 1181 3188 PalaephatuS,
1219 3121 1430 3178 iudicet,
1467 3120 1551 3183 qui
1571 3119 1755 3168 librum
1781 3119 1942 3168 Vossii
1967 3119 2027 3166 de
2051 3117 2150 3165 Hi-

332 3191 528 3239 storicis
568 3191 768 3239 Graecis
805 3194 976 3240 adibit.
1047 3192 1171 3239 Mihi
1213 3208 1317 3238 non
1360 3190 1485 3237 alius
1527 3207 1674 3254 quam
1712 3191 1797 3255 qui
1834 3184 2147 3256 μυθολογικαὲ

332 3261 558 3326 scripsit,
605 3281 734 3327 ανηρ
764 3261 882 3309 licet
923 3259 1170 3322 Στωικος,
1215 3262 1297 3309 vel
1327 3260 1380 3311 ἐκ
1410 3279 1711 3327 περιπατου,
1749 3268 1798 3309 et
1834 3259 2147 3309 Atheniensis

333 3331 449 3392 ille,
485 3333 544 3379 de
572 3349 667 3396 quo
692 3334 893 3380 Tzetzes
916 3333 1049 3396 apud
1072 3332 1281 3379 eundem
1306 3330 1548 3380 Vossium.

474 3403 586 3465 Pag
623 3403 740 3456 157.
766 3399 917 3452 Κατα
941 3405 1119 3453 τοῦτον
1143 3398 1232 3453 τόν
1265 3398 1503 3470 Κραναόν
1527 3399 1554 3453 ὁ
1579 3399 1660 3452 ἐπὶ
1683 3399 2038 3459 Δευκαλίωνος
2063 3415 2148 3448 κα-

328 3467 619 3540 τακλυσμός.
622 3473 641 3540 ]
682 3471 762 3523 Ad
795 3473 944 3522 Musis
973 3481 1022 3523 et
1048 3473 1278 3541 Cecropis
1307 3481 1531 3539 tempora
1560 3472 1975 3522 Deucalionaeum
2009 3467 2147 3516 dilu-
