2222 3938
339 170 464 231 432
926 184 929 187 “
970 177 1545 234 EMENDATIONES

340 312 444 362 xad
479 312 698 378 posteri,
736 309 874 359 velut
898 306 985 356 hic
1022 309 1233 371 Cainan,
1271 326 1374 357 uno
1411 310 1600 373 minus,
1644 328 1788 375 quam
1827 312 1982 376 patris
2020 318 2153 362 aetas

340 392 455 433 ante
477 385 632 432 lineas
653 388 700 437 6.
727 381 890 447 posita
917 379 1107 445 exigat,
1145 397 1300 428 annos
1325 381 1499 429 mundi
1522 382 1768 431 natalibus
1795 383 1898 431 suis
1929 383 2154 433 addictos

338 461 617 504 numerent.

486 520 609 575 Τινοέ
641 519 695 572 δὲ
731 541 831 572 των
867 515 1213 589 ἀντιγράφων,
1252 519 1321 582 ὥς
1355 519 1443 572 καὶ
1477 516 1757 589 Εὕσεβίου,
1807 518 1900 590 vy'.
1941 523 2152 591 ἔχουσι]

337 597 413 645 Ita
434 594 620 659 reperis
644 609 752 677 pag.
781 596 863 646 86.
895 593 953 640 D.

477 660 766 729 Ἀφρικανός
787 681 867 724 τε,
903 662 988 713 καὶ
1018 657 1301 727 Εὐσέβιος]
1341 662 1442 711 Iste
1468 665 1803 731 μεμψίμοιρος
1833 671 1882 711 et
1910 659 2153 732 φιλόμομ-

340 755 440 800 φος
462 752 594 783 novo
619 734 863 783 vocabulo
892 734 1112 798 appellat
1135 735 1351 797 Scaliger
1375 734 1602 784 Animad.
1630 751 1739 799 pag.
1769 737 1855 788 23.
1889 737 1971 782 nil
2006 735 2161 784 aliud
2215 797 2218 799 -

337 807 511 868 habet,
551 823 706 869 quam
737 802 875 869 quod
892 806 1147 867 Africano
1185 814 1230 851 et
1271 805 1490 852 Eusebio
1530 805 1752 855 obiiciat.
1827 806 2018 871 Ecquid
2053 825 2155 856 non

337 877 445 942 ipse
472 877 805 942 μεμψίμοιρος
827 875 1091 922 Eusebium
1115 875 1327 923 sollicite
1353 876 1566 938 exagitat
1584 893 1692 941 pag.
1717 875 1835 930 252.

488 950 567 1014 Τῷ
593 945 646 996 δὲ
673 942 780 1010 σι·η’.
812 945 904 995 ἔτει
929 949 1018 996 τοῦ
1056 943 1238 1012 Zeila]
1275 948 1479 1012 Repone
1514 949 1581 996 τῶ
1623 945 1677 998 ὁὲ
1715 943 1826 997 σκε’.
1862 946 1983 1013 ἔτει,
2019 947 2158 1014 quod

338 1017 563 1066 indicant
583 1017 776 1064 tabulae
808 1016 1103 1079 Chronolog.

486 1090 568 1156 Τῷ
597 1081 691 1138 οὖν
728 1083 782 1152 ρ’.
814 1085 907 1137 ε’τει
926 1083 1115 1153 Έβερ.]
1159 1085 1456 1135 Accuratius
1485 1091 1556 1157 τῷ
1580 1082 1675 1139 ἦθ’.

481 1158 582 1208 Καὶ
617 1154 874 1208 ἀπέθανεν
912 1154 1007 1223 πρὸ
1047 1160 1139 1207 τοῦ
1172 1158 1302 1208 ἰδίου
1339 1139 1566 1224 πατρός]
1606 1158 1861 1205 Sententia
1885 1158 2158 1207 dictionum

338 1227 631 1294 hyperbatis
669 1227 911 1275 difformis
954 1245 1042 1275 suo
1079 1227 1234 1276 nitori
1268 1229 1550 1276 restituitur
1579 1229 1632 1275 in
1674 1229 1905 1291 margine.
1978 1230 2160 1278 Eadem

343 1301 408 1346 ad
430 1298 664 1347 Authoris
693 1307 910 1346 mentem
942 1306 1230 1361 comparata
1255 1299 1520 1347 redundat.
1592 1299 1756 1346 Heber
1779 1299 1934 1360 enim,
1966 1309 2021 1348 ut
2047 1317 2162 1349 mo·-

340 1371 407 1418 do
437 1369 817 1435 pronunciavit,
866 1386 893 1415 a
927 1368 1018 1415 filii
1053 1368 1232 1416 Phalec
1269 1367 1506 1415 natalitiis
1553 1369 1692 1416 annis
1743 1369 1990 1416 duntaxat
2036 1375 2158 1424 270.

339 1448 618 1505 superstes,
653 1439 839 1501 filium,
878 1439 1016 1486 cuius
1051 1438 1156 1485 vita
1195 1439 1256 1485 ad
1281 1442 1383 1491 339
1415 1445 1667 1502 protracta
1703 1439 1825 1498 fuit,
1863 1441 1993 1487 inter
2019 1441 2161 1488 vivos

340 1511 556 1559 moriens
593 1509 812 1574 reliquit
883 1508 950 1556 At
990 1525 1104 1556 cum
1138 1509 1339 1556 Eusebii
1379 1510 1658 1573 exemplar,
1699 1510 1840 1557 cuius
1873 1520 2162 1574 excerptum

340 1598 451 1647 pag.
489 1585 572 1634 86.
605 1582 663 1628 D.
703 1587 865 1642 extat,
902 1579 1082 1627 Phalec
1118 1579 1258 1626 annis
1295 1582 1413 1633 339.
1449 1580 1742 1642 numeratis,
1781 1581 1975 1628 Patrem
2000 1582 2163 1630 Heber

340 1660 458 1718 post
484 1651 663 1699 Phalec
691 1620 865 1698 natum'
889 1651 1030 1697 annis
1055 1651 1172 1702 430.
1200 1659 1384 1697 asserat
1406 1650 1617 1700 vixisse:
1657 1651 1865 1698 eundem
1901 1652 2042 1700 annis
2077 1657 2160 1706 91.

340 1723 446 1770 filio
470 1722 781 1801 superstitem
805 1722 1034 1769 admittat
1070 1738 1267 1768 necesse
1299 1728 1384 1768 est.
1459 1722 1622 1779 Quare
1646 1729 1703 1768 ut
1725 1721 1938 1769 Lamech
1963 1731 2163 1770 morta-

183 1793 236 1840 P.
258 1796 314 1841 39
343 1794 469 1841 lium
502 1793 693 1857 primus
719 1800 859 1856 patre
891 1793 1089 1840 vivente
1123 1799 1332 1838 mortem
1361 1799 1537 1838 natura
1569 1792 1758 1839 illatam
1783 1793 2040 1855 sustinuit,
2078 1810 2162 1841 se-

344 1865 538 1913 cundus
567 1862 838 1927 Arphaxad
864 1870 974 1909 ante
1004 1869 1192 1926 patrem
1217 1861 1351 1908 letho
1381 1862 1569 1926 pariter
1594 1871 1766 1927 raptus
1800 1872 1902 1924 est,
1891 1882 1900 1890 ·
1941 1864 2006 1910 ita
2030 1863 2163 1912 Pha-

341 1936 421 1983 lec
446 1933 705 1981 hominum
740 1933 1028 1994 10111118,οῒ
1068 1949 1094 1977 a
1132 1932 1345 1979 Lamech
1379 1932 1625 1979 secundus
1657 1929 1882 1997 δεύτερος
1926 1931 2044 1998 μετὰ
2073 1931 2164 1985 τόν

339 2000 520 2070 Λάμεχ
536 2040 549 2064 ,
590 2012 731 2069 patre
754 2004 908 2052 vitam
935 2003 1099 2050 adhuc
1124 2011 1309 2066 agente,
1349 2002 1451 2050 eius
1477 2011 1689 2051 mortem
1716 2021 1742 2051 e
1762 2004 1892 2052 vivis
1919 2006 2162 2054 excedens

341 2076 485 2124 annis
508 2069 602 2124 bol.
637 2078 718 2127 91.
743 2073 1015 2139 praevenit.

465 2142 690 2231 Σεροῦχ
697 2141 991 2230 γενόμενος]
1029 2144 1190 2192 Locus
1217 2142 1424 2191 vitiosus
1457 2161 1518 2192 ex
1540 2145 1714 2192 Genes.
1750 2148 1836 2198 11.
1861 2144 2162 2197 restituitur.

465 2211 600 2275 Ἐως
626 2205 708 2265 λε’.
737 2214 874 2274 ε’τους
898 2209 1097 2279 Ἰσαάκ.]
1137 2214 1277 2262 Vitae
1294 2214 1540 2261 Ab1aham
1571 2216 1688 2262 anni
1713 2218 1827 2268 100.
1854 2223 1900 2262 et
1924 2217 2008 2268 35.
2031 2216 2164 2265 Isaac

341 2294 617 2350 aequantur
643 2286 782 2333 annis
817 2286 928 2338 135.
960 2285 1138 2349 quibus
1169 2285 1392 2333 Abrahae
1422 2286 1585 2348 genito
1609 2285 1767 2332 Thara
1799 2294 2044 2350 superstes
2078 2304 2165 2334 re-

339 2357 547 2405 mansit:
585 2357 801 2421 adeoque
833 2364 1000 2404 textus
1033 2356 1123 2417 ἕως
1146 2350 1202 2406 λ’.
1242 2355 1378 2416 ἔτους
1413 2351 1574 2407 Ἰσαακ
1602 2356 1808 2406 vitiosus
1839 2356 2055 2421 reposito
2081 2352 2163 2408 λε’.

339 2428 646 2476 emendatur.

480 2500 591 2562 Pag.
631 2502 746 2551 116.
789 2501 872 2565 Τῷ
904 2492 1063 2566 ,γυογῖ
1095 2497 1189 2548 ἔτει
1212 2501 1305 2547 τοῦ
1329 2493 1554 2563 κόσμου]
1592 2497 1841 2562 Numquid
1874 2515 1982 2562 pag.
2013 2516 2163 2564 supe-

186 2575 240 2619 V.
269 2576 327 2621 36
350 2568 498 2617 rioris
533 2569 596 2616 ad
631 2570 815 2616 calcem
837 2566 997 2616 Thara
1022 2577 1160 2632 patre
1190 2567 1387 2615 Nachor
1412 2586 1541 2616 anno
1570 2587 1596 2615 a
1626 2569 1801 2616 mundi
1822 2570 1975 2615 natali
2007 2570 2161 2624 3242.

343 2640 564 2702 genitum
595 2640 764 2686 aetatis
794 2639 969 2686 deinde
1001 2645 1085 2710 70.
1114 2639 1169 2686 id
1193 2647 1264 2686 est
1289 2639 1462 2685 mundi
1483 2643 1636 2692 3312.
1681 2638 1852 2703 (prout
1873 2640 2166 2686 10110111οη-

345 2709 477 2756 datio
502 2709 783 2772 marginalis
811 2709 966 2756 lineae
994 2712 1061 2772 1.)
1099 2709 1321 2758 Abrahae
1347 2709 1500 2755 vitam
1524 2709 1820 2755 contulisse:
1855 2709 2018 2772 ipsum
2045 2727 2164 2758 vero

344 2778 591 2827 Abraham
620 2797 747 2826 anno
785 2780 843 2826 ab
872 2788 988 2827 ortu
1023 2780 1108 2833 75.
1136 2781 1223 2844 qui
1248 2780 1420 2827 mundi
1453 2782 1607 2831 3387.
1633 2778 1764 2825 linea
1794 2782 1839 2828 2.
1870 2779 2166 2842 promissam

344 2857 527 2897 terram
548 2850 723 2896 adiisse
747 2850 984 2912 legimus?
1024 2851 1241 2914 adeoque
1266 2851 1402 2897 Isaac
1425 2849 1483 2895 ab
1510 2866 1564 2895 eo
1585 2848 1681 2894 iam
1709 2849 1990 2896 centenario
2013 2868 2164 2897 mun-

346 2920 397 2967 di
427 2920 581 2972 3412.
619 2928 933 2983 susceptum:
971 2921 1103 2967 Isaac
1144 2921 1343 2968 tandem
1379 2918 1746 2981 sexagenarium
1794 2920 1968 2967 mundi
2004 2921 2161 2974 3472.

343 2990 490 3037 Iacob
534 2989 740 3036 edidisse
781 2991 1021 3053 Georgius
1062 2991 1277 3038 scribere
1314 2988 1582 3036 debueiat‘?
1631 2989 1769 3035 Itane
1807 2989 1949 3038 brevi
1988 2991 2166 3039 suimet

346 3060 530 3108 oblitus
566 3060 782 3107 calculos
820 3062 1105 3125 pertuibat,
1145 3068 1192 3106 et
1220 3060 1302 3123 qui
1336 3057 1556 3105 Abrahae
1586 3058 1714 3105 diem
1753 3060 1966 3107 natalem
1988 3062 2165 3108 mundi

344 3125 1134 3200 γτιβ.111100[11111111,1110100011
1165 3133 1230 3197 τῷ
1254 3124 1419 3196 γυοβ’.
1446 3128 1687 3176 ascribere
1709 3130 1982 3192 tenebatur,
2011 3131 2164 3180 alium

346 3207 637 3265 computum
665 3217 775 3247 cum
801 3199 883 3247 hic
909 3210 1018 3247 tum
1041 3200 1178 3265 prius
1202 3199 1458 3246 admittere
1480 3199 1645 3262 potuit
1661 3199 1685 3246 ’ἓ
1723 3200 1805 3246 510
1831 3208 1902 3248 est
1921 3202 2163 3266 profecto.

347 3271 497 3330 Quod
523 3271 653 3319 enim
679 3287 783 3317 non
813 3271 997 3317 nemini
1027 3270 1208 3317 1111111111
1237 3286 1290 3317 ea
1320 3269 1511 3317 ratione
1549 3270 1609 3317 de
1641 3269 1912 3334 Arphaxad
1950 3271 2163 3336 posteris

345 3349 556 3404 tractat,
593 3349 649 3389 ut
678 3358 1038 3404 nonnunquam
1069 3340 1123 3386 in
1164 3357 1350 3387 annum
1383 3356 1555 3388 versus
1592 3340 1834 3388 diluvium
1859 3341 2163 3405 superiorem

346 3429 431 3460 eos
467 3413 647 3475 erigat,
695 3429 814 3459 mox
839 3412 980 3459 velut
1017 3411 1275 3458 immemor
1309 3411 1365 3458 111
1398 3411 1548 3458 alium
1574 3409 1861 3459 inferiorem
1896 3411 2159 3476 deprimat.

347 3481 657 3532 Discriminis
682 3499 877 3531 causam
902 3498 1064 3548 nuper
1086 3481 1386 3548 protulimus
1399 3500 1414 3545 3
1452 3479 1689 3547 epocham
1714 3481 1985 3547 Arphaiad
2007 3481 2157 3529 modo
