2222 3938
306 185 431 243 364
919 190 1513 250 EMENDATIONES.

300 333 628 390 exponentes.
712 323 927 386 Scaliger
969 323 1024 370 in
1070 322 1333 372 adversum
1379 325 1507 372 abit:
1558 333 1633 388 et,
1670 327 1841 389 Puto,
1879 326 1979 389 ait,
2015 335 2123 378 not.

305 413 416 462 pag.
433 396 549 449 248.
570 398 625 442 in.
644 395 771 440 libro
793 395 883 440 illo
910 395 1132 458 origines
1152 397 1609 458 contenta-sfzcisse‚
1623 399 1862 461 zctprc‘ma
1878 401 2126 462 pars-pri*

307 469 380 513 νηί
400 466 519 513 lehn·
545 467 705 513 Mosis
730 463 924 511 dicitur
945 473 1112 531 ΜἻἾῚΠ
1136 475 1232 533 ’τῇς
1257 467 1427 530 βίβλος
1450 462 1638 532 γενική.
1713 467 1820 515 Imo
1839 486 1932 532 per
1957 465 2128 534 γενεάς

305 537 544 584 Manetho
568 535 780 599 digessit
801 544 1024 598 tempora
1046 553 1158 583 succ.
1231 535 1364 582 Haec
1385 538 1515 601 apud
1555 555 1633 585 me
1666 539 1916 600 valerent,
1956 538 1998 586 si
2024 539 2128 585 Hi·-

304 608 538 668 storiam',
577 623 679 652 non
718 605 1050 668 Astrologiam
1086 602 1147 655 τοὶ
1173 602 1356 655 sevino}
1392 615 1695 671 spectarent:
1732 625 1902 657 verum
1929 609 2126 656 fabula-

302 694 417 726 rum
455 677 514 723 ab
547 675 772 723 Authore
797 676 1005 740 Georgio
1043 676 1412 725 exsufflatarum
1452 678 1599 727 etiam
1628 679 1680 726 in
1715 679 1942 727 fabuloso
1983 680 2127 728 Mer-

304 748 444 796 curio
472 747 686 810 Scaliger
716 748 951 812 Origines
981 754 1341 811 perscrutatur.

443 830 547 882 Καὶ
568 837 676 892 ταῖς
697 831 1012 899 Κυραννίσι]
1058 833 1272 880 Omnino
1310 842 1381 879 est
1403 832 1605 881 verbum
1628 832 1909 881 Arabicum
1952 831 2128 880 scribit

302 901 535 965 Scaliger.
588 904 689 950 Cur
712 921 814 950 non
842 905 1102 963 Graecum,
1133 911 1180 950 et
1203 903 1344 951 nobis
1371 920 1433 951 ex
1457 903 1710 953 Herodoto
1736 904 1824 953 lib.
1841 904 1890 956 4.
1915 920 2021 967 cap.
2043 907 2125 956 19.

299 973 516 1020 notum?
553 974 744 1022 insulae
777 975 1007 1022 videlicet
1044 973 1107 1021 ad
1143 974 1374 1038 Lybiam,
1414 991 1475 1022 ex
1518 993 1611 1039 qua
1650 974 1924 1023 Mercurius
1961 975 2126 1036 Aegy-

298 1044 435 1109 ptius
473 1043 566 1110 (ut
602 1045 931 1110 Hippocrates
970 1045 1099 1091 Cous
1136 1043 1361 1110 Coaxae)
1399 1062 1581 1092 nomen
1610 1045 1844 1110 operibus
1869 1044 2124 1109 imposuit.

299 1114 501 1162 Atenim
532 1116 738 1164 meliora
765 1117 931 1196 placet
954 1131 1015 1162 ex
1039 1115 1209 1161 Allatii
1241 1116 1496 1179 rescriptis
1523 1117 1815 1180 producere.
1887 1115 2128 1162 Memorat

299 1184 581 1234 Hermetem
616 1185 848 1234 Manetho
880 1187 934 1233 in
970 1173 1116 1233 :rebus
1147 1185 1494 1249 Astrologicis,
1534 1194 1581 1233 et
1623 1203 1788 1233 annuo
1820 1184 1936 1233 solis
1967 1184 2128 1232 motui

299 1256 561 1304 subiectis:
613 1257 864 1316 Quocirca
907 1272 1106 1315 causas,
1145 1256 1346 1319 effecta,
1384 1255 1520 1320 signa
1563 1246 1871 1320 Astrologica
1911 1262 2127 1302 tractare

298 1326 531 1390 suspicor
561 1345 650 1387 τας
688 1328 1008 1390 κυοαννίδας.
1082 1326 1223 1373 Sicut
1254 1327 1421 1390 itaque
1466 1324 1647 1377 Γενικα
1682 1326 1766 1376 καὶ
1815 1327 2127 1392 Κυραννίδες

298 1397 612 1460 Astrologica
639 1399 905 1445 vocabula:
942 1415 1044 1445 non
1077 1397 1207 1444 enim
1235 1398 1370 1445 aliud
1403 1397 1526 1444 mihi
1552 1407 1732 1445 sonant
1763 1414 1910 1460 quam
1934 1398 2127 1460 scripta

144 1468 195 1513 P.
224 1468 279 1512 13
302 1466 362 1514 de
403 1468 552 1515 rebus
575 1471 858 1533 generatis,
901 1478 946 1515 et
974 1466 1582 1531 praedeterminantibas,
1625 1469 1816 1515 scilicet
1845 1467 2031 1528 stellis,
2071 1468 2126 1513 in

299 1557 476 1585 earum
502 1542 788 1589 nativitate.
864 1541 934 1588 Ea
961 1539 1200 1602 siquidem
1225 1547 1300 1586 est
1324 1539 1599 1602 Astrologis
1626 1539 1827 1588 materia
1852 1538 2124 1586 familiaria.

298 1611 456 1657 Taceo
491 1610 611 1673 quid
646 1606 820 1676 κύριος
844 1612 925 1659 vel
961 1606 1089 1674 πυροὶ
1117 1611 1298 1657 nostris
1336 1610 1595 1673 significet.
1669 1610 1883 1675 Ineptias
1911 1607 2126 1673 profari-'-

300 1697 439 1742 mus,
478 1681 520 1727 si
552 1681 614 1727 ad
655 1681 837 1728 Arabes
875 1681 959 1728 hic
993 1681 1311 1730 recurrimUS.
1399 1681 1568 1740 Quid?
1607 1680 1791 1728 Arabes
1822 1678 1910 1743 qui
1944 1679 2126 1727 vivunt

299 1749 474 1810 hodie,
513 1769 608 1815 qua
637 1753 805 1814 lingua
831 1751 1028 1815 pristini
1062 1750 1306 1798 Hermetis
1331 1752 1577 1798 coaetanei
1613 1751 1908 1811 utebantur,
1947 1750 2124 1799 etiam-

297 1838 418 1870 num
446 1822 757 1885 loquuntur?
797 1822 1106 1869 Hodiernum
1139 1821 1302 1868 Coran
1332 1822 1563 1883 Scaligeri
1586 1822 1829 1870 Hermetis
1863 1820 2002 1885 operi
2027 1838 2124 1868 no-

296 1909 413 1941 men
438 1892 832 1955 antiquissimum
858 1893 1023 1956 potuit
1058 1892 1334 1939 indidisse?
1374 1892 1664 1953 Quodnam,
1702 1893 1872 1951 sodeS‚
1909 1891 2121 1938 Arabico

303 1963 469 2014 Coram
496 1971 542 2010 et
562 1964 804 2011 Hermetis
839 1963 1089 2022 Astrologi
1123 1963 1402 2029 Κυραννίσι
1433 1963 1818 2011 commercium?
1857 1962 2024 2008 Unum
2050 1970 2123 2009 ta-

295 2050 411 2082 men
435 2034 577 2081 alteri
613 2034 921 2098 comparavit
945 2033 1171 2096 Scaliger,
1246 2033 1379 2080 Hinc
1404 2033 1490 2080 ille
1516 2034 1667 2097 mira,
1704 2033 1823 2085 hinc
1849 2031 2050 2097 antiqua
2073 2040 2124 2082 et

297 2105 518 2155 obsoleta
540 2105 751 2153 revelat:
789 2121 892 2153 non
915 2121 1070 2165 nova,
1109 2103 1321 2165 utinam,
1361 2112 1410 2151 et
1438 2104 1577 2152 salsa.

425 2204 538 2265 Pag.
576 2206 660 2256 36.
699 2204 928 2267 Συνῆξεν
945 2196 1128 2268 χρόνον
1149 2201 1271 2252 ἐτῶν
1290 2197 1483 2271 Ιβτμβῖ]
1521 2201 1592 2248 Ita
1615 2202 1866 2267 exemplar
1894 2202 2121 2250 Latinum

296 2290 395 2336 quo
440 2273 658 2336 Scaliger
702 2281 776 2320 est
808 2289 951 2321 usus:
992 2274 1242 2321 Fontanus
1278 2274 1334 2320 in
1369 2289 1555 2320 annum
1598 2274 1811 2322 alterum
1845 2273 2123 2323 vicennalia

294 2344 610 2392 Constantini
629 2343 811 2392 differt.

431 2424 513 2479 Ἐν
550 2431 622 2497 τῷ
654 2425 778 2478 navo?
807 2422 1026 2493 πλατος]
1064 2429 1232 2476 Partes
1269 2427 1500 2476 Chronici
1540 2427 1660 2475 duas
1698 2428 1816 2476 fecit
1851 2428 2119 2476 Eusebius:

293 2499 511 2564 priorem
566 2498 763 2547 Author
808 2517 970 2564 nuper
1026 2499 1305 2564 appellabat
1353 2495 1818 2560 ανακεφαλαίωσιν,
1855 2499 2120 2546 secundam

292 2586 461 2630 nunc,
498 2566 552 2621 τὸ
583 2567 707 2620 necto?
730 2566 912 2630 πλάτος
941 2589 1094 2635 χρονις
1094 2566 1167 2620 ὃν
1189 2577 1352 2618 vocat.
1423 2569 1691 2634 Utriusque
1715 2587 1806 2634 pai
1812 2577 1904 2616 tem
1938 2586 2118 2649 scopus

295 2647 371 2686 est
414 2608 572 2700 iclem,
613 2657 879 2695 Γεσηοταηι
923 2640 1159 2688 videlicet
1197 2647 1244 2687 et
1283 2639 1569 2701 hominum,
1612 2656 1823 2703 quorum
1852 2641 2118 2703 praecipua

294 2718 520 2773 superest
550 2710 604 2756 in
646 2710 906 2758 Chionicis
948 2711 1211 2771 memoria,
1251 2711 1460 2774 origines
1508 2728 1564 2757 ac
1597 2710 1834 2757 terminos
1866 2726 1957 2788 per
1984 2717 2117 2756 certa

292 2787 575 2844 temporum
601 2772 863 2829 intervalla
890 2789 938 2828 et
964 2781 1112 2829 series
1138 2799 1193 2828 01
1197 2781 1387 2828 dmatas
1412 2797 1680 2828 recensere.
1737 2779 1796 2825 ld
1815 2780 1975 2844 prima
2002 2797 2115 2843 pars

294 2845 747 2913 ἆνακεφαλαιωδως
788 2853 1006 2900 breviter
1054 2859 1102 2899 et
1155 2853 1436 2899 summatim
1491 2849 1803 2914 perstringit:
1854 2851 2112 2912 posterior,

291 2916 416 2970 κατοὲ
442 2915 653 2981 πλατος,
693 2921 919 2969 diffusius
948 2930 997 2969 et
1032 2922 1302 2968 ordinatius
1330 2921 1564 2985 explicat.
1639 2920 1708 2966 lta
1729 2919 1944 2982 Scaliger
1969 2937 2115 2985 prae-

292 2998 478 3038 sentem
507 2990 742 3039 Authoris
768 2993 931 3039 locum
960 2993 1012 3039 in
1034 2992 1411 3039 Eusebianarum
1429 2989 1907 3036 animadversionum
1934 3007 2114 3054 prooe-

293 3061 394 3108 mio
434 3062 667 3109 referenS.
741 3064 898 3109 Partis
930 3057 1185 3125 utriusque
1211 3061 1372 3108 ideam
1407 3061 1462 3107 in
1488 3059 1660 3108 Latina
1684 3060 1976 3124 Hieronymi
2002 3078 2113 3110 ver-

293 3131 430 3179 sione
448 3132 606 3179 lector
629 3133 1055 3196 contemplabitur.

435 3212 582 3280 Πλὴν
629 3215 713 3265 καὶ
770 3212 1018 3281 Εὐσέβιος
1065 3213 1149 3264 καὶ
1181 3209 1488 3279 Ἰώσηππος.]
1538 3214 1635 3262 Ubi
1674 3214 1974 3263 asseruerint
2008 3231 2112 3262 non

293 3293 442 3333 extat.
527 3285 764 3351 Iosephus
811 3287 1007 3350 quidem
1059 3286 1324 3347 Berosum,
1372 3286 1763 3349 Hieronymum,
1799 3284 2110 3349 Aegyptium,

290 3356 553 3418 Mnaseam,
594 3364 643 3404 et
671 3357 926 3405 Nicolaum
957 3357 1305 3403 Damascenum
1329 3355 1388 3403 <le
1414 3355 1602 3403 diluvio
1631 3363 1679 3403 et
1703 3373 1815 3403 arca
1844 3355 2112 3403 scribentes

291 3427 494 3474 adducit
519 3445 623 3492 cap.
649 3427 698 3480 4.
725 3435 776 3476 at
797 3427 856 3476 de
885 3426 1246 3476 Chaldaeorum
1272 3434 1384 3475 ante
1409 3426 1655 3476 diluvium
1679 3426 1904 3493 imperio,
1932 3442 1994 3473 ne
2020 3441 2111 3474 ve·-

288 3497 486 3560 stigium
513 3499 727 3562 quidem.
