2112 3854
720 187 1215 245 DISSERTATIO.
1411 237 1415 247 ,
1789 181 1872 243 45

55 327 336 371 sanctarum
374 319 735 386 scripturarum
766 320 904 368 hunc
927 318 1123 369 librum
1158 327 1556 387 computaverat,
1595 318 1873 388 (Hierony-

3 421 13 442 ε
51 409 163 442 mus
194 391 251 439 in
288 393 494 457 praefat.
534 392 597 439 ad
634 392 746 440 libr.
781 389 1001 456 Iudith),·
1051 392 1591 440 Pseudo-Athanasius
1625 392 1871 457 epitomae

51 478 218 511 sacrae
251 462 526 527 scripturae
559 463 758 522 inserit,
809 462 1114 520 Augustinus
1143 472 1198 511 ut
1225 463 1408 511 librum
1440 462 1734 511 canonicum
1760 480 1870 511 me-

52 539 228 594 morat,
262 549 320 579 ac
343 533 545 580 tertium
571 532 847 581 Concilium
875 531 1272 597 Carthaginiense
1299 550 1430 582 anno
1451 537 1556 588 397
1580 548 1757 587 canon.
1783 534 1872 588 47.

51 602 104 651 in
131 619 368 650 canonem
391 603 594 668 recepit.

190 687 284 735 Res
305 680 464 751 'gestas
488 687 873 735 fortissimorum
896 686 1052 750 gentis
1074 687 1303 736 Iudaicae
1326 688 1549 750 heroum,
1588 689 1701 737 dico
1725 690 1872 738 Mac-⁴

48 758 286 820 ἰ-αὐαεοε,
323 759 499 820 latius,
535 758 611 805 uti
647 757 898 822 expectari
931 765 1154 822 poterat,
1195 759 1435 820 Georgius
1469 760 1743 823 enarravit,
1783 777 1868 808 ea·-

50 829 256 893 'demque
280 828 471 893 saepius
487 796 730 892 'repetens
762 827 918 876 libros
949 827 1040 874 sub
1078 828 1277 876 nomine
1302 796 1701 878 Maccahaeorum
1734 838 1866 880 totos

48 900 150 948 fere
182 898 421 947 exhausit.
501 902 610 948 Τῶν
640 896 731 964 μὲν
759 918 852 963 γαρ
877 894 1232 948 θεοπνεύστων
1262 894 1354 949 ov'x
1397 899 1518 962 εἶσὶ,
1555 897 1785 966 χρήσιμοι
1811 899 1867 952 δὲ

7 991 10 995 ’
46 965 183 1021 ’πανυ
213 968 488 1032 πεφύκασι,
526 986 634 1034 pag.
669 971 787 1023 273.
818 969 869 1015 G.
907 993 976 1005 —-
1015 968 1255 1031 Georgius
1284 978 1504 1033 quatuor
1537 971 1690 1018 libros
1716 971 1867 1019 Mac-

43 1041 250 1088 cabaeor
255 1057 334 1088 um
358 1039 611 1101 numerat,
649 1038 929 1087 describens
956 1055 1153 1103 quoque
1178 1056 1299 1103 quae
1322 1040 1374 1086 in
1393 1040 1522 1087 libro
1545 1049 1720 1104 quarto
1746 1059 1865 1089 con-

44 1119 182 1159 tenta
206 1110 403 1159 fuerint.
461 1111 712 1172 „Quartus
734 1110 874 1171 liber,
900 1126 1007 1174 pag.
1032 1113 1149 1163 293.
1178 1110 1231 1158 D.
1254 1109 1337 1171 ait,
1375 1110 1582 1158 eximius
1605 1119 1691 1174 est,
1731 1112 1866 1175 quod

43 1181 178 1247 piam
225 1180 568 1244 cogitationem
605 1180 912 1245 passionibus
940 1180 1242 1244 superiorem
1281 1197 1383 1227 esse
1419 1181 1588 1243 docet,
1623 1183 1865 1247 ‚quodque

43 1253 364 1300 certationem
393 1251 651 1312 describit,
691 1268 837 1314 quam
869 1257 1056 1315 septem
1084 1251 1260 1298 fratres
1300 1267 1414 1297 cum
1440 1259 1596 1299 matre
1624 1252 1862 1300 exhause—

41 1322 173 1386 rint,
220 1322 527 1387 temporibus
573 1321 810 1369 Ionathae
854 1320 1130 1367 Maccabaei
1170 1329 1217 1368 et
1251 1322 1417 1368 fratris
1456 1322 1723 1371 Simonis.''
1796 1323 1863 1371 Et

38 1392 152 1459 pag.
196 1398 313 1446 279.
351 1393 431 1439 B.:
484 1429 514 1454 ,‚
537 1391 805 1439 Antiochus
842 1390 1124 1461 Epiphanes
1165 1391 1353 1455 ingenti
1388 1400 1632 1456 apparatu
1660 1393 1861 1454 bellico,

41 1463 170 1526 agris
195 1463 400 1511 vastatis
425 1462 819 1527 Hierosolymam
853 1478 1108 1525 aggressus
1152 1470 1227 1509 est
1256 1479 1386 1509 anno
1415 1463 1514 1515 143
1539 1464 1678 1526 regni
1704 1465 1863 1512 Grae-

40 1549 240 1581 corum:
284 1550 379 1597 quo
405 1539 627 1598 tempore
656 1540 706 1580 et
731 1533 973 1580 Eleazaris
1002 1539 1050 1580 et
1076 1539 1263 1595 septem
1298 1549 1567 1596 puerorum
1591 1551 1649 1581 ac
1683 1534 1856 1582 matris

39 1621 213 1653 eorum
253 1603 547 1668 martyrium
579 1602 811 1666 contigit,
864 1602 940 1649 uti
975 1601 1028 1648 in
1067 1610 1242 1666 quarto
1292 1603 1420 1650 libro
1456 1603 1861 1653 Maccahaeorum

37 1681 287 1723 narratur.
300 1677 331 1698 ’¹
402 1675 514 1737 Pag.
540 1677 658 1727 286.
688 1674 738 1721 C.
769 1673 1014 1734 „Eleazar
1039 1672 1268 1736 magister
1291 1677 1599 1737 puerorum'’
1625 1675 1859 1722 nomina-

36 1752 138 1794 tur.
164 1771 236 1783 -—
270 1744 407 1793 Haec
431 1761 535 1791 eam
562 1745 625 1792 ob
653 1761 853 1791 causam
878 1742 1122 1790 enotanda
1148 1759 1249 1790 esse
1273 1742 1394 1790 mihi
1417 1743 1521 1790 visa
1543 1752 1685 1806 sunt,
1724 1745 1858 1809 quod

37 1823 88 1869 et
112 1823 278 1881 patres
301 1814 614 1862 ecclesiastici
639 1814 783 1862 latini
819 1814 1001 1861 librum
1030 1821 1258 1877 quartum
1280 1814 1684 1862 Maccahaeorum
1711 1809 1857 1880 plane

38 1903 144 1934 non
175 1891 563 1934 commemorant
580 1923 594 1948 ,
643 1893 693 1933 et
715 1885 900 1948 graeci,
939 1884 1024 1948 qui
1049 1884 1298 1932 interdum
1331 1884 1532 1948 quidem
1554 1886 1854 1935 mentionem

34 1956 153 2006 libri
173 1957 418 2018 inferunt,
455 1973 558 2003 non
581 1963 811 2004 accurate
835 1955 1145 2018 describunt,
1185 1971 1311 2019 quae
1333 1955 1389 2002 in
1415 1972 1470 2003 eo
1495 1963 1729 2003 contenta
1748 1957 1854 2004 fue-

34 2027 152 2076 rint.
212 2028 312 2075 Csr.
339 2027 550 2074 Cotelier
572 2027 626 2074 in
651 2026 784 2075 notis
809 2027 871 2073 ad
895 2026 1115 2073 Canones
1142 2026 1436 2090 apostolicos
1457 2043 1566 2091 pag.
1595 2030 1711 2080 117.
1737 2030 1853 2080 118.

33 2101 154 2152 338.
177 2125 244 2133 -
273 2097 430 2162 Igitur
449 2105 670 2163 tempore
691 2097 956 2145 recentiori
981 2097 1064 2143 alii
1080 2096 1230 2143 alium
1255 2097 1438 2144 librum
1460 2098 1855 2162 manuscriptum

33 2168 87 2216 in
112 2185 211 2233 quo
238 2169 368 2216 forte
394 2168 454 2215 de
476 2168 779 2217 Maccabaeis
805 2168 1043 2232 quaedam
1073 2175 1270 2215 narrat-a
1295 2174 1459 2228 erant,
1495 2167 1678 2215 librum
1702 2185 1854 2231 quar-

31 2246 140 2287 tum
164 2239 567 2287 Maccahaeorum
595 2255 696 2286 esse
721 2240 1064 2300 coniecerunt,
1103 2236 1182 2303 (ut
1203 2237 1371 2285 Sixtus
1397 2238 1622 2284 Senensis
1649 2238 1701 2285 in
1732 2238 1851 2286 bibl.

32 2317 203 2356 sancta
229 2309 342 2356 libr.
370 2308 405 2354 I.
434 2326 543 2373 pag.
574 2312 656 2362 39.
678 2308 935 2357 historiam
963 2309 1156 2356 [oannis
1180 2307 1432 2372 Hyrcani,
1473 2325 1617 2371 quam
1644 2309 1770 2355 forte
1796 2309 1852 2355 in

29 2378 338 2428 Bibliotheca
369 2378 532 2426 Santis
558 2379 765 2442 Pagnini
798 2395 969 2441 graece
996 2380 1383 2442 manuscriptam
1418 2376 1704 2443 repererat.)
1775 2378 1853 2425 Ex

29 2449 128 2498 hoc
156 2457 319 2514 autem
347 2449 460 2496 loco
489 2448 742 2509 discimuS,
783 2449 981 2512 Georgii
1006 2457 1227 2513 tempore
1249 2449 1431 2495 librum
1453 2449 1597 2495 illum
1620 2446 1733 2515 περὶ
1760 2443 1852 2498 αὕ-

28 2515 329 2586 τοκροῖτορος
360 2522 596 2584 λογισμοῦ
630 2520 732 2567 sive
771 2520 842 2579 εἰς
877 2516 996 2579 τούς
1032 2519 1428 2583 Μακκαβαίους,
1478 2535 1622 2582 quem
1655 2518 1852 2584 losephi

28 2607 135 2640 esse
156 2591 307 2654 vulgo
330 2590 555 2650 credunt,
589 2590 771 2638 librum
797 2597 1026 2654 quartum
1049 2589 1451 2637 Maccahaeorum
1473 2596 1708 2637 vocatum
1729 2605 1848 2651 esse,

29 2660 116 2725 qui
150 2661 303 2725 igitur
327 2659 381 2707 in
408 2660 623 2707 editione
658 2663 760 2710 ταῖν
800 2655 839 2711 ο’
864 2660 1189 2724 Herwagiana
1228 2658 1463 2724 (Basileae
1501 2657 1657 2725 1545)
1698 2667 1746 2707 et
1794 2659 1849 2707 in

27 2730 340 2779 Wecheliana
372 2729 708 2797 (Francofurti
736 2728 893 2795 1597)
926 2738 1061 2779 recte
1093 2730 1254 2799 tq'bus
1279 2729 1676 2795 Maccahaeorum
1707 2729 1849 2778 libris

28 2801 226 2850 additus
265 2809 363 2851 est:
414 2818 510 2866 quo
551 2801 663 2849 loco
702 2800 757 2847 in
792 2801 1048 2849 nonnullis
1090 2816 1288 2864 quoque
1320 2800 1461 2848 libris
1496 2801 1849 2865 manuscriptis

25 2872 224 2936 legitur.
309 2870 407 2922 Cfr.
449 2871 655 2920 Calmeti
689 2870 1050 2921 Dictionarium
1089 2871 1333 2919 Biblicum
1382 2871 1436 2919 in
1486 2885 1611 2918 voce
1646 2871 1847 2919 Macca-

25 2942 277 2994 baeorum.

167 3019 291 3074 Dein
328 3025 542 3075 alienum
580 3030 681 3089 est,
727 3025 865 3089 quod
899 3025 953 3073 in
992 3025 1268 3089 Georgiana
1306 3023 1708 3092 chronographia
1739 3043 1844 3075 non

25 3096 175 3145 semel
195 3096 397 3160 legitur:
435 3097 710 3158 „librorum
732 3096 791 3143 de
804 3096 1101 3145 Maccabaeis
1122 3105 1369 3144 auctorem
1400 3113 1503 3144 esse
1530 3096 1840 3162 Iosephum,”

25 3183 272 3231 quumque
294 3165 429 3214 hunc
454 3166 721 3232 losephum
745 3184 846 3214 non
873 3167 1101 3232 pluribus
1133 3167 1299 3214 verbis
1327 3167 1586 3225 describit,
1626 3167 1842 3231 cogitare

25 3237 279 3298 debemus,
315 3253 417 3284 esse
451 3237 714 3302 Iosephum
744 3236 1052 3285 historicum.
1125 3239 1234 3300 Pag.
1264 3238 1382 3291 249.
1407 3237 1478 3285 D.
1524 3257 1584 3288 τα
1627 3235 1679 3287 δὲ
1719 3255 1838 3301 μετα

25 3326 178 3358 ταυτα
191 3301 510 3372 συμβάντα“
473 3329 507 3374 η
532 3306 818 3375 πραχθέντα
830 3304 908 3375 ²⁷)
937 3312 1041 3368 τοῖς
1064 3302 1320 3368 Ἰουδαίοις
1346 3327 1373 3358 o
1397 3302 1628 3373 Ἰώσηπος
1661 3306 1714 3358 ἐν
1737 3310 1841 3366 τοῖς

80 3442 160 3499 27)
188 3441 466 3486 Inserantur·
454 3457 498 3486 m
526 3443 782 3487 editionibus
807 3444 916 3488 haec
937 3445 1090 3488 verba.
1118 3442 1384 3500 πραχθέντα
1407 3442 1475 3488 ἕω
1490 3459 1512 3494 ς
1533 3444 1601 3499 τῆ
1616 3459 1639 3493 ς
1661 3443 1764 3487 θε
1745 3460 1761 3485 ι
1774 3458 1839 3495 ας

135 3495 325 3555 σαρκώ
338 3513 443 3543 σεω
459 3515 482 3552 ς
509 3504 608 3553 τοῖς
632 3497 899 3553 Ἰουδαίοις-τ
930 3516 1056 3559 quae,
1082 3502 1128 3545 ni
1151 3502 1291 3552 fallor,
1313 3500 1563 3556 glossatoris
1584 3506 1695 3543 sunt.
1727 3501 1837 3544 Nam
