2112 3854
827 171 1249 228 PRAEFATIO.
1827 161 1909 223 55

154 326 158 330 ·
190 327 195 330 ·
226 298 509 350 chronicon
525 298 915 351 Alexandrinum
936 301 1075 352 haud¹
1094 304 1277 353 lectum
1302 302 1512 367 Georgio
1535 302 1783 367 Syncello,
1810 319 1903 352 nec

35 347 48 376 ’ἶ
86 369 265 422 Photio
295 379 647 433 memoratum,
684 373 854 421 aetatis
897 391 1046 439 penes
1070 391 1149 423 me
1188 392 1290 424 non
1326 382 1400 424 est
1436 372 1679 423 indubiae.
1752 373 1903 433 Quod

86 441 217 496 enim
257 442 321 492 ad
360 441 577 491 Heraclii
609 450 948 508 tempestatem
995 444 1291 509 profiteatur
1325 444 1594 493 Historiam
1639 442 1899 507 deducere,

85 512 300 561 auctoris
323 512 510 578 pariter
548 519 597 560 et
631 513 823 562 librarii
863 515 1198 564 testimonium
1243 533 1352 567 esses
1391 523 1584 582 potest,
1638 513 1723 578 qui
1775 531 1900 579 opus

83 584 292 633 fortasse
321 584 546 632 nondum
578 583 857 634 absolutum
886 593 1063 634 nactus
1092 586 1143 634 in
1178 585 1394 636 Heraclii
1429 603 1584 635 annos
1622 584 1722 632 eius
1752 584 1901 633 finem

83 652 333 716 incidere,
370 671 472 702 non
503 661 752 704 auctorem
778 655 966 704 vixisse
992 664 1233 706 testatur:
1270 665 1423 737 prout
1445 674 1550 706 non
1573 653 1791 703 absimili
1816 656 1897 703 lo-

83 723 269 789 quendi
302 740 466 787 more,
500 741 597 788 quo
629 725 772 774 annis
794 727 1079 791 quingentis
1109 728 1430 792 posteriorem
1472 725 1734 789 Georgium
1766 727 1902 790 Syn-

83 795 289 856 cellum,
325 814 427 847 awo
462 790 617 861 Ἀδοῖμ
645 795 783 863 μέχρι
810 815 900 847 του
927 801 1321 862 Διοκλητιανοῦ,
1357 798 1419 846 ad
1448 795 1739 847 Diocletiani
1759 796 1898 862 prin-

82 864 206 929 cipis
228 866 487 930 imperium
513 864 612 913 Clu
615 866 966 933 onographiam
990 868 1302 917 continuasse
1322 868 1552 916 librarius
1588 874 1756 915 nostet
1775 866 1897 916 scri-

79 942 221 1000 ptum
255 935 308 982 111
337 935 487 997 titulo
523 935 752 1001 reliquit:
800 938 1117 1002 quantumvis
1157 939 1287 986 circa
1329 938 1535 988 dubium
1574 954 1666 985 nec
1695 944 1898 985 senten-

79 1006 202 1057 tiam
245 1022 307 1055 ex
338 1006 577 1055 tribunali
611 1009 973 1072 pronunciare,
1017 1025 1108 1058 nec
1141 1009 1280 1058 litem
1325 1026 1524 1059 movere
1557 1009 1737 1073 placet.
1819 1007 1896 1055 Ad

82 1076 345 1140 Georgium
366 1077 528 1142 ipsum
555 1078 701 1127 venio
718 1116 731 1140 ,
771 1079 831 1128 de
859 1079 1000 1128 cuius
1021 1097 1256 1144 persona,
1294 1091 1469 1144 opere,
1509 1077 1758 1128 scribendi
1781 1076 1895 1140 fine,

78 1147 206 1196 libro
236 1147 338 1196 MS.
365 1156 415 1196 et
446 1147 673 1196 versione
696 1167 758 1199 ex
783 1150 1109 1215 interpretum
1133 1168 1271 1199 more
1294 1149 1419 1198 mihi
1442 1148 1782 1215 praefandum.

220 1218 458 1281 Georgius
510 1226 834 1282 cognomento
880 1222 1138 1286 SynceUus
1176 1237 1351 1285 genere
1389 1228 1438 1269 et
1479 1220 1640 1286 patria
1678 1218 1895 1282 ignotus,

77 1289 295 1336 fortunis
320 1296 368 1338 et
391 1289 565 1336 mundi
570 1257 826 1354 e'dignitate
853 1291 1060 1358 dubius,
1099 1308 1152 1341 ea
1176 1308 1327 1355 quam
1351 1291 1538 1339 meritis
1561 1298 1608 1339 et
1630 1289 1896 1341 virtutibus

26 1399 31 1410 .
78 1359 133 1405 in
160 1357 380 1407 Ecclesia
407 1359 644 1408 sustinuit
673 1361 1028 1412 celeberrimus.
1097 1361 1259 1410 Huius
1285 1378 1462 1409 nomen
1491 1379 1547 1409 ac
1578 1360 1775 1409 laudem
1803 1359 1897 1406 Ni-

78 1446 227 1477 caena
261 1429 461 1494 Synodo
493 1431 707 1479 secunda
738 1440 1087 1496 personantem
1123 1432 1275 1480 refert
1308 1431 1594 1480 Anastasius
1624 1428 1898 1478 Bibliothe-

78 1499 240 1548 carius
258 1499 310 1546 in
333 1501 635 1564 praefatione
655 1501 837 1550 Histor.
859 1503 1049 1551 Eccles.
1067 1518 1241 1552 verum
1261 1518 1355 1550 nec
1377 1503 1541 1567 Cypro
1564 1500 1723 1566 patria
1737 1537 1752 1562 ,
1789 1508 1899 1547 tan-

77 1587 222 1634 quam
251 1571 414 1634 Cypro
456 1571 692 1634 genitrice
728 1571 915 1636 prolem
942 1570 1017 1637 4),
1054 1573 1136 1622 vel
1174 1572 1371 1636 Georgii
1417 1571 1590 1637 Cyprii
1628 1589 1653 1618 a
1694 1569 1897 1634 Synodo

74 1641 200 1688 iuste
233 1639 472 1688 vindicati
513 1649 562 1688 et
599 1642 808 1703 αἰωνίοις
845 1638 1044 1708 μνήμης
1074 1643 1285 1693 vocibus
1322 1642 1520 1707 excepti
1553 1641 1750 1690 nomine
1794 1656 1897 1687 non

75 1710 445 1759 inscribendum
481 1713 687 1760 solerter
725 1713 958 1761 admonet
985 1713 1145 1761 titulis
1180 1714 1430 1778 plerisque
1459 1711 1770 1760 Clarissimus
1798 1711 1896 1758 Leo

75 1781 288 1830 Allatius
313 1780 531 1830 Diatriba
556 1782 616 1831 de
641 1783 862 1847 Georgiis
884 1783 1086 1837 omnino
1107 1784 1280 1847 Regia,
1318 1784 1372 1831 in
1400 1800 1526 1848 qua,
1560 1782 1603 1830 si
1623 1781 1745 1829 haec
1770 1797 1896 1845 quo-

74 1869 170 1917 que
192 1852 316 1900 velis
339 1860 573 1917 excepta,
612 1853 672 1901 de
698 1854 894 1918 Georgii
911 1853 1127 1920 Syncelli
1154 1855 1351 1919 scriptis
1376 1853 1689 1902 selectissima
1714 1867 1897 1899 occur«-

73 1930 209 1972 runt.
279 1922 345 1970 At
378 1924 590 1988 Cyprius
625 1924 743 1986 ille,
789 1926 876 1988 qui
909 1933 1021 1974 ante
1055 1943 1209 1974 annos
1248 1925 1603 1991 quinquaginta
1639 1921 1895 1988 Synodum

74 2000 234 2044 morte
257 2002 606 2059 praevenerat,
644 1995 763 2043 licet
789 1994 875 2043 hic
906 1995 1154 2046 immerito
1179 2004 1472 2059 vocaretur,
1511 2012 1570 2043 ex
1601 1993 1895 2058 quibusdam

74 2064 231 2112 nihilo
256 2063 414 2112 secius
442 2065 630 2130 Synodi
659 2073 766 2114 acta
803 2067 1079 2132 subscripto
1118 2067 1313 2130 Georgii
1354 2067 1553 2114 nomine
1583 2062 1896 2112 firmantibus

73 2135 126 2183 111
139 2134 471 2199 suspicionem
497 2136 633 2184 venit
656 2137 869 2200 aliquem
893 2154 994 2185 esse
1014 2138 1296 2202 Syncellum
1320 2136 1560 2185 Breviarii
1577 2135 1895 2196 Chronogra-

74 2204 210 2271 phici
248 2214 512 2254 auctorem.
583 2206 920 2256 Numerantur
957 2215 1058 2256 tres
1081 2208 1210 2257 Acti.
1237 2209 1286 2261 4.
1328 2208 1467 2256 Prior
1503 2205 1738 2254 Nazianzi
1769 2203 1894 2267 Epi-

74 2276 215 2340 scopi
236 2275 345 2324 vice
370 2292 569 2339 gerens,
605 2277 730 2326 alter
750 2278 1103 2327 Domnicorum
1128 2279 1219 2327 GP.
1246 2273 1553 2344 ἡγούμενος,
1599 2276 1772 2323 tertius
1791 2273 1895 2321 ibi—

76 2346 186 2394 dem
220 2346 516 2394 'ilonasterio
547 2346 785 2411 Deiparae
823 2349 1010 2414 pariter
1045 2350 1354 2410 Praefectus,
1393 2348 1570 2412 quibus
1609 2351 1895 2393 accensetur

74 2416 204 2466 Acti.
226 2421 274 2469 6.
299 2424 502 2481 qualtus
525 2416 701 2465 Mosici
721 2419 961 2467 Praesulis
975 2435 1233 2484 personam
1251 2419 1468 2467 1eferens
1494 2418 1617 2464 alter
1640 2415 1894 2479 Georgius.

73 2487 306 2535 Fueritne
326 2487 528 2535 illorum
550 2504 653 2535 non
679 2505 842 2551 nem0,
880 2505 973 2537 ceu
997 2490 1257 2553 Presbyter
1275 2496 1421 2552 atque
1447 2482 1755 2554 ἡγούμενος,
1793 2484 1894 2532 Ab·

72 2558 160 2606 bas
183 2565 354 2606 noster
374 2565 423 2605 et
450 2553 754 2624 Σύγκελλος,
791 2558 947 2607 habeo
974 2561 1107 2624 quod
1131 2559 1421 2621 conficiam,
1454 2576 1554 2605 non
1575 2557 1730 2604 habeo
1758 2554 1895 2620 quod

73 2645 301 2680 asseram.
372 2629 593 2676 Eundem
622 2628 917 2693 Logothetae
945 2647 1148 2678 munere
1179 2638 1410 2678 ornatum
1442 2628 1582 2694 prius
1609 2628 1661 2675 in
1696 2626 1894 2675 saeculo

72 2699 196 2747 mihi
223 2698 410 2779 pariter
446 2707 495 2747 et
521 2667 720 2747 Allatiot>
730 2701 835 2747 sola
872 2700 1086 2765 suspicio
1125 2708 1222 2748 est:
1262 2699 1449 2748 divitiis
1474 2707 1636 2747 autem
1663 2705 1711 2745 et
1744 2696 1893 2746 nobi-.-

72 2770 244 2818 litate
231 2770 495 2832 insignem,
533 2771 721 2818 mundo
750 2778 1060 2839 contemptu,
1097 2770 1284 2819 Tarasii
1307 2770 1480 2834 Regiae
1505 2769 1643 2817 urbis
1681 2769 1896 2816 Praesu-

73 2840 135 2887 lis
160 2841 446 2905 Syncellum
481 2840 710 2888 eflectum
737 2839 932 2907 (mundi
963 2859 1080 2890 vero
1125 2849 1414 2906 contemptu
1451 2840 1546 2888 soli
1581 2856 1630 2888 se
1657 2838 1896 2887 deiiciunt

75 2911 331 2975 opulenti,
372 2918 421 2958 et
448 2912 509 2958 ad
535 2912 753 2976 Syncelli
781 2930 963 2960 munus
989 2913 1180 2960 nobiles
1209 2930 1264 2960 eo
1299 2920 1518 2975 tempore
1549 2909 1896 2975 proveheban-

73 2988 158 3029 tur
182 2979 314 3045 0011),
337 2990 631 3030 memoratus
656 2983 830 3031 asserit
848 2983 1153 3036 [Anastasius
1224 2981 1494 3032 Monachus
1519 2980 1797 3028 solitudinis
1819 2994 1895 3025 re-

77 3068 215 3099 cessu
249 3059 296 3099 et
328 3050 534 3100 horrore
562 3052 847 3101 delitescens
882 3054 1092 3101 delatam
1128 3054 1179 3101 in
1212 3071 1354 3119 pares
1393 3052 1482 3100 sibi
1522 3048 1894 3099 contubernales

76 3121 267 3186 accepit
289 3123 353 3170 P1
356 3123 679 3179 aefecturam
717 3131 766 3171 et
793 3125 854 3171 ob
878 3141 1042 3172 10111111
1065 3141 1147 3188 gei
1150 3125 1386 3172 endarum
1414 3123 1690 3181 solertiam,
1728 3119 1896 3167 virtu-

75 3201 246 3254 tesque
286 3192 463 3256 quibus
503 3194 751 3258 piaeibat,
789 3195 1025 3259 insignis,
1069 3195 1247 3242 usitate
1282 3189 1590 3261 ἡγουμενος,
1629 3188 1896 3254 Theopha-

77 3262 151 3310 nis
181 3259 224 3326 5)
258 3262 418 3310 verbo
454 3259 640 3329 Ἀββᾶς
677 3263 970 3317 declaratur
1043 3266 1188 3312 {hides
1229 3265 1355 3324 eius,
1403 3262 1693 3330 piudentia,
1739 3259 1919 3324 pietas>

76 3334 131 3380 in
160 3333 309 3379 Deum
335 3341 384 3381 et
414 3334 710 3397 Ecclesiam,
753 3334 980 3385 doctiina
1011 3337 1282 3400 excellens¹
1330 3352 1424 3384 nec
1463 3330 1740 3383 communia
1781 3335 1895 3376 ante

134 3482 186 3538 4)
218 3487 312 3526 Act.
344 3485 372 3526 6
403 3491 446 3528 et
476 3487 515 3527 7.
630 3488 684 3542 5)
713 3488 762 3529 In
792 3489 955 3532 Histor.
987 3489 1211 3546 prooemio.
