2222 3938
636 162 735 216 ET
770 162 1361 220 ANNOTATIONES.
1789 158 1914 218 415

90 312 150 343 co
183 292 280 343 suit
305 291 537 341 monitus.
611 292 842 342 Eiusdem
864 294 1023 344 nihilo
1049 296 1208 344 secius
1248 295 1570 362 expositionis
1608 303 1720 345 ante
1747 300 1916 346 octin-

88 374 264 430 gentos
289 379 445 410 annos
469 363 652 411 litteris
681 366 1028 429 consignatae,
1067 384 1127 414 en
1152 374 1209 414 ut
1240 367 1476 431 Georgius
1506 384 1642 417 meus
1676 368 1915 418 invento-

87 453 194 485 rem
218 450 268 480 se
293 434 510 498 profert,
546 434 759 482 fundum
784 437 1050 501 producit,
1088 446 1136 485 et
1156 437 1288 485 hanc
1314 438 1469 519 ipsam
1495 438 1591 486 init
1613 439 1915 488 conciliandi

89 521 204 554 cum
227 503 362 552 Mose
378 505 614 570 Stephani
629 506 887 558 rationem.
962 509 1108 556 Plura
1133 517 1180 556 et
1206 509 1527 557 concinniora
1547 510 1654 575 ipse
1678 510 1914 558 Nicolaus

87 575 331 625 Abramus
357 575 505 624 Phari
526 583 634 623 toto
660 576 788 624 libro
814 583 862 630 7.
887 578 1116 627 breviora
1144 587 1192 628 et
1216 579 1398 629 minori
1419 581 1736 629 contentione
1760 589 1913 645 certa,

9 664 11 666 ·
87 644 315 695 Petavius
335 645 421 697 lib.
447 651 497 700 9.
532 647 592 694 de
619 647 762 695 Doct.
792 649 961 734 Temp.
990 667 1094 714 cap.
1126 655 1203 703 17.

229 716 343 779 Pag·
381 716 463 770 94.
510 714 580 767 Τα
620 712 717 768 dud
756 722 849 769 τοῦ
874 714 968 784 ρμῖ
1009 719 1182 801 37:01195]
1230 720 1434 785 Repone
1458 717 1519 772 τοὶ
1545 718 1645 773 ἀπὸ
1673 725 1767 774 τοῦ
1789 717 1910 788 ρμέ.

87 785 252 848 ἔτους,
289 791 382 837 τοῦ
411 782 586 854 Θάῤῥα
609 789 858 853 intellige:
896 791 1053 855 ipsius
1078 792 1207 838 enim
1229 791 1361 838 vitae
1384 797 1468 845 70.
1498 800 1546 840 et
1580 793 1639 840 ab
1665 793 1912 842 Abraham

87 858 168 906 die
205 858 358 905 natali
399 858 483 905 alii
517 859 602 912 75.
640 876 879 908 summam
915 862 1032 914 145.
1070 862 1134 909 ad
1169 861 1440 925 marginem
1486 864 1700 928 positam
1762 882 1912 912 com-

83 935 338 1062 Ponugiig.
377 1002 463 1052 96·
507 1002 611 1050 Τοῦ
635 997 690 1051 δὲ
714 994 907 1066 κόσμου
933 993 1002 1065 ἧν
1040 999 1148 1060 ε’τος
1170 999 1324 1070 γρνζ.
1327 1002 1347 1067 ]
1385 1004 1546 1052 Habet
1573 1004 1773 1085 qui-dem
1810 1005 1912 1053 MS.

85 1065 252 1138 γροοί.
286 1086 459 1119 verum
485 1065 646 1138 γρνζ.
681 1079 792 1119 tuto
831 1071 1228 1120 substituendum
1269 1073 1348 1121 his
1395 1075 1694 1123 coniecturis
1733 1076 1912 1123 ductus

0 1182 1 1185 ,
85 1157 264 1190 assero.
327 1144 373 1193 1.
417 1139 645 1189 Chamois
679 1159 787 1190 rex
815 1143 1034 1191 decimus
1074 1151 1276 1206 quartus
1302 1162 1430 1193 anno
1457 1146 1609 1198 3145
1640 1146 1703 1193 ad
1733 1146 1911 1196 solium

85 1218 312 1272 evectus,
352 1210 614 1259 duodecim
637 1213 778 1260 annis
801 1213 1096 1278 occupavit,
1134 1215 1198 1262 ad
1221 1232 1408 1263 annum
1432 1216 1600 1280 itaque
1624 1218 1778 1269 3157.
1814 1234 1911 1278 quo

84 1282 325 1330 Amesises
362 1282 525 1346 coepit
551 1300 772 1346 regnare.
845 1284 904 1331 In
944 1285 1201 1333 adversam
1241 1294 1432 1350 partem
1456 1287 1553 1335 MS.
1576 1287 1915 1334 testimonium

86 1352 259 1400 scribit
284 1352 516 1416 Scaliger,
556 1362 604 1402 et
624 1354 809 1404 obiicit.
880 1355 1122 1403 Amesises
1149 1356 1368 1405 decimus
1384 1357 1588 1421 quintus
1615 1374 1743 1405 anno
1758 1360 1915 1411 3171.

83 1440 178 1472 rex
202 1423 512 1485 declaratur,
550 1442 836 1490 praecessor
868 1425 1087 1473 decimus
1123 1435 1327 1490 quartus
1362 1445 1492 1476 anno
1530 1428 1685 1482 3145.
1709 1445 1916 1491 regnum

85 1493 242 1558 igitur
280 1494 421 1541 annis
462 1499 548 1547 26.
581 1513 684 1543 non
725 1495 986 1543 duodecim
1032 1496 1151 1547 solis
1198 1499 1480 1547 moderatus
1532 1507 1622 1548 est.
1705 1499 1917 1563 Utrique

84 1566 217 1630 parti
258 1564 319 1612 de
352 1564 565 1613 victoria
600 1566 875 1614 decertanti
911 1568 1047 1616 favet
1092 1567 1192 1616 MS.
1244 1577 1443 1632 textus,
1496 1570 1751 1618 certiorem
1799 1570 1919 1618 licet
1946 1575 2003 1620 V.
2030 1578 2106 1622 30.

84 1636 308 1701 priorem
343 1636 638 1685 sententiam
680 1644 954 1688 attestetur.
1041 1637 1233 1686 Veritas
1264 1640 1366 1688 eius
1401 1657 1463 1687 ex
1499 1641 1640 1688 annis
1666 1641 1916 1704 sequentis

87 1705 270 1754 decimi
298 1705 463 1770 quinti
486 1707 614 1771 regis
639 1706 855 1756 eruitur:
895 1708 1035 1755 cuius
1066 1709 1160 1756 etsi
1182 1727 1287 1757 non
1313 1727 1494 1759 nomen
1520 1719 1607 1759 aut
1627 1711 1769 1774 regni
1795 1729 1916 1776 spa·-

84 1777 238 1838 tium‚
277 1783 361 1824 aut
400 1792 498 1842 quo
538 1778 713 1826 mundi
737 1794 867 1825 anno
904 1786 1160 1843 sceptrum
1197 1780 1349 1828 suerit
1374 1782 1580 1846 adeptus
1604 1799 1707 1829 non
1732 1782 1917 1847 expri-

85 1855 190 1896 mat
212 1847 315 1896 MS.
342 1864 462 1911 quae
493 1857 672 1897 cuncta
693 1849 902 1896 lacunae
923 1848 1066 1896 hiatu
1092 1849 1462 1915 desiderantur,
1497 1857 1554 1900 ‘ea
1580 1859 1745 1901 tamen
1770 1853 1915 1916 igno-

83 1925 137 1967 to
166 1927 452 1967 remanente
482 1920 609 1984 regis
634 1919 861 1982 nomine,
899 1919 994 1967 hac
1022 1921 1176 1968 altera
1214 1922 1522 1988 superiorem
1556 1930 1754 1971 tutante
1788 1941 1915 1972 con-

83 1988 274 2036 iectura
300 1990 602 2055 supplemus.
673 1991 774 2052 Ac,
812 1990 855 2038 si
886 1991 1054 2053 lubet,
1093 1992 1264 2041 demus
1289 1994 1535 2057 Scaligero
1573 1995 1709 2058 quod
1734 2003 1915 2059 postu-

83 2059 179 2121 lat,
217 2066 276 2106 ut
298 2078 389 2124 pro
416 2078 512 2124 qua
534 2062 884 2110 contendimus
908 2063 1167 2110 certiorem
1203 2065 1441 2113 faciamus
1467 2064 1779 2129 opinionem;
1815 2066 1911 2114 de·-

83 2147 224 2191 mna,
262 2129 493 2194 inquam,
531 2132 788 2180 Chamoim
817 2150 947 2180 anno
974 2134 1150 2180 mundi
1176 2136 1333 2189 3145.
1361 2135 1570 2200 sceptris
1595 2136 1829 2200 potitum,
1862 2142 1913 2183 et

85 2200 150 2248 ad
183 2200 418 2263 Scaligeri
453 2209 632 2249 nutum
672 2202 812 2249 annis
846 2208 931 2255 26.
973 2220 1028 2251 ea
1065 2205 1308 2268 tenuisse,
1356 2207 1418 2253 ad
1449 2222 1634 2253 annum
1672 2206 1911 2254 videlicet

83 2273 241 2324 3171.
267 2288 368 2335 quo
397 2287 509 2319 eum
536 2272 734 2336 excepit
757 2273 1018 2320 Amesises:
1053 2274 1294 2322 Amesises
1321 2275 1413 2324 iste
1445 2276 1587 2323 annis
1613 2277 1699 2330 65.
1722 2293 1908 2340 regna-

82 2340 188 2402 vit,
226 2359 285 2388 ae
310 2341 522 2406 proinde
558 2359 744 2390 annum
774 2345 928 2395 3236.
967 2343 1145 2406 attigit.
1220 2346 1415 2404 Quaero
1441 2346 1567 2408 iam,
1604 2346 1794 2395 medius
1822 2346 1909 2394 ille

83 2410 412 2459 innominatis
454 2420 575 2475 quot
599 2412 736 2477 regni
769 2429 926 2460 annos
975 2415 1300 2477 assequetur?
1348 2416 1557 2464 Nullos?
1605 2418 1718 2465 Non
1753 2417 1910 2481 igitur

86 2482 253 2530 extitit
287 2490 374 2530 aut
404 2483 646 2545 regnavit.
717 2482 962 2545 Aliquos?
1007 2485 1169 2532 Medio
1195 2485 1362 2550 itaque
1395 2487 1662 2536 Amesisem
1688 2488 1823 2537 inter
1859 2494 1911 2535 et

86 2552 234 2602 Usem
265 2551 552 2602 intervallo.
627 2552 695 2601 At
721 2570 783 2600 ex
808 2554 1064 2602 emendato
1091 2556 1327 2619 Scaligeri
1351 2558 1544 2606 calculo
1566 2558 1795 2607 Amesisis
1818 2575 1911 2605 an-

84 2623 140 2671 ni
171 2622 284 2670 Usis
307 2622 367 2671 ab
394 2640 451 2671 eo
474 2623 681 2671 secundi
704 2623 1011 2687 temporibus
1032 2623 1253 2676 haerent.
1308 2628 1511 2676 Nullum
1541 2646 1656 2693 ergo
1690 2627 1911 2677 891111119-

87 2693 205 2741 cimi
241 2694 371 2758 regis
426 2694 661 2759 anonymi
703 2693 913 2759 imperio
962 2696 1255 2745 conceditur
1288 2698 1539 2763 spatium,
1585 2699 1723 2746 nulla
1771 2698 1913 2762 regni

86 2763 285 2811 duratio
310 2764 598 2830 imputatur,
669 2764 804 2812 Haec
828 2765 927 2812 fuit
951 2765 1007 2812 in
1033 2766 1286 2815 Chamoim
1325 2786 1489 2833 regem
1527 2768 1763 2832 Scaligeri
1793 2786 1914 2817 niu-

83 2833 367 2898 nificentia,
405 2843 464 2883 ut
486 2834 625 2899 regni
646 2839 730 2890 26.
755 2835 895 2883 annis
922 2837 1190 2899 concessis,
1225 2839 1422 2886 nullum
1455 2839 1792 2888 sextodecimo
1825 2856 1914 2888 re-

84 2904 360 2970 linqueret,
398 2906 484 2954 sed
518 2922 677 2970 neque
716 2906 880 2954 solum
923 2906 1052 2956 diem
1099 2908 1390 2972 imperando
1427 2910 1750 2975 permitteret.
1830 2911 1911 2958 Ex

86 2975 294 3023 adverso
321 2994 433 3024 cum
471 2977 749 3025 emendatio
785 2984 954 3025 nostra
981 2978 1355 3041 quatuordecim
1393 2997 1548 3030 annos
1585 2980 1742 3029 eidem
1779 2981 1912 3029 nulli

87 3045 259 3093 facta
244 3046 423 3095 iniuria
450 3046 664 3110 tribuat,
701 3064 795 3095 nec
817 3048 914 3098 MS.
943 3048 1047 3097 vim
1070 3048 1274 3112 inferat,
1313 3057 1362 3098 et
1387 3068 1485 3115 qua
1517 3059 1659 3117 parte
1689 3051 1910 3099 necessi-

85 3122 161 3163 tas
185 3116 375 3182 expetit
393 3116 722 3183 interpoletur
746 3125 932 3181 textus,
964 3119 1304 3168 coniecturam
1330 3129 1552 3172 nostram
1577 3120 1911 3185 Scaligeriana

84 3186 323 3236 tutiorem
346 3204 608 3253 possumus
628 3189 892 3238 affirmare.

234 3262 414 3343 Τοῖγαρ
442 3255 664 3325 ἄμαχος]
701 3259 976 3342 Interpolat
1001 3259 1221 3324 Scaliger
1257 3260 1319 3310 de
1353 3278 1444 3310 suo
1470 3278 1733 3344 reponens,
1792 3264 1909 3309 Τοι-

85 3320 308 3395 γᾶραμος
332 3325 522 3394 ἄμαχος
539 3332 663 3397 χειρὶ
691 3330 721 3382 o‘
746 3325 1064 3397 ἑρμηνεύεται
1095 3333 1369 3399 Τίσανδρος
1395 3332 1477 3398 ἔτη
1506 3327 1600 3383 σθ’.
1641 3329 1779 3391 Quid
1796 3337 1907 3394 agat

86 3397 149 3447 de
174 3415 300 3449 voce
323 3398 713 3483 περισσομέληςῖ
749 3400 967 3464 Agnovit
986 3401 1342 3469 περισσομὲληε
1376 3402 1589 3452 rescidit.

224 3464 606 3536 Ετησιπαντός.]
643 3470 1013 3537 Significantius
1028 3471 1248 3539 Scaliger
1270 3473 1463 3539 αἴτησις
1482 3464 1678 3531 παντός.
