<?xml version="1.0" encoding="UTF-8"?>
<!DOCTYPE html PUBLIC "-//W3C//DTD XHTML 1.0 Transitional//EN"
    "http://www.w3.org/TR/xhtml1/DTD/xhtml1-transitional.dtd">
<html xmlns="http://www.w3.org/1999/xhtml" xml:lang="en" lang="en">
 <head>
  <title>
</title>
<meta http-equiv="Content-Type" content="text/html;charset=utf-8" />
  <meta name='ocr-system' content='tesseract 3.04.00' />
  <meta name='ocr-capabilities' content='ocr_page ocr_carea ocr_par ocr_line ocrx_word'/>
</head>
<body>
  <div class='ocr_page' id='page_1' title='image "./corpusscriptorum21niebuoft_0400.png"; bbox 0 0 2222 3938; ppageno 0'>
   <div class='ocr_carea' id='block_1_1' title="bbox 307 195 1475 304">
    <p class='ocr_par' dir='ltr' id='par_1_1' title="bbox 307 195 1475 304">
     <span class='ocr_line' id='line_1_1' title="bbox 307 195 1475 304; baseline -0.001 -2"><span class='ocrx_word' id='word_1_1' title='bbox 307 238 433 304; x_wconf 74' lang='lat'>590</span> <span class='ocrx_word' id='word_1_2' title='bbox 811 195 815 202; x_wconf 23' lang='lat'>³</span> <span class='ocrx_word' id='word_1_3' title='bbox 894 215 1475 303; x_wconf 76' lang='lat' dir='ltr'><strong>EMENDATIONES</strong></span> 
     </span>
    </p>
   </div>
   <div class='ocr_carea' id='block_1_2' title="bbox 299 373 2128 815">
    <p class='ocr_par' dir='ltr' id='par_1_2' title="bbox 299 373 2128 795">
     <span class='ocr_line' id='line_1_2' title="bbox 306 373 2128 444; baseline 0 -19"><span class='ocrx_word' id='word_1_4' title='bbox 306 395 422 425; x_wconf 82' lang='lat' dir='ltr'>cum</span> <span class='ocrx_word' id='word_1_5' title='bbox 447 380 554 443; x_wconf 75' lang='lat' dir='ltr'>ipse</span> <span class='ocrx_word' id='word_1_6' title='bbox 571 374 715 444; x_wconf 81' lang='lat' dir='ltr'>apud</span> <span class='ocrx_word' id='word_1_7' title='bbox 722 374 1035 441; x_wconf 81' lang='lat' dir='ltr'>Africanum</span> <span class='ocrx_word' id='word_1_8' title='bbox 1061 383 1107 422; x_wconf 79' lang='lat' dir='ltr'>et</span> <span class='ocrx_word' id='word_1_9' title='bbox 1131 374 1397 439; x_wconf 77' lang='lat' dir='ltr'>Iosephum</span> <span class='ocrx_word' id='word_1_10' title='bbox 1419 383 1583 423; x_wconf 82' lang='lat' dir='ltr'><strong><em>extare</em></strong></span> <span class='ocrx_word' id='word_1_11' title='bbox 1600 383 1757 441; x_wconf 81' lang='lat' dir='ltr'>neget,</span> <span class='ocrx_word' id='word_1_12' title='bbox 1780 377 1967 425; x_wconf 79' lang='lat' dir='ltr'>mirum</span> <span class='ocrx_word' id='word_1_13' title='bbox 1994 373 2128 425; x_wconf 82' lang='lat' dir='ltr'>unde</span> 
     </span>
     <span class='ocr_line' id='line_1_3' title="bbox 299 445 2125 514; baseline -0.001 -16"><span class='ocrx_word' id='word_1_14' title='bbox 299 451 584 514; x_wconf 72' lang='lat' dir='ltr'>expiscatus</span> <span class='ocrx_word' id='word_1_15' title='bbox 605 452 686 498; x_wconf 77' lang='lat' dir='ltr'>sit.</span> <span class='ocrx_word' id='word_1_16' title='bbox 756 448 890 496; x_wconf 87' lang='lat' dir='ltr'>Haec</span> <span class='ocrx_word' id='word_1_17' title='bbox 914 446 1148 510; x_wconf 83' lang='lat' dir='ltr'>Scaligeri</span> <span class='ocrx_word' id='word_1_18' title='bbox 1175 445 1460 504; x_wconf 79' lang='lat' dir='ltr'><strong>sinceritas,</strong></span> <span class='ocrx_word' id='word_1_19' title='bbox 1495 454 1551 494; x_wconf 82' lang='lat' dir='ltr'>ut</span> <span class='ocrx_word' id='word_1_20' title='bbox 1585 464 1685 511; x_wconf 86' lang='lat' dir='ltr'>quo</span> <span class='ocrx_word' id='word_1_21' title='bbox 1727 447 1932 496; x_wconf 89' lang='lat' dir='ltr'>crimine</span> <span class='ocrx_word' id='word_1_22' title='bbox 1961 448 2125 496; x_wconf 86' lang='lat' dir='ltr'>Geor-</span> 
     </span>
     <span class='ocr_line' id='line_1_4' title="bbox 299 516 2127 582; baseline 0 -16"><span class='ocrx_word' id='word_1_23' title='bbox 299 521 410 582; x_wconf 73' lang='lat' dir='ltr'>gius</span> <span class='ocrx_word' id='word_1_24' title='bbox 437 528 608 567; x_wconf 85' lang='lat' dir='ltr'>onerat</span> <span class='ocrx_word' id='word_1_25' title='bbox 633 518 947 578; x_wconf 88' lang='lat' dir='ltr'>Africanum,</span> <span class='ocrx_word' id='word_1_26' title='bbox 985 517 1091 582; x_wconf 91' lang='lat' dir='ltr'>ipse</span> <span class='ocrx_word' id='word_1_27' title='bbox 1116 516 1355 581; x_wconf 87' lang='lat' dir='ltr'><strong>Georgius</strong></span> <span class='ocrx_word' id='word_1_28' title='bbox 1382 533 1409 563; x_wconf 93' lang='lat' dir='ltr'>a</span> <span class='ocrx_word' id='word_1_29' title='bbox 1431 517 1676 580; x_wconf 83' lang='lat' dir='ltr'>Scaligero</span> <span class='ocrx_word' id='word_1_30' title='bbox 1699 517 1823 565; x_wconf 88' lang='lat' dir='ltr'>falso</span> <span class='ocrx_word' id='word_1_31' title='bbox 1848 525 2127 566; x_wconf 83' lang='lat' dir='ltr'>accusetur.</span> 
     </span>
     <span class='ocr_line' id='line_1_5' title="bbox 305 587 2122 667; baseline -0.001 -30"><span class='ocrx_word' id='word_1_32' title='bbox 305 591 584 655; x_wconf 83' lang='lat' dir='ltr'>Exprobrat</span> <span class='ocrx_word' id='word_1_33' title='bbox 610 589 842 636; x_wconf 86' lang='lat' dir='ltr'>Africano</span> <span class='ocrx_word' id='word_1_34' title='bbox 869 588 1106 651; x_wconf 77' lang='lat' dir='ltr'>Georgius</span> <span class='ocrx_word' id='word_1_35' title='bbox 1129 604 1450 667; x_wconf 84' lang='lat' dir='ltr'>personarum</span> <span class='ocrx_word' id='word_1_36' title='bbox 1471 587 1552 636; x_wconf 82' lang='lat' dir='ltr'>vel</span> <span class='ocrx_word' id='word_1_37' title='bbox 1574 587 1832 635; x_wconf 86' lang='lat' dir='ltr'>nominum</span> <span class='ocrx_word' id='word_1_38' title='bbox 1848 587 2122 650; x_wconf 61' lang='lat' dir='ltr'>inscitiam</span> 
     </span>
     <span class='ocr_line' id='line_1_6' title="bbox 307 657 2128 725; baseline -0.001 -19"><span class='ocrx_word' id='word_1_39' title='bbox 307 660 442 725; x_wconf 88' lang='lat' dir='ltr'>quod</span> <span class='ocrx_word' id='word_1_40' title='bbox 467 658 702 707; x_wconf 86' lang='lat' dir='ltr'>nimirum</span> <span class='ocrx_word' id='word_1_41' title='bbox 721 659 851 707; x_wconf 90' lang='lat' dir='ltr'>idem</span> <span class='ocrx_word' id='word_1_42' title='bbox 877 658 943 707; x_wconf 87' lang='lat' dir='ltr'>sit</span> <span class='ocrx_word' id='word_1_43' title='bbox 970 659 1147 720; x_wconf 87' lang='lat' dir='ltr'>Amos,</span> <span class='ocrx_word' id='word_1_44' title='bbox 1185 657 1269 722; x_wconf 86' lang='lat' dir='ltr'>qui</span> <span class='ocrx_word' id='word_1_45' title='bbox 1307 657 1496 705; x_wconf 87' lang='lat' dir='ltr'>Amosis</span> <span class='ocrx_word' id='word_1_46' title='bbox 1527 666 1764 719; x_wconf 85' lang='lat' dir='ltr'>vocatur,</span> <span class='ocrx_word' id='word_1_47' title='bbox 1802 664 1852 704; x_wconf 85' lang='lat' dir='ltr'>et</span> <span class='ocrx_word' id='word_1_48' title='bbox 1885 657 2128 706; x_wconf 83' lang='lat' dir='ltr'>Tethmo—</span> 
     </span>
     <span class='ocr_line' id='line_1_7' title="bbox 305 721 2125 815; baseline 0.001 -38"><span class='ocrx_word' id='word_1_49' title='bbox 305 730 397 777; x_wconf 87' lang='lat' dir='ltr'>sis:</span> <span class='ocrx_word' id='word_1_50' title='bbox 451 725 590 794; x_wconf 80' lang='grc' dir='ltr'><strong><em>οἶμαι</em></strong></span> <span class='ocrx_word' id='word_1_51' title='bbox 623 726 707 780; x_wconf 86' lang='grc' dir='ltr'>τὸν</span> <span class='ocrx_word' id='word_1_52' title='bbox 736 725 1034 815; x_wconf 76' lang='grc' dir='ltr'><strong><em>Ἀφρικανὸν</em></strong></span> <span class='ocrx_word' id='word_1_53' title='bbox 1067 723 1299 794; x_wconf 69' lang='grc' dir='ltr'><strong><em>ἀγνοεῖν,</em></strong></span> <span class='ocrx_word' id='word_1_54' title='bbox 1337 723 1414 778; x_wconf 78' lang='grc' dir='ltr'>ότι</span> <span class='ocrx_word' id='word_1_55' title='bbox 1451 727 1536 778; x_wconf 83' lang='grc' dir='ltr'>καὶ</span> <span class='ocrx_word' id='word_1_56' title='bbox 1564 726 1598 779; x_wconf 85' lang='grc' dir='ltr'>ὁ</span> <span class='ocrx_word' id='word_1_57' title='bbox 1607 723 1754 814; x_wconf 79' lang='grc' dir='ltr'><strong><em>παρ’</em></strong></span> <span class='ocrx_word' id='word_1_58' title='bbox 1781 721 1917 795; x_wconf 73' lang='grc' dir='ltr'>αὐτῷ</span> <span class='ocrx_word' id='word_1_59' title='bbox 1950 723 2125 794; x_wconf 82' lang='grc' dir='ltr'><strong><em>Ἀμως,</em></strong></span> 
     </span>
    </p>
   </div>
   <div class='ocr_carea' id='block_1_3' title="bbox 287 792 2139 3453">
    <p class='ocr_par' dir='ltr' id='par_1_3' title="bbox 287 792 2130 1285">
     <span class='ocr_line' id='line_1_8' title="bbox 287 792 2127 864; baseline -0.003 -16"><span class='ocrx_word' id='word_1_60' title='bbox 287 797 510 863; x_wconf 65' lang='grc' dir='ltr'>4’Ἀμωσις</span> <span class='ocrx_word' id='word_1_61' title='bbox 532 798 780 855; x_wconf 79' lang='grc' dir='ltr'><strong><em>ἐκαλεῖτο,</em></strong></span> <span class='ocrx_word' id='word_1_62' title='bbox 821 797 848 849; x_wconf 83' lang='grc' dir='ltr'>ὁ</span> <span class='ocrx_word' id='word_1_63' title='bbox 873 795 1016 860; x_wconf 80' lang='grc' dir='ltr'><strong><em>αυτὸς</em></strong></span> <span class='ocrx_word' id='word_1_64' title='bbox 1035 799 1120 849; x_wconf 85' lang='grc' dir='ltr'>καὶ</span> <span class='ocrx_word' id='word_1_65' title='bbox 1155 797 1441 863; x_wconf 74' lang='grc' dir='ltr'><strong><em>Τέθμωσις,</em></strong></span> <span class='ocrx_word' id='word_1_66' title='bbox 1477 794 1583 856; x_wconf 64' lang='grc' dir='ltr'><strong><em>ὐἱὸς</em></strong></span> <span class='ocrx_word' id='word_1_67' title='bbox 1607 792 1828 864; x_wconf 68' lang='grc' dir='ltr'><strong><em>Ἀσσηθι</em></strong></span> <span class='ocrx_word' id='word_1_68' title='bbox 1865 807 1911 844; x_wconf 82' lang='lat' dir='ltr'>et</span> <span class='ocrx_word' id='word_1_69' title='bbox 1939 796 2127 844; x_wconf 77' lang='lat' dir='ltr'><em>delirat</em></span> 
     </span>
     <span class='ocr_line' id='line_1_9' title="bbox 295 867 2128 933; baseline -0.001 -16.986"><span class='ocrx_word' id='word_1_70' title='bbox 295 870 588 932; x_wconf 72' lang='lat' dir='ltr'>·Georgius,</span> <span class='ocrx_word' id='word_1_71' title='bbox 638 870 708 917; x_wconf 88' lang='lat' dir='ltr'>ait</span> <span class='ocrx_word' id='word_1_72' title='bbox 747 870 989 933; x_wconf 84' lang='lat' dir='ltr'>Scaliger,</span> <span class='ocrx_word' id='word_1_73' title='bbox 1039 871 1251 916; x_wconf 76' lang='lat' dir='ltr'>sentiens·</span> <span class='ocrx_word' id='word_1_74' title='bbox 1292 867 1432 933; x_wconf 83' lang='lat' dir='ltr'>quod</span> <span class='ocrx_word' id='word_1_75' title='bbox 1464 869 1602 915; x_wconf 71' lang='lat' dir='ltr'>alia-s·</span> <span class='ocrx_word' id='word_1_76' title='bbox 1635 871 1705 915; x_wconf 81' lang='lat' dir='ltr'>sit</span> <span class='ocrx_word' id='word_1_77' title='bbox 1746 868 1932 930; x_wconf 79' lang='lat' dir='ltr'>Amos,</span> <span class='ocrx_word' id='word_1_78' title='bbox 1987 869 2128 915; x_wconf 76' lang='lat' dir='ltr'>alius</span> 
     </span>
     <span class='ocr_line' id='line_1_10' title="bbox 300 938 2127 1018; baseline -0.002 -30"><span class='ocrx_word' id='word_1_79' title='bbox 300 939 537 988; x_wconf 77' lang='lat' dir='ltr'>Amosis:</span> <span class='ocrx_word' id='word_1_80' title='bbox 582 939 715 1005; x_wconf 87' lang='lat' dir='ltr'>proh</span> <span class='ocrx_word' id='word_1_81' title='bbox 749 940 845 987; x_wconf 87' lang='lat' dir='ltr'>viri</span> <span class='ocrx_word' id='word_1_82' title='bbox 880 940 1029 987; x_wconf 84' lang='lat' dir='ltr'>fidem</span> <span class='ocrx_word' id='word_1_83' title='bbox 1065 948 1113 987; x_wconf 85' lang='lat' dir='ltr'>et</span> <span class='ocrx_word' id='word_1_84' title='bbox 1143 939 1470 1002; x_wconf 86' lang='lat' dir='ltr'>diligentiam!</span> <span class='ocrx_word' id='word_1_85' title='bbox 1519 938 1659 986; x_wconf 87' lang='lat' dir='ltr'><strong>Unde</strong></span> <span class='ocrx_word' id='word_1_86' title='bbox 1695 955 1846 1004; x_wconf 85' lang='lat' dir='ltr'>porro</span> <span class='ocrx_word' id='word_1_87' title='bbox 1885 938 2127 1018; x_wconf 78' lang='lat' dir='ltr'>Georgius</span> 
     </span>
     <span class='ocr_line' id='line_1_11' title="bbox 302 1008 2126 1094; baseline 0 -39"><span class='ocrx_word' id='word_1_88' title='bbox 302 1009 586 1073; x_wconf 73' lang='lat' dir='ltr'>expiscatus</span> <span class='ocrx_word' id='word_1_89' title='bbox 624 1009 686 1057; x_wconf 83' lang='lat' dir='ltr'>sit</span> <span class='ocrx_word' id='word_1_90' title='bbox 725 1009 901 1058; x_wconf 88' lang='lat' dir='ltr'>Asseth</span> <span class='ocrx_word' id='word_1_91' title='bbox 934 1017 1127 1094; x_wconf 88' lang='lat' dir='ltr'>patrem</span> <span class='ocrx_word' id='word_1_92' title='bbox 1149 1008 1295 1056; x_wconf 88' lang='lat' dir='ltr'>Amos</span> <span class='ocrx_word' id='word_1_93' title='bbox 1328 1008 1480 1056; x_wconf 88' lang='lat' dir='ltr'>fuisse</span> <span class='ocrx_word' id='word_1_94' title='bbox 1491 1009 1787 1094; x_wconf 88' lang='lat' dir='ltr'>respondet</span> <span class='ocrx_word' id='word_1_95' title='bbox 1809 1025 1893 1057; x_wconf 86' lang='lat' dir='ltr'>ore</span> <span class='ocrx_word' id='word_1_96' title='bbox 1918 1009 2126 1074; x_wconf 89' lang='lat' dir='ltr'>proprio</span> 
     </span>
     <span class='ocr_line' id='line_1_12' title="bbox 302 1073 2130 1164; baseline 0 -39"><span class='ocrx_word' id='word_1_97' title='bbox 302 1086 352 1126; x_wconf 85' lang='lat' dir='ltr'>et</span> <span class='ocrx_word' id='word_1_98' title='bbox 382 1079 546 1127; x_wconf 87' lang='lat' dir='ltr'>verbis</span> <span class='ocrx_word' id='word_1_99' title='bbox 572 1080 803 1144; x_wconf 88' lang='lat' dir='ltr'>propriis.</span> <span class='ocrx_word' id='word_1_100' title='bbox 853 1080 907 1130; x_wconf 81' lang='grc' dir='ltr'>ἐκ</span> <span class='ocrx_word' id='word_1_101' title='bbox 930 1083 1032 1130; x_wconf 77' lang='grc' dir='ltr'>τῶν</span> <span class='ocrx_word' id='word_1_102' title='bbox 1060 1073 1418 1164; x_wconf 80' lang='grc' dir='ltr'><strong><em>ακριβεστὲρων</em></strong></span> <span class='ocrx_word' id='word_1_103' title='bbox 1445 1081 1544 1130; x_wconf 80' lang='grc' dir='ltr'>τῶν</span> <span class='ocrx_word' id='word_1_104' title='bbox 1579 1074 1931 1146; x_wconf 65' lang='grc' dir='ltr'><strong><em>ἀντιγράφων,</em></strong></span> <span class='ocrx_word' id='word_1_105' title='bbox 1969 1086 2018 1126; x_wconf 85' lang='lat' dir='ltr'>et</span> <span class='ocrx_word' id='word_1_106' title='bbox 2047 1078 2130 1126; x_wconf 91' lang='lat' dir='ltr'>in-</span> 
     </span>
     <span class='ocr_line' id='line_1_13' title="bbox 301 1144 2130 1235; baseline -0.002 -37"><span class='ocrx_word' id='word_1_107' title='bbox 301 1149 401 1198; x_wconf 84' lang='lat' dir='ltr'>fra:</span> <span class='ocrx_word' id='word_1_108' title='bbox 440 1145 562 1214; x_wconf 85' lang='grc' dir='ltr'><strong><em>όπερ</em></strong></span> <span class='ocrx_word' id='word_1_109' title='bbox 585 1150 708 1215; x_wconf 69' lang='grc' dir='ltr'><strong><em>’ἡμῖν</em></strong></span> <span class='ocrx_word' id='word_1_110' title='bbox 734 1147 936 1215; x_wconf 76' lang='grc' dir='ltr'><strong><em>εὕρηται</em></strong></span> <span class='ocrx_word' id='word_1_111' title='bbox 965 1147 1083 1215; x_wconf 74' lang='grc' dir='ltr'><strong><em>μετὰ</em></strong></span> <span class='ocrx_word' id='word_1_112' title='bbox 1107 1153 1295 1213; x_wconf 79' lang='grc' dir='ltr'><strong><em>πολλῆς</em></strong></span> <span class='ocrx_word' id='word_1_113' title='bbox 1323 1144 1602 1235; x_wconf 69' lang='grc' dir='ltr'><strong><em>οἷκριβείαςε</em></strong></span> <span class='ocrx_word' id='word_1_114' title='bbox 1651 1150 1745 1197; x_wconf 90' lang='lat' dir='ltr'>ubi</span> <span class='ocrx_word' id='word_1_115' title='bbox 1775 1150 1836 1196; x_wconf 93' lang='lat' dir='ltr'>de</span> <span class='ocrx_word' id='word_1_116' title='bbox 1860 1149 2037 1211; x_wconf 88' lang='lat' dir='ltr'>Amos,</span> <span class='ocrx_word' id='word_1_117' title='bbox 2080 1156 2130 1196; x_wconf 85' lang='lat' dir='ltr'>et</span> 
     </span>
     <span class='ocr_line' id='line_1_14' title="bbox 301 1213 2127 1285; baseline 0.001 -18"><span class='ocrx_word' id='word_1_118' title='bbox 301 1235 364 1267; x_wconf 83' lang='lat' dir='ltr'>an</span> <span class='ocrx_word' id='word_1_119' title='bbox 403 1220 465 1266; x_wconf 90' lang='lat' dir='ltr'>sit</span> <span class='ocrx_word' id='word_1_120' title='bbox 505 1220 564 1265; x_wconf 89' lang='lat' dir='ltr'>ab</span> <span class='ocrx_word' id='word_1_121' title='bbox 605 1220 772 1267; x_wconf 86' lang='lat' dir='ltr'>Amosi</span> <span class='ocrx_word' id='word_1_122' title='bbox 796 1220 1048 1281; x_wconf 55' lang='grc' dir='ltr'>ὤκνει-ωε,</span> <span class='ocrx_word' id='word_1_123' title='bbox 1086 1219 1315 1283; x_wconf 84' lang='lat' dir='ltr'>exponit.</span> <span class='ocrx_word' id='word_1_124' title='bbox 1349 1214 1508 1283; x_wconf 82' lang='grc' dir='ltr'><strong><em>Ἀμῶς</em></strong></span> <span class='ocrx_word' id='word_1_125' title='bbox 1536 1216 1626 1282; x_wconf 81' lang='grc' dir='ltr'>μὲν</span> <span class='ocrx_word' id='word_1_126' title='bbox 1643 1215 1774 1269; x_wconf 78' lang='grc' dir='ltr'>κατοῖ</span> <span class='ocrx_word' id='word_1_127' title='bbox 1796 1213 2127 1285; x_wconf 82' lang='grc' dir='ltr'><strong><em>Ἀφρικανόν</em></strong></span> 
     </span>
    </p>

    <p class='ocr_par' dir='ltr' id='par_1_4' title="bbox 290 1285 2131 1566">
     <span class='ocr_line' id='line_1_15' title="bbox 299 1285 2131 1355; baseline -0.002 -15"><span class='ocrx_word' id='word_1_128' title='bbox 299 1286 426 1340; x_wconf 66' lang='lat' dir='ltr'>meto}</span> <span class='ocrx_word' id='word_1_129' title='bbox 457 1286 510 1339; x_wconf 80' lang='grc' dir='ltr'>δὲ</span> <span class='ocrx_word' id='word_1_130' title='bbox 547 1285 799 1355; x_wconf 74' lang='grc' dir='ltr'><strong><em>Εὕσέβιον</em></strong></span> <span class='ocrx_word' id='word_1_131' title='bbox 822 1287 1057 1355; x_wconf 84' lang='grc' dir='ltr'>’Ἀμωσις.</span> <span class='ocrx_word' id='word_1_132' title='bbox 1106 1288 1295 1336; x_wconf 85' lang='lat' dir='ltr'>Habuit</span> <span class='ocrx_word' id='word_1_133' title='bbox 1329 1291 1483 1353; x_wconf 85' lang='lat' dir='ltr'>porro</span> <span class='ocrx_word' id='word_1_134' title='bbox 1524 1288 1761 1351; x_wconf 80' lang='lat' dir='ltr'>Georgius</span> <span class='ocrx_word' id='word_1_135' title='bbox 1781 1296 1978 1353; x_wconf 88' lang='lat' dir='ltr'>praeter</span> <span class='ocrx_word' id='word_1_136' title='bbox 1997 1288 2131 1336; x_wconf 85' lang='lat' dir='ltr'>Iose-</span> 
     </span>
     <span class='ocr_line' id='line_1_16' title="bbox 290 1357 2129 1424; baseline 0.001 -20"><span class='ocrx_word' id='word_1_137' title='bbox 290 1358 458 1424; x_wconf 73' lang='lat' dir='ltr'>‘phum</span> <span class='ocrx_word' id='word_1_138' title='bbox 479 1366 527 1405; x_wconf 85' lang='lat' dir='ltr'>et</span> <span class='ocrx_word' id='word_1_139' title='bbox 553 1360 842 1407; x_wconf 87' lang='lat' dir='ltr'>Africanum</span> <span class='ocrx_word' id='word_1_140' title='bbox 864 1368 1006 1408; x_wconf 84' lang='lat' dir='ltr'>vetus</span> <span class='ocrx_word' id='word_1_141' title='bbox 1030 1359 1091 1406; x_wconf 90' lang='lat' dir='ltr'>de</span> <span class='ocrx_word' id='word_1_142' title='bbox 1111 1360 1256 1407; x_wconf 88' lang='lat' dir='ltr'>rebus</span> <span class='ocrx_word' id='word_1_143' title='bbox 1282 1357 1638 1423; x_wconf 82' lang='lat' dir='ltr'>Aegyptiorum</span> <span class='ocrx_word' id='word_1_144' title='bbox 1661 1358 1959 1421; x_wconf 86' lang='lat' dir='ltr'>Chronicon,</span> <span class='ocrx_word' id='word_1_145' title='bbox 1988 1359 2129 1406; x_wconf 91' lang='lat' dir='ltr'>cuius</span> 
     </span>
     <span class='ocr_line' id='line_1_17' title="bbox 300 1428 2131 1494; baseline 0.001 -18"><span class='ocrx_word' id='word_1_146' title='bbox 300 1436 437 1476; x_wconf 79' lang='lat' dir='ltr'>extat</span> <span class='ocrx_word' id='word_1_147' title='bbox 475 1430 658 1477; x_wconf 81' lang='lat' dir='ltr'>mentio</span> <span class='ocrx_word' id='word_1_148' title='bbox 692 1447 803 1494; x_wconf 88' lang='lat' dir='ltr'>pag.</span> <span class='ocrx_word' id='word_1_149' title='bbox 830 1431 924 1484; x_wconf 84' lang='lat'>51.</span> <span class='ocrx_word' id='word_1_150' title='bbox 980 1430 1112 1478; x_wconf 86' lang='lat' dir='ltr'>Aliae</span> <span class='ocrx_word' id='word_1_151' title='bbox 1146 1429 1381 1492; x_wconf 85' lang='lat' dir='ltr'>Scaligeri</span> <span class='ocrx_word' id='word_1_152' title='bbox 1412 1428 1748 1477; x_wconf 81' lang='lat' dir='ltr'>obiectiones</span> <span class='ocrx_word' id='word_1_153' title='bbox 1734 1447 1786 1477; x_wconf 80' lang='lat' dir='ltr'>in</span> <span class='ocrx_word' id='word_1_154' title='bbox 1807 1428 1928 1477; x_wconf 88' lang='lat' dir='ltr'>haec</span> <span class='ocrx_word' id='word_1_155' title='bbox 1962 1429 2131 1477; x_wconf 85' lang='lat' dir='ltr'>eadem</span> 
     </span>
     <span class='ocr_line' id='line_1_18' title="bbox 297 1499 1926 1584; baseline -0.001 -36"><span class='ocrx_word' id='word_1_156' title='bbox 297 1500 448 1549; x_wconf 85' lang='lat' dir='ltr'>verba</span> <span class='ocrx_word' id='word_1_157' title='bbox 483 1516 592 1563; x_wconf 86' lang='lat' dir='ltr'>pag.</span> <span class='ocrx_word' id='word_1_158' title='bbox 621 1500 734 1548; x_wconf 87' lang='lat' dir='ltr'><strong>Not.</strong></span> <span class='ocrx_word' id='word_1_159' title='bbox 767 1500 884 1554; x_wconf 80' lang='lat'><strong>251.</strong></span> <span class='ocrx_word' id='word_1_160' title='bbox 908 1500 1192 1584; x_wconf 80' lang='lat' dir='ltr'>propositae</span> <span class='ocrx_word' id='word_1_161' title='bbox 1220 1516 1283 1546; x_wconf 84' lang='lat' dir='ltr'>ex</span> <span class='ocrx_word' id='word_1_162' title='bbox 1308 1499 1405 1545; x_wconf 85' lang='lat' dir='ltr'>iam</span> <span class='ocrx_word' id='word_1_163' title='bbox 1428 1499 1625 1563; x_wconf 79' lang='lat' dir='ltr'>scriptis</span> <span class='ocrx_word' id='word_1_164' title='bbox 1648 1500 1926 1549; x_wconf 87' lang='lat' dir='ltr'>solvuntur.</span> 
     </span>
    </p>

    <p class='ocr_par' dir='ltr' id='par_1_5' title="bbox 299 1565 2132 1705">
     <span class='ocr_line' id='line_1_19' title="bbox 424 1565 2132 1636; baseline -0.001 -17.989"><span class='ocrx_word' id='word_1_165' title='bbox 424 1566 549 1634; x_wconf 79' lang='grc' dir='ltr'><strong>’Ἑτη</strong></span> <span class='ocrx_word' id='word_1_166' title='bbox 594 1568 647 1620; x_wconf 79' lang='grc' dir='ltr'>δὲ</span> <span class='ocrx_word' id='word_1_167' title='bbox 682 1569 997 1636; x_wconf 78' lang='grc' dir='ltr'><strong><em>προσέθηκεν</em></strong></span> <span class='ocrx_word' id='word_1_168' title='bbox 1034 1565 1108 1621; x_wconf 81' lang='grc' dir='ltr'>πε’</span> <span class='ocrx_word' id='word_1_169' title='bbox 1113 1570 1148 1634; x_wconf 91' lang='grc'>.]</span> <span class='ocrx_word' id='word_1_170' title='bbox 1213 1570 1492 1618; x_wconf 86' lang='lat' dir='ltr'>Referenda</span> <span class='ocrx_word' id='word_1_171' title='bbox 1525 1569 1649 1618; x_wconf 87' lang='lat' dir='ltr'>haec</span> <span class='ocrx_word' id='word_1_172' title='bbox 1691 1570 1755 1618; x_wconf 88' lang='lat' dir='ltr'>ad</span> <span class='ocrx_word' id='word_1_173' title='bbox 1794 1569 1992 1621; x_wconf 89' lang='lat' dir='ltr'>Eusebii</span> <span class='ocrx_word' id='word_1_174' title='bbox 2024 1568 2132 1618; x_wconf 82' lang='lat' dir='ltr'>dia-</span> 
     </span>
     <span class='ocr_line' id='line_1_20' title="bbox 299 1640 1081 1705; baseline 0.003 -18"><span class='ocrx_word' id='word_1_175' title='bbox 299 1656 515 1703; x_wconf 78' lang='lat' dir='ltr'>giamma</span> <span class='ocrx_word' id='word_1_176' title='bbox 541 1640 747 1688; x_wconf 86' lang='lat' dir='ltr'>inferius</span> <span class='ocrx_word' id='word_1_177' title='bbox 768 1658 876 1705; x_wconf 88' lang='lat' dir='ltr'>pag.</span> <span class='ocrx_word' id='word_1_178' title='bbox 908 1645 992 1694; x_wconf 84' lang='lat'>73.</span> <span class='ocrx_word' id='word_1_179' title='bbox 1021 1641 1081 1690; x_wconf 90' lang='lat' dir='ltr'>A.</span> 
     </span>
    </p>

    <p class='ocr_par' dir='ltr' id='par_1_6' title="bbox 301 1706 2131 1845">
     <span class='ocr_line' id='line_1_21' title="bbox 444 1706 2131 1776; baseline -0.001 -18"><span class='ocrx_word' id='word_1_180' title='bbox 444 1707 584 1760; x_wconf 77' lang='grc' dir='ltr'><strong><em>Κατοέ</em></strong></span> <span class='ocrx_word' id='word_1_181' title='bbox 615 1707 669 1761; x_wconf 83' lang='grc' dir='ltr'>τὸ</span> <span class='ocrx_word' id='word_1_182' title='bbox 700 1706 788 1776; x_wconf 84' lang='grc' dir='ltr'>με’.</span> <span class='ocrx_word' id='word_1_183' title='bbox 832 1711 975 1776; x_wconf 55' lang='grc' dir='ltr'><strong><em>ἔτος]</em></strong></span> <span class='ocrx_word' id='word_1_184' title='bbox 1027 1709 1395 1759; x_wconf 83' lang='lat' dir='ltr'>Correctionem</span> <span class='ocrx_word' id='word_1_185' title='bbox 1439 1709 1570 1757; x_wconf 86' lang='lat' dir='ltr'>hanc</span> <span class='ocrx_word' id='word_1_186' title='bbox 1605 1709 1804 1758; x_wconf 87' lang='lat' dir='ltr'>tabulae</span> <span class='ocrx_word' id='word_1_187' title='bbox 1850 1708 2131 1758; x_wconf 83' lang='lat' dir='ltr'>Chronolo-</span> 
     </span>
     <span class='ocr_line' id='line_1_22' title="bbox 301 1780 1550 1845; baseline 0.002 -19"><span class='ocrx_word' id='word_1_188' title='bbox 301 1780 436 1843; x_wconf 86' lang='lat' dir='ltr'>gicae</span> <span class='ocrx_word' id='word_1_189' title='bbox 463 1797 525 1826; x_wconf 82' lang='lat' dir='ltr'>ex</span> <span class='ocrx_word' id='word_1_190' title='bbox 549 1781 747 1843; x_wconf 84' lang='lat' dir='ltr'>Georgii</span> <span class='ocrx_word' id='word_1_191' title='bbox 771 1781 974 1845; x_wconf 85' lang='lat' dir='ltr'>scriptis</span> <span class='ocrx_word' id='word_1_192' title='bbox 1001 1781 1213 1843; x_wconf 85' lang='lat' dir='ltr'>digestae</span> <span class='ocrx_word' id='word_1_193' title='bbox 1239 1781 1550 1831; x_wconf 83' lang='lat' dir='ltr'>confirmant.</span> 
     </span>
    </p>

    <p class='ocr_par' dir='ltr' id='par_1_7' title="bbox 288 1846 2139 2125">
     <span class='ocr_line' id='line_1_23' title="bbox 442 1846 2132 1916; baseline -0.001 -18"><span class='ocrx_word' id='word_1_194' title='bbox 442 1851 550 1913; x_wconf 82' lang='lat' dir='ltr'>Pag.</span> <span class='ocrx_word' id='word_1_195' title='bbox 589 1853 673 1903; x_wconf 87' lang='lat'>63.</span> <span class='ocrx_word' id='word_1_196' title='bbox 721 1846 903 1900; x_wconf 83' lang='grc' dir='ltr'><strong><em>Ἀπίων</em></strong></span> <span class='ocrx_word' id='word_1_197' title='bbox 944 1848 1329 1916; x_wconf 57' lang='grc' dir='ltr'><strong><em>Ποσειδωνίου]</em></strong></span> <span class='ocrx_word' id='word_1_198' title='bbox 1382 1850 1625 1915; x_wconf 90' lang='lat' dir='ltr'>Apionem</span> <span class='ocrx_word' id='word_1_199' title='bbox 1672 1849 1927 1898; x_wconf 88' lang='lat' dir='ltr'>Posidonii</span> <span class='ocrx_word' id='word_1_200' title='bbox 1972 1848 2132 1897; x_wconf 85' lang='lat' dir='ltr'>filium</span> 
     </span>
     <span class='ocr_line' id='line_1_24' title="bbox 302 1919 2131 1985; baseline 0.001 -19"><span class='ocrx_word' id='word_1_201' title='bbox 302 1919 501 1967; x_wconf 83' lang='lat' dir='ltr'>disertis</span> <span class='ocrx_word' id='word_1_202' title='bbox 549 1920 713 1968; x_wconf 88' lang='lat' dir='ltr'>verbis</span> <span class='ocrx_word' id='word_1_203' title='bbox 755 1920 992 1985; x_wconf 83' lang='lat' dir='ltr'>exprimit</span> <span class='ocrx_word' id='word_1_204' title='bbox 1029 1920 1226 1968; x_wconf 83' lang='lat' dir='ltr'>Author</span> <span class='ocrx_word' id='word_1_205' title='bbox 1266 1937 1374 1985; x_wconf 87' lang='lat' dir='ltr'>pag.</span> <span class='ocrx_word' id='word_1_206' title='bbox 1411 1921 1704 1968; x_wconf 82' lang='lat' dir='ltr'>succedente</span> <span class='ocrx_word' id='word_1_207' title='bbox 1738 1921 1794 1970; x_wconf 88' lang='lat' dir='ltr'>D.</span> <span class='ocrx_word' id='word_1_208' title='bbox 1840 1920 2131 1967; x_wconf 82' lang='lat' dir='ltr'>Posidonius</span> 
     </span>
     <span class='ocr_line' id='line_1_25' title="bbox 302 1989 2129 2055; baseline 0.001 -20"><span class='ocrx_word' id='word_1_209' title='bbox 302 2005 496 2053; x_wconf 85' lang='lat' dir='ltr'>quoque</span> <span class='ocrx_word' id='word_1_210' title='bbox 542 1990 757 2054; x_wconf 85' lang='lat' dir='ltr'>scriptor</span> <span class='ocrx_word' id='word_1_211' title='bbox 794 2009 821 2038; x_wconf 89' lang='lat' dir='ltr'>a</span> <span class='ocrx_word' id='word_1_212' title='bbox 856 1989 1065 2055; x_wconf 88' lang='lat' dir='ltr'>Iosepho</span> <span class='ocrx_word' id='word_1_213' title='bbox 1098 1990 1206 2055; x_wconf 89' lang='lat' dir='ltr'>ipso</span> <span class='ocrx_word' id='word_1_214' title='bbox 1245 1999 1548 2038; x_wconf 87' lang='lat' dir='ltr'>memoratur</span> <span class='ocrx_word' id='word_1_215' title='bbox 1587 1990 1673 2037; x_wconf 85' lang='lat' dir='ltr'><strong>lib.</strong></span> <span class='ocrx_word' id='word_1_216' title='bbox 1711 1996 1760 2044; x_wconf 80' lang='grc'>2.</span> <span class='ocrx_word' id='word_1_217' title='bbox 1809 1991 2027 2039; x_wconf 85' lang='lat' dir='ltr'>Plurima</span> <span class='ocrx_word' id='word_1_218' title='bbox 2067 1990 2129 2038; x_wconf 81' lang='lat' dir='ltr'>de</span> 
     </span>
     <span class='ocr_line' id='line_1_26' title="bbox 288 2060 2139 2125; baseline -0.001 -16"><span class='ocrx_word' id='word_1_219' title='bbox 288 2060 494 2124; x_wconf 73' lang='lat' dir='ltr'>&#39;Apione</span> <span class='ocrx_word' id='word_1_220' title='bbox 518 2060 722 2110; x_wconf 88' lang='lat' dir='ltr'>Vossius</span> <span class='ocrx_word' id='word_1_221' title='bbox 752 2061 812 2108; x_wconf 88' lang='lat' dir='ltr'>de</span> <span class='ocrx_word' id='word_1_222' title='bbox 837 2061 963 2111; x_wconf 85' lang='lat' dir='ltr'>Hist.</span> <span class='ocrx_word' id='word_1_223' title='bbox 993 2061 1194 2108; x_wconf 85' lang='lat' dir='ltr'>Graecis</span> <span class='ocrx_word' id='word_1_224' title='bbox 1222 2077 1332 2125; x_wconf 84' lang='lat' dir='ltr'>pag.</span> <span class='ocrx_word' id='word_1_225' title='bbox 1359 2060 1485 2108; x_wconf 82' lang='lat' dir='ltr'>mihi</span> <span class='ocrx_word' id='word_1_226' title='bbox 1510 2065 1625 2114; x_wconf 86' lang='lat'><strong>190.</strong></span> <span class='ocrx_word' id='word_1_227' title='bbox 1655 2068 1749 2108; x_wconf 85' lang='lat' dir='ltr'>etc.</span> <span class='ocrx_word' id='word_1_228' title='bbox 2134 2104 2139 2107; x_wconf 88' lang='lat'><strong>.</strong></span> 
     </span>
    </p>

    <p class='ocr_par' dir='ltr' id='par_1_8' title="bbox 292 2125 2128 3453">
     <span class='ocr_line' id='line_1_27' title="bbox 440 2125 2128 2197; baseline -0.004 -15"><span class='ocrx_word' id='word_1_229' title='bbox 440 2125 523 2182; x_wconf 87' lang='grc' dir='ltr'>Ἐν</span> <span class='ocrx_word' id='word_1_230' title='bbox 550 2135 653 2189; x_wconf 83' lang='grc' dir='ltr'><strong><em>τοῖς</em></strong></span> <span class='ocrx_word' id='word_1_231' title='bbox 677 2128 798 2196; x_wconf 83' lang='grc' dir='ltr'><strong><em>πρὸς</em></strong></span> <span class='ocrx_word' id='word_1_232' title='bbox 813 2130 1005 2197; x_wconf 75' lang='grc' dir='ltr'><strong><em>ἔλεγχον</em></strong></span> <span class='ocrx_word' id='word_1_233' title='bbox 1025 2125 1265 2190; x_wconf 80' lang='grc' dir='ltr'><strong><em>Ἀπίωνος</em></strong></span> <span class='ocrx_word' id='word_1_234' title='bbox 1283 2126 1566 2195; x_wconf 82' lang='grc' dir='ltr'><strong><em>Ἰωσήππου</em></strong></span> <span class='ocrx_word' id='word_1_235' title='bbox 1592 2129 1706 2180; x_wconf 82' lang='grc' dir='ltr'><strong><em>δυσὶ</em></strong></span> <span class='ocrx_word' id='word_1_236' title='bbox 1732 2127 1928 2197; x_wconf 63' lang='grc' dir='ltr'><strong><em>λόγοις]</em></strong></span> <span class='ocrx_word' id='word_1_237' title='bbox 1951 2128 2128 2177; x_wconf 85' lang='lat' dir='ltr'>Asseth</span> 
     </span>
     <span class='ocr_line' id='line_1_28' title="bbox 299 2199 2128 2264; baseline -0.001 -16"><span class='ocrx_word' id='word_1_238' title='bbox 299 2216 481 2250; x_wconf 83' lang='lat' dir='ltr'>nomen</span> <span class='ocrx_word' id='word_1_239' title='bbox 508 2201 642 2263; x_wconf 86' lang='lat' dir='ltr'>apud</span> <span class='ocrx_word' id='word_1_240' title='bbox 669 2200 929 2264; x_wconf 88' lang='lat' dir='ltr'>Iosephum</span> <span class='ocrx_word' id='word_1_241' title='bbox 956 2217 1060 2248; x_wconf 88' lang='lat' dir='ltr'>non</span> <span class='ocrx_word' id='word_1_242' title='bbox 1088 2208 1254 2248; x_wconf 84' lang='lat' dir='ltr'>extare</span> <span class='ocrx_word' id='word_1_243' title='bbox 1284 2201 1410 2248; x_wconf 87' lang='lat' dir='ltr'>falso</span> <span class='ocrx_word' id='word_1_244' title='bbox 1437 2201 1653 2262; x_wconf 86' lang='lat' dir='ltr'>Scaliger</span> <span class='ocrx_word' id='word_1_245' title='bbox 1678 2200 1998 2264; x_wconf 86' lang='lat' dir='ltr'>exprobravit</span> <span class='ocrx_word' id='word_1_246' title='bbox 2020 2199 2128 2246; x_wconf 88' lang='lat' dir='ltr'>Au-</span> 
     </span>
     <span class='ocr_line' id='line_1_29' title="bbox 298 2266 2128 2335; baseline 0.001 -19"><span class='ocrx_word' id='word_1_247' title='bbox 298 2269 434 2317; x_wconf 69' lang='lat' dir='ltr'>thori</span> <span class='ocrx_word' id='word_1_248' title='bbox 456 2266 712 2318; x_wconf 88' lang='lat' dir='ltr'>Animadv.</span> <span class='ocrx_word' id='word_1_249' title='bbox 745 2288 854 2335; x_wconf 86' lang='lat' dir='ltr'>pag.</span> <span class='ocrx_word' id='word_1_250' title='bbox 878 2273 962 2324; x_wconf 91' lang='lat'>33.</span> <span class='ocrx_word' id='word_1_251' title='bbox 994 2270 1191 2318; x_wconf 84' lang='lat' dir='ltr'>disertis</span> <span class='ocrx_word' id='word_1_252' title='bbox 1216 2271 1460 2334; x_wconf 88' lang='lat' dir='ltr'>siquidem</span> <span class='ocrx_word' id='word_1_253' title='bbox 1480 2269 1645 2318; x_wconf 89' lang='lat' dir='ltr'>verbis</span> <span class='ocrx_word' id='word_1_254' title='bbox 1667 2270 1802 2318; x_wconf 85' lang='lat' dir='ltr'>Assis</span> <span class='ocrx_word' id='word_1_255' title='bbox 1831 2269 1962 2318; x_wconf 76' lang='lat' dir='ltr'>sexti</span> <span class='ocrx_word' id='word_1_256' title='bbox 1985 2270 2128 2335; x_wconf 88' lang='lat' dir='ltr'>Hyc-</span> 
     </span>
     <span class='ocr_line' id='line_1_30' title="bbox 299 2340 2127 2405; baseline 0.001 -19"><span class='ocrx_word' id='word_1_257' title='bbox 299 2356 492 2401; x_wconf 87' lang='lat' dir='ltr'>sorum,</span> <span class='ocrx_word' id='word_1_258' title='bbox 528 2340 634 2388; x_wconf 89' lang='lat' dir='ltr'>sive</span> <span class='ocrx_word' id='word_1_259' title='bbox 663 2341 951 2402; x_wconf 77' lang='lat' dir='ltr'>Pastorum,</span> <span class='ocrx_word' id='word_1_260' title='bbox 986 2341 1116 2403; x_wconf 88' lang='lat' dir='ltr'>regis</span> <span class='ocrx_word' id='word_1_261' title='bbox 1139 2356 1336 2402; x_wconf 86' lang='lat' dir='ltr'>nomen,</span> <span class='ocrx_word' id='word_1_262' title='bbox 1376 2341 1665 2405; x_wconf 88' lang='lat' dir='ltr'>imperium,</span> <span class='ocrx_word' id='word_1_263' title='bbox 1703 2341 1821 2387; x_wconf 88' lang='lat' dir='ltr'>anni</span> <span class='ocrx_word' id='word_1_264' title='bbox 1844 2357 2127 2388; x_wconf 85' lang='lat' dir='ltr'>memoran-</span> 
     </span>
     <span class='ocr_line' id='line_1_31' title="bbox 298 2409 2127 2474; baseline 0.001 -18"><span class='ocrx_word' id='word_1_265' title='bbox 298 2418 380 2457; x_wconf 71' lang='lat' dir='ltr'>tur</span> <span class='ocrx_word' id='word_1_266' title='bbox 406 2410 568 2474; x_wconf 82' lang='lat' dir='ltr'>primo</span> <span class='ocrx_word' id='word_1_267' title='bbox 596 2411 650 2457; x_wconf 89' lang='lat' dir='ltr'>in</span> <span class='ocrx_word' id='word_1_268' title='bbox 675 2411 944 2474; x_wconf 89' lang='lat' dir='ltr'>Apionem,</span> <span class='ocrx_word' id='word_1_269' title='bbox 983 2427 1048 2458; x_wconf 81' lang='lat' dir='ltr'>ex</span> <span class='ocrx_word' id='word_1_270' title='bbox 1081 2428 1177 2474; x_wconf 89' lang='lat' dir='ltr'>quo</span> <span class='ocrx_word' id='word_1_271' title='bbox 1203 2409 1380 2458; x_wconf 86' lang='lat' dir='ltr'>Asseth</span> <span class='ocrx_word' id='word_1_272' title='bbox 1404 2409 1611 2458; x_wconf 87' lang='lat' dir='ltr'>huiusce</span> <span class='ocrx_word' id='word_1_273' title='bbox 1638 2411 1887 2459; x_wconf 87' lang='lat' dir='ltr'>asserendi</span> <span class='ocrx_word' id='word_1_274' title='bbox 1919 2410 2001 2458; x_wconf 84' lang='lat' dir='ltr'>vel</span> <span class='ocrx_word' id='word_1_275' title='bbox 2026 2410 2127 2458; x_wconf 86' lang='lat' dir='ltr'>fin·-</span> 
     </span>
     <span class='ocr_line' id='line_1_32' title="bbox 300 2479 2124 2546; baseline 0.001 -21.002"><span class='ocrx_word' id='word_1_276' title='bbox 300 2480 449 2542; x_wconf 83' lang='lat' dir='ltr'>gendi</span> <span class='ocrx_word' id='word_1_277' title='bbox 487 2481 656 2528; x_wconf 88' lang='lat' dir='ltr'>forsan</span> <span class='ocrx_word' id='word_1_278' title='bbox 698 2480 971 2546; x_wconf 86' lang='lat' dir='ltr'>desumpsit</span> <span class='ocrx_word' id='word_1_279' title='bbox 1000 2480 1199 2529; x_wconf 84' lang='lat' dir='ltr'>Author</span> <span class='ocrx_word' id='word_1_280' title='bbox 1231 2480 1555 2528; x_wconf 87' lang='lat' dir='ltr'>occasionem.</span> <span class='ocrx_word' id='word_1_281' title='bbox 1619 2481 1780 2529; x_wconf 88' lang='lat' dir='ltr'>Verba</span> <span class='ocrx_word' id='word_1_282' title='bbox 1811 2479 2124 2528; x_wconf 71' lang='lat' dir='ltr'>Manethonis</span> 
     </span>
     <span class='ocr_line' id='line_1_33' title="bbox 296 2549 2127 2638; baseline 0.002 -41.01"><span class='ocrx_word' id='word_1_283' title='bbox 296 2558 418 2597; x_wconf 84' lang='lat' dir='ltr'>sunt</span> <span class='ocrx_word' id='word_1_284' title='bbox 428 2551 574 2637; x_wconf 45' lang='lat' dir='ltr'>Papud</span> <span class='ocrx_word' id='word_1_285' title='bbox 611 2550 868 2615; x_wconf 80' lang='lat' dir='ltr'>losephum</span> <span class='ocrx_word' id='word_1_286' title='bbox 891 2566 998 2615; x_wconf 86' lang='lat' dir='ltr'>pag.</span> <span class='ocrx_word' id='word_1_287' title='bbox 1023 2550 1146 2598; x_wconf 85' lang='lat' dir='ltr'>mihi</span> <span class='ocrx_word' id='word_1_288' title='bbox 1181 2554 1332 2604; x_wconf 87' lang='lat'><strong>1039.</strong></span> <span class='ocrx_word' id='word_1_289' title='bbox 1359 2558 1582 2601; x_wconf 84' lang='lat' dir='ltr'>exeunte.</span> <span class='ocrx_word' id='word_1_290' title='bbox 1637 2551 1690 2602; x_wconf 83' lang='grc' dir='ltr'>οἰ</span> <span class='ocrx_word' id='word_1_291' title='bbox 1710 2549 1960 2638; x_wconf 80' lang='grc' dir='ltr'><strong><em>ποιμένες</em></strong></span> <span class='ocrx_word' id='word_1_292' title='bbox 1977 2553 2127 2616; x_wconf 86' lang='grc' dir='ltr'><strong><em>βασι-</em></strong></span> 
     </span>
     <span class='ocr_line' id='line_1_34' title="bbox 303 2614 2128 2707; baseline -0.001 -36"><span class='ocrx_word' id='word_1_293' title='bbox 303 2618 388 2671; x_wconf 83' lang='grc' dir='ltr'>λέα</span> <span class='ocrx_word' id='word_1_294' title='bbox 427 2619 514 2669; x_wconf 84' lang='grc' dir='ltr'>ε’να</span> <span class='ocrx_word' id='word_1_295' title='bbox 551 2620 601 2680; x_wconf 80' lang='grc' dir='ltr'>ἐξ</span> <span class='ocrx_word' id='word_1_296' title='bbox 639 2616 808 2671; x_wconf 68' lang='grc' dir='ltr'><strong><em>αὐτῶν</em></strong></span> <span class='ocrx_word' id='word_1_297' title='bbox 841 2620 1083 2684; x_wconf 76' lang='grc' dir='ltr'><strong><em>ἐποίησαν</em></strong></span> <span class='ocrx_word' id='word_1_298' title='bbox 1120 2614 1177 2707; x_wconf 51' lang='grc' dir='ltr'>ᾧ,</span> <span class='ocrx_word' id='word_1_299' title='bbox 1200 2618 1359 2685; x_wconf 82' lang='grc' dir='ltr'><strong><em>ὄνομα</em></strong></span> <span class='ocrx_word' id='word_1_300' title='bbox 1405 2616 1634 2680; x_wconf 52' lang='lat' dir='ltr'>zonarae.</span> <span class='ocrx_word' id='word_1_301' title='bbox 1680 2619 1766 2671; x_wconf 82' lang='grc' dir='ltr'>καὶ</span> <span class='ocrx_word' id='word_1_302' title='bbox 1803 2639 1950 2679; x_wconf 85' lang='grc' dir='ltr'><strong><em>ουτος</em></strong></span> <span class='ocrx_word' id='word_1_303' title='bbox 1979 2619 2033 2669; x_wconf 77' lang='grc' dir='ltr'>ἐν</span> <span class='ocrx_word' id='word_1_304' title='bbox 2063 2623 2128 2687; x_wconf 78' lang='grc' dir='ltr'>τῇ</span> 
     </span>
     <span class='ocr_line' id='line_1_35' title="bbox 292 2685 2125 2772; baseline 0.002 -34"><span class='ocrx_word' id='word_1_305' title='bbox 292 2687 541 2752; x_wconf 69' lang='grc' dir='ltr'><strong><em>’.Μέμφιδι</em></strong></span> <span class='ocrx_word' id='word_1_306' title='bbox 577 2692 882 2756; x_wconf 81' lang='grc' dir='ltr'><strong><em>κατεγίνετο,</em></strong></span> <span class='ocrx_word' id='word_1_307' title='bbox 931 2686 1028 2754; x_wconf 80' lang='grc' dir='ltr'>τήν</span> <span class='ocrx_word' id='word_1_308' title='bbox 1064 2709 1116 2741; x_wconf 83' lang='grc' dir='ltr'>τε</span> <span class='ocrx_word' id='word_1_309' title='bbox 1155 2687 1260 2740; x_wconf 88' lang='grc' dir='ltr'><strong><em>α’νω</em></strong></span> <span class='ocrx_word' id='word_1_310' title='bbox 1300 2689 1386 2740; x_wconf 85' lang='grc' dir='ltr'>καὶ</span> <span class='ocrx_word' id='word_1_311' title='bbox 1418 2685 1552 2740; x_wconf 77' lang='grc' dir='ltr'><strong><em>κάτω</em></strong></span> <span class='ocrx_word' id='word_1_312' title='bbox 1577 2687 1743 2772; x_wconf 75' lang='grc' dir='ltr'><strong><em>χώραν</em></strong></span> <span class='ocrx_word' id='word_1_313' title='bbox 1771 2691 2125 2772; x_wconf 72' lang='grc' dir='ltr'><strong><em>δασμολογῶνε</em></strong></span> 
     </span>
     <span class='ocr_line' id='line_1_36' title="bbox 301 2755 2127 2847; baseline 0.002 -43"><span class='ocrx_word' id='word_1_314' title='bbox 301 2764 350 2804; x_wconf 85' lang='lat' dir='ltr'>et</span> <span class='ocrx_word' id='word_1_315' title='bbox 379 2766 492 2838; x_wconf 82' lang='lat' dir='ltr'>post</span> <span class='ocrx_word' id='word_1_316' title='bbox 522 2775 712 2847; x_wconf 81' lang='lat' dir='ltr'>pauca:</span> <span class='ocrx_word' id='word_1_317' title='bbox 752 2760 913 2827; x_wconf 80' lang='grc' dir='ltr'><strong><em>ευρων</em></strong></span> <span class='ocrx_word' id='word_1_318' title='bbox 943 2758 996 2809; x_wconf 81' lang='grc' dir='ltr'>δὲ</span> <span class='ocrx_word' id='word_1_319' title='bbox 1021 2760 1075 2811; x_wconf 79' lang='grc' dir='ltr'>ἐν</span> <span class='ocrx_word' id='word_1_320' title='bbox 1104 2763 1244 2846; x_wconf 68' lang='grc' dir='ltr'><strong><em>νομῷ</em></strong></span> <span class='ocrx_word' id='word_1_321' title='bbox 1265 2779 1332 2809; x_wconf 86' lang='grc' dir='ltr'>τω</span> <span class='ocrx_word' id='word_1_322' title='bbox 1365 2762 1522 2829; x_wconf 82' lang='grc' dir='ltr'><strong><em>Σαΐτῃ</em></strong></span> <span class='ocrx_word' id='word_1_323' title='bbox 1552 2755 1700 2810; x_wconf 80' lang='grc' dir='ltr'><strong><em>πόλιν</em></strong></span> <span class='ocrx_word' id='word_1_324' title='bbox 1727 2755 2127 2844; x_wconf 78' lang='grc' dir='ltr'><strong><em>ἐπικαιροτάτην,</em></strong></span> 
     </span>
     <span class='ocr_line' id='line_1_37' title="bbox 299 2811 2128 2895; baseline 0.002 -19"><span class='ocrx_word' id='word_1_325' title='bbox 299 2825 485 2891; x_wconf 80' lang='grc' dir='ltr'><strong><em>ταύτην</em></strong></span> <span class='ocrx_word' id='word_1_326' title='bbox 520 2827 703 2879; x_wconf 73' lang='grc' dir='ltr'>ε’κτισετ</span> <span class='ocrx_word' id='word_1_327' title='bbox 754 2838 801 2877; x_wconf 87' lang='lat' dir='ltr'>et</span> <span class='ocrx_word' id='word_1_328' title='bbox 841 2829 1073 2878; x_wconf 83' lang='lat' dir='ltr'>inferius:</span> <span class='ocrx_word' id='word_1_329' title='bbox 1123 2827 1277 2895; x_wconf 69' lang='grc' dir='ltr'><strong><em>ἄρξας</em></strong></span> <span class='ocrx_word' id='word_1_330' title='bbox 1298 2811 1367 2878; x_wconf 82' lang='grc' dir='ltr'>δὲ</span> <span class='ocrx_word' id='word_1_331' title='bbox 1400 2811 1799 2881; x_wconf 79' lang='grc' dir='ltr'><strong><em>ἕννεακαίδεκα’</em></strong></span> <span class='ocrx_word' id='word_1_332' title='bbox 1784 2827 1866 2893; x_wconf 80' lang='grc' dir='ltr'>ε’τη</span> <span class='ocrx_word' id='word_1_333' title='bbox 1897 2825 1979 2879; x_wconf 80' lang='grc' dir='ltr'>τὸν</span> <span class='ocrx_word' id='word_1_334' title='bbox 2012 2832 2128 2894; x_wconf 86' lang='grc' dir='ltr'><strong><em>βίον</em></strong></span> 
     </span>
     <span class='ocr_line' id='line_1_38' title="bbox 292 2893 2127 2963; baseline -0.001 -16"><span class='ocrx_word' id='word_1_335' title='bbox 292 2893 626 2961; x_wconf 64' lang='grc' dir='ltr'>ἐτελεύτησεν.</span> <span class='ocrx_word' id='word_1_336' title='bbox 672 2902 912 2947; x_wconf 59' lang='lat' dir='ltr'>Pastore-s—</span> <span class='ocrx_word' id='word_1_337' title='bbox 939 2917 1101 2946; x_wconf 76' lang='lat' dir='ltr'>unum</span> <span class='ocrx_word' id='word_1_338' title='bbox 1126 2918 1182 2946; x_wconf 85' lang='lat' dir='ltr'>ex</span> <span class='ocrx_word' id='word_1_339' title='bbox 1207 2918 1257 2949; x_wconf 77' lang='lat' dir='ltr'>se</span> <span class='ocrx_word' id='word_1_340' title='bbox 1284 2901 1512 2958; x_wconf 54' lang='lat' dir='ltr'>fecerunt</span> <span class='ocrx_word' id='word_1_341' title='bbox 1534 2917 1696 2963; x_wconf 78' lang='lat' dir='ltr'>regem</span> <span class='ocrx_word' id='word_1_342' title='bbox 1722 2900 1806 2945; x_wconf 76' lang='lat' dir='ltr'>cai</span> <span class='ocrx_word' id='word_1_343' title='bbox 1828 2917 2002 2946; x_wconf 87' lang='lat' dir='ltr'>nomen</span> <span class='ocrx_word' id='word_1_344' title='bbox 2025 2902 2127 2947; x_wconf 81' lang='lat' dir='ltr'>Sa·-</span> 
     </span>
     <span class='ocr_line' id='line_1_39' title="bbox 301 2965 2124 3034; baseline 0.001 -19"><span class='ocrx_word' id='word_1_345' title='bbox 301 2967 426 3015; x_wconf 73' lang='lat' dir='ltr'>lalz&#39;s</span> <span class='ocrx_word' id='word_1_346' title='bbox 465 2965 666 3033; x_wconf 74' lang='lat' dir='ltr'>(Saitem</span> <span class='ocrx_word' id='word_1_347' title='bbox 705 2969 781 3016; x_wconf 91' lang='lat' dir='ltr'>bis</span> <span class='ocrx_word' id='word_1_348' title='bbox 821 2969 994 3017; x_wconf 87' lang='lat' dir='ltr'>scribit</span> <span class='ocrx_word' id='word_1_349' title='bbox 1031 2969 1243 3030; x_wconf 87' lang='lat' dir='ltr'>Author)</span> <span class='ocrx_word' id='word_1_350' title='bbox 1290 2971 1398 3015; x_wconf 64' lang='lat' dir='ltr'>Hic</span> <span class='ocrx_word' id='word_1_351' title='bbox 1437 2969 1710 3032; x_wconf 76' lang='lat' dir='ltr'>Memphim</span> <span class='ocrx_word' id='word_1_352' title='bbox 1745 2971 1943 3017; x_wconf 66' lang='lat' dir='ltr'>venien-5·</span> <span class='ocrx_word' id='word_1_353' title='bbox 1973 2987 2124 3034; x_wconf 75' lang='lat' dir='ltr'>supe-</span> 
     </span>
     <span class='ocr_line' id='line_1_40' title="bbox 303 3039 2123 3104; baseline 0.001 -20"><span class='ocrx_word' id='word_1_354' title='bbox 303 3039 433 3084; x_wconf 84' lang='lat' dir='ltr'>riore</span> <span class='ocrx_word' id='word_1_355' title='bbox 456 3039 787 3102; x_wconf 79' lang='lat' dir='ltr'>inferioreque</span> <span class='ocrx_word' id='word_1_356' title='bbox 813 3041 1082 3102; x_wconf 74' lang='lat' dir='ltr'>provincia</span> <span class='ocrx_word' id='word_1_357' title='bbox 1109 3039 1388 3086; x_wconf 75' lang='lat' dir='ltr'>tributaria</span> <span class='ocrx_word' id='word_1_358' title='bbox 1403 3041 1585 3100; x_wconf 78' lang='lat' dir='ltr'>facta,</span> <span class='ocrx_word' id='word_1_359' title='bbox 1626 3041 1830 3090; x_wconf 78' lang='lat' dir='ltr'>inventa</span> <span class='ocrx_word' id='word_1_360' title='bbox 1864 3041 2002 3087; x_wconf 79' lang='lat' dir='ltr'>Saite</span> <span class='ocrx_word' id='word_1_361' title='bbox 2028 3057 2123 3104; x_wconf 80' lang='lat' dir='ltr'>op-</span> 
     </span>
     <span class='ocr_line' id='line_1_41' title="bbox 295 3107 2122 3171; baseline 0.003 -19"><span class='ocrx_word' id='word_1_362' title='bbox 295 3109 672 3171; x_wconf 76' lang='lat' dir='ltr'>portanissima</span> <span class='ocrx_word' id='word_1_363' title='bbox 701 3110 926 3167; x_wconf 69' lang='lat' dir='ltr'>civitate,</span> <span class='ocrx_word' id='word_1_364' title='bbox 960 3126 1068 3155; x_wconf 82' lang='lat' dir='ltr'>eam</span> <span class='ocrx_word' id='word_1_365' title='bbox 1096 3110 1332 3155; x_wconf 74' lang='lat' dir='ltr'>extruxit:</span> <span class='ocrx_word' id='word_1_366' title='bbox 1372 3108 1521 3155; x_wconf 89' lang='lat' dir='ltr'>Vides</span> <span class='ocrx_word' id='word_1_367' title='bbox 1553 3124 1615 3155; x_wconf 85' lang='lat' dir='ltr'>ex</span> <span class='ocrx_word' id='word_1_368' title='bbox 1644 3107 1826 3157; x_wconf 89' lang='lat' dir='ltr'>horum</span> <span class='ocrx_word' id='word_1_369' title='bbox 1858 3108 2122 3157; x_wconf 85' lang='lat' dir='ltr'>Manetho-</span> 
     </span>
     <span class='ocr_line' id='line_1_42' title="bbox 297 3177 2120 3243; baseline 0.002 -20.01"><span class='ocrx_word' id='word_1_370' title='bbox 297 3179 381 3223; x_wconf 78' lang='lat' dir='ltr'>nis</span> <span class='ocrx_word' id='word_1_371' title='bbox 412 3177 678 3224; x_wconf 57' lang='grc' dir='ltr'>πθιδοΥωη</span> <span class='ocrx_word' id='word_1_372' title='bbox 714 3179 852 3225; x_wconf 83' lang='lat' dir='ltr'>fonte</span> <span class='ocrx_word' id='word_1_373' title='bbox 885 3178 1106 3225; x_wconf 87' lang='lat' dir='ltr'>Africani</span> <span class='ocrx_word' id='word_1_374' title='bbox 1147 3179 1227 3230; x_wconf 90' lang='lat'>15.</span> <span class='ocrx_word' id='word_1_375' title='bbox 1268 3178 1551 3240; x_wconf 81' lang='lat' dir='ltr'>Dynastiam</span> <span class='ocrx_word' id='word_1_376' title='bbox 1576 3196 1684 3243; x_wconf 86' lang='lat' dir='ltr'>pag.</span> <span class='ocrx_word' id='word_1_377' title='bbox 1720 3184 1806 3232; x_wconf 90' lang='grc'>61.</span> <span class='ocrx_word' id='word_1_378' title='bbox 1842 3187 1891 3227; x_wconf 84' lang='lat' dir='ltr'>et</span> <span class='ocrx_word' id='word_1_379' title='bbox 1921 3179 2120 3228; x_wconf 86' lang='lat' dir='ltr'>Eusebii</span> 
     </span>
     <span class='ocr_line' id='line_1_43' title="bbox 307 3246 2119 3314; baseline 0.003 -20"><span class='ocrx_word' id='word_1_380' title='bbox 307 3251 389 3299; x_wconf 88' lang='grc'>17.</span> <span class='ocrx_word' id='word_1_381' title='bbox 423 3262 532 3311; x_wconf 88' lang='lat' dir='ltr'>pag</span> <span class='ocrx_word' id='word_1_382' title='bbox 567 3250 647 3300; x_wconf 86' lang='lat'>61.</span> <span class='ocrx_word' id='word_1_383' title='bbox 684 3255 731 3294; x_wconf 89' lang='lat' dir='ltr'>et</span> <span class='ocrx_word' id='word_1_384' title='bbox 763 3252 845 3301; x_wconf 73' lang='lat'>62.</span> <span class='ocrx_word' id='word_1_385' title='bbox 877 3247 1164 3296; x_wconf 71' lang='lat' dir='ltr'>effluxisse?</span> <span class='ocrx_word' id='word_1_386' title='bbox 1204 3246 1381 3296; x_wconf 89' lang='lat' dir='ltr'>Subdit</span> <span class='ocrx_word' id='word_1_387' title='bbox 1412 3248 1659 3299; x_wconf 83' lang='lat' dir='ltr'>Manetho.</span> <span class='ocrx_word' id='word_1_388' title='bbox 1712 3246 1832 3314; x_wconf 78' lang='grc' dir='ltr'><strong><em>μετοέ</em></strong></span> <span class='ocrx_word' id='word_1_389' title='bbox 1859 3252 2038 3300; x_wconf 78' lang='grc' dir='ltr'><strong><em>τοῦτον</em></strong></span> <span class='ocrx_word' id='word_1_390' title='bbox 2064 3247 2119 3300; x_wconf 81' lang='grc' dir='ltr'>δὲ</span> 
     </span>
     <span class='ocr_line' id='line_1_44' title="bbox 295 3311 2120 3399; baseline 0.001 -33.013"><span class='ocrx_word' id='word_1_391' title='bbox 295 3315 469 3382; x_wconf 76' lang='grc' dir='ltr'><strong><em>ἕτερος</em></strong></span> <span class='ocrx_word' id='word_1_392' title='bbox 495 3316 806 3383; x_wconf 76' lang='grc' dir='ltr'><strong><em>ἐβασίλευσεν</em></strong></span> <span class='ocrx_word' id='word_1_393' title='bbox 832 3313 925 3381; x_wconf 63' lang='grc' dir='ltr'>(ιδ’.</span> <span class='ocrx_word' id='word_1_394' title='bbox 951 3312 1259 3382; x_wconf 81' lang='grc' dir='ltr'><strong><em>καλούμενος</em></strong></span> <span class='ocrx_word' id='word_1_395' title='bbox 1278 3311 1451 3382; x_wconf 77' lang='grc' dir='ltr'><strong><em>Βηών·</em></strong></span> <span class='ocrx_word' id='word_1_396' title='bbox 1477 3314 1596 3383; x_wconf 82' lang='grc' dir='ltr'><strong><em>μεθ’</em></strong></span> <span class='ocrx_word' id='word_1_397' title='bbox 1625 3316 1685 3370; x_wconf 75' lang='grc' dir='ltr'>ὃν</span> <span class='ocrx_word' id='word_1_398' title='bbox 1709 3316 1857 3380; x_wconf 70' lang='grc' dir='ltr'><strong><em>ἄλλος</em></strong></span> <span class='ocrx_word' id='word_1_399' title='bbox 1878 3316 2120 3399; x_wconf 76' lang='grc' dir='ltr'><strong><em>Ἀπαχνᾶς</em></strong></span> 
     </span>
     <span class='ocr_line' id='line_1_45' title="bbox 305 3381 2118 3453; baseline 0.002 -19"><span class='ocrx_word' id='word_1_400' title='bbox 305 3383 390 3443; x_wconf 85' lang='grc' dir='ltr'>λς’.</span> <span class='ocrx_word' id='word_1_401' title='bbox 423 3386 504 3451; x_wconf 80' lang='grc' dir='ltr'>ἐτη</span> <span class='ocrx_word' id='word_1_402' title='bbox 535 3385 621 3438; x_wconf 83' lang='grc' dir='ltr'>καὶ</span> <span class='ocrx_word' id='word_1_403' title='bbox 659 3390 821 3453; x_wconf 81' lang='grc' dir='ltr'><strong><em>μῆνας</em></strong></span> <span class='ocrx_word' id='word_1_404' title='bbox 849 3381 901 3446; x_wconf 80' lang='grc' dir='ltr'>ζ’.</span> <span class='ocrx_word' id='word_1_405' title='bbox 942 3385 1108 3437; x_wconf 75' lang='grc' dir='ltr'><strong><em>ἔπειτα</em></strong></span> <span class='ocrx_word' id='word_1_406' title='bbox 1143 3385 1198 3437; x_wconf 81' lang='grc' dir='ltr'>δὲ</span> <span class='ocrx_word' id='word_1_407' title='bbox 1233 3385 1319 3438; x_wconf 83' lang='grc' dir='ltr'>καὶ</span> <span class='ocrx_word' id='word_1_408' title='bbox 1343 3384 1576 3452; x_wconf 78' lang='grc' dir='ltr'><strong><em>Ἀπωφις</em></strong></span> <span class='ocrx_word' id='word_1_409' title='bbox 1612 3384 1702 3450; x_wconf 75' lang='grc' dir='ltr'>ξοί.</span> <span class='ocrx_word' id='word_1_410' title='bbox 1736 3389 1822 3439; x_wconf 83' lang='grc' dir='ltr'>καὶ</span> <span class='ocrx_word' id='word_1_411' title='bbox 1857 3384 2032 3448; x_wconf 84' lang='grc' dir='ltr'><strong><em>Ἰανίας</em></strong></span> <span class='ocrx_word' id='word_1_412' title='bbox 2058 3383 2118 3437; x_wconf 87' lang='grc' dir='ltr'>ν’.</span> 
     </span>
    </p>
   </div>
   <div class='ocr_carea' id='block_1_4' title="bbox 151 3453 2119 3525">
    <p class='ocr_par' dir='ltr' id='par_1_9' title="bbox 151 3453 2119 3525">
     <span class='ocr_line' id='line_1_46' title="bbox 151 3453 2119 3525; baseline -0.003 -16"><span class='ocrx_word' id='word_1_413' title='bbox 151 3466 203 3509; x_wconf 89' lang='lat' dir='ltr'>P.</span> <span class='ocrx_word' id='word_1_414' title='bbox 228 3466 285 3512; x_wconf 69' lang='lat'>23</span> <span class='ocrx_word' id='word_1_415' title='bbox 313 3456 399 3508; x_wconf 83' lang='grc' dir='ltr'>καὶ</span> <span class='ocrx_word' id='word_1_416' title='bbox 439 3460 573 3521; x_wconf 79' lang='grc' dir='ltr'><strong><em>μῆνα</em></strong></span> <span class='ocrx_word' id='word_1_417' title='bbox 616 3476 714 3508; x_wconf 79' lang='grc' dir='ltr'>ενα.</span> <span class='ocrx_word' id='word_1_418' title='bbox 765 3455 846 3507; x_wconf 82' lang='grc' dir='ltr'>ἐπὶ</span> <span class='ocrx_word' id='word_1_419' title='bbox 883 3459 1007 3505; x_wconf 75' lang='grc' dir='ltr'><strong><em>πᾶσι</em></strong></span> <span class='ocrx_word' id='word_1_420' title='bbox 1031 3454 1085 3506; x_wconf 80' lang='grc' dir='ltr'>δὲ</span> <span class='ocrx_word' id='word_1_421' title='bbox 1108 3456 1193 3506; x_wconf 84' lang='grc' dir='ltr'>καὶ</span> <span class='ocrx_word' id='word_1_422' title='bbox 1205 3453 1373 3517; x_wconf 82' lang='grc' dir='ltr'><strong><em>’Ἀσσις</em></strong></span> <span class='ocrx_word' id='word_1_423' title='bbox 1396 3453 1503 3520; x_wconf 82' lang='grc' dir='ltr'>μθ’.</span> <span class='ocrx_word' id='word_1_424' title='bbox 1537 3458 1620 3508; x_wconf 76' lang='grc' dir='ltr'>καὶ</span> <span class='ocrx_word' id='word_1_425' title='bbox 1661 3463 1823 3525; x_wconf 82' lang='grc' dir='ltr'><strong><em>μῆνας</em></strong></span> <span class='ocrx_word' id='word_1_426' title='bbox 1845 3454 1955 3509; x_wconf 79' lang='grc' dir='ltr'>δυο.</span> <span class='ocrx_word' id='word_1_427' title='bbox 1991 3461 2119 3506; x_wconf 74' lang='lat' dir='ltr'>Post</span> 
     </span>
    </p>
   </div>
   <div class='ocr_carea' id='block_1_5' title="bbox 294 3525 2118 3595">
    <p class='ocr_par' dir='ltr' id='par_1_10' title="bbox 294 3525 2118 3595">
     <span class='ocr_line' id='line_1_47' title="bbox 294 3525 2118 3595; baseline 0.001 -21"><span class='ocrx_word' id='word_1_428' title='bbox 294 3525 444 3576; x_wconf 69' lang='lat' dir='ltr'>‘hanc</span> <span class='ocrx_word' id='word_1_429' title='bbox 477 3535 649 3576; x_wconf 77' lang='lat' dir='ltr'>autem</span> <span class='ocrx_word' id='word_1_430' title='bbox 674 3528 904 3592; x_wconf 67' lang='lat' dir='ltr'>regnavit</span> <span class='ocrx_word' id='word_1_431' title='bbox 940 3527 1067 3576; x_wconf 82' lang='lat' dir='ltr'>alter</span> <span class='ocrx_word' id='word_1_432' title='bbox 1100 3526 1183 3585; x_wconf 83' lang='lat'>44.</span> <span class='ocrx_word' id='word_1_433' title='bbox 1212 3529 1359 3577; x_wconf 75' lang='lat' dir='ltr'>annis</span> <span class='ocrx_word' id='word_1_434' title='bbox 1383 3531 1523 3579; x_wconf 85' lang='lat' dir='ltr'>Beon</span> <span class='ocrx_word' id='word_1_435' title='bbox 1547 3532 1756 3579; x_wconf 81' lang='lat' dir='ltr'>nomine.</span> <span class='ocrx_word' id='word_1_436' title='bbox 1808 3531 1934 3579; x_wconf 80' lang='lat' dir='ltr'>Post</span> <span class='ocrx_word' id='word_1_437' title='bbox 1973 3544 2118 3595; x_wconf 78' lang='lat' dir='ltr'>quem</span> 
     </span>
    </p>
   </div>
  </div>
 </body>
</html>
