2222 3938
371 196 499 259 478
997 203 1578 262 EMENDATIONES
1601 208 1631 251 Ἢ·

494 333 622 404 ’Έτη
648 331 741 403 κη’.
769 332 894 387 navo?
915 331 1005 386 τὸν
1030 330 1216 403 οἷκριβῆ
1236 330 1423 403 λόγον.]
1458 335 1588 384 Num
1621 335 1740 386 huic
1775 335 1970 386 calculo
1999 335 2193 403 reliqua

373 409 687 457 consentiant
715 415 862 471 notae
884 415 1142 471 sequentes
1165 407 1463 457 examinant.

516 475 659 528 Οὕτω
693 474 786 545 γὰρ
827 473 1197 543 εὑρεθήσεται]
1244 477 1495 525 Dictiones
1528 477 1652 526 istae
1684 475 1967 543 parenthesi
2003 478 2195 526 clausae

371 549 610 601 Authoris
644 548 956 613 propositum
993 555 1294 609 evertentes,
1331 564 1418 596 seu
1443 548 1747 608 deridentes,
1783 549 1842 596 ab
1867 565 1923 596 eo
1947 565 2197 613 nusquam

367 622 428 670 ‘in
451 621 616 667 locum
645 618 784 666 hunc
808 619 1039 667 remissae
1065 626 1200 669 sunt.
1260 618 1363 678 Qui
1384 619 1562 667 etenim
1589 620 1805 684 seipsum
1827 619 2032 684 proprio
2060 619 2194 683 stylo

367 688 629 740 *confodiat
651 689 902 753 scriptor?
936 690 1184 737 Particula
1206 706 1324 738 vero
1360 690 1587 752 causalis,
1625 688 1744 757 γάρ,
1782 706 1897 737 011111
1926 688 2113 738 Phacee
2149 695 2200 736 et

375 761 481 811 eius
505 758 645 807 annis
675 760 870 807 nullum
897 758 1046 808 habet
1077 777 1263 807 nexum
1280 797 1294 822 ,
1331 760 1611 808 societatem
1630 762 1847 809 nullam:
1884 777 1997 807 cum
2020 760 2199 808 Mana-

369 830 488 879 ‘hem
522 847 642 878 vero
684 839 908 895 tempore
946 830 1010 896 (si
1037 831 1184 879 modo
1213 847 1417 895 regnum
1445 831 1546 879 eius
1577 832 1718 879 annis
1747 831 2011 879 duodecim
2038 830 2199 878 dime-

371 899 577 965 tiamur)
632 902 980 985 percommode
1029 909 1193 966 potest
1230 918 1500 964 congruere
1546 902 1600 948 in
1637 902 1775 950 hunc
1822 901 2200 951 3011311111.τοῦ

370 968 564 1056 Ἰσραήλ
603 966 673 1021 ιε’.
709 971 1024 1058 ἐβασίλευσεν
1057 969 1289 1037 Μαναὴμ
1319 972 1400 1037 ε’τη
1429 967 1511 1036 ιβ’.
1557 970 1708 1059 (οὕτω
1746 992 1840 1039 γαρ
1873 967 2201 1056 εὑρεθήσεται

371 1038 427 1092 τὸ
459 1038 674 1102 1θ’.ε’τος;
705 1046 799 1092 τοῦ
830 1037 978 1106 Ὠσηὲ
1012 1042 1278 1109 συντρέχον
1309 1046 1380 1129 τῷ
1416 1040 1470 1100 ς’.
1501 1043 1593 1093 ε’τει
1626 1039 1845 1103 Ἐζεκίου
1872 1051 1964 1090 010.
1997 1042 2081 1092 καὶ
2109 1036 2201 1092 οὐκ

374 1108 535 1172 ἄλλως
577 1110 649 1177 (111
680 1111 734 1159 id
769 1113 898 1160 enim
931 1115 1098 1160 forsan
1131 1111 1188 1163 τό
1205 1151 1219 1174 ,
1260 1112 1342 1163 καὶ
1371 1109 1433 1163 ου’
1459 1117 1647 1173 καλ-ως,
1683 1113 1937 1161 emendari
1971 1108 2199 1177 1Uequi1it)

365 1177 501 1233 καθ’
528 1180 554 1233 ὃ
579 1181 780 1251 γέγονεν
804 1180 994 1233 010.τοῖ
1023 1181 1077 1233 δὲ
1105 1181 1262 1234 πολλοὶ
1291 1203 1394 1232 των
1430 1179 1753 1249 ἆντιγροῖφων
1793 1182 1875 1248 ἔτη
1917 1179 1963 1234 ι’.
2034 1184 2202 1230 Unum

372 1270 527 1318 porro
555 1260 604 1299 et
631 1254 846 1300 alterum
875 1267 1136 1301 numerum
1153 1292 1166 1316 ‚
1208 1259 1290 1307 10.
1326 1253 1560 1302 videlicet
1582 1271 1639 1301 ac
1669 1258 1750 1307 12.
1777 1253 1830 1300 in
1857 1253 2094 1301 correctis
2119 1252 2203 1301 vi·-

372 1323 608 1386 tiatisque
650 1323 830 1371 tabulis
861 1324 1066 1371 exhibeo
1084 1364 1098 1387 ,
1137 1332 1196 1372 ut
1222 1341 1347 1388 quae
1375 1341 1437 1371 ex
1462 1333 1675 1388 utroque
1702 1323 1972 1372 difficultas
2010 1323 2203 1373 enasci-

369 1402 487 1456 tur,
526 1401 575 1440 et
597 1395 683 1457 qui
705 1394 847 1442 iuxta
874 1396 1170 1442 alterutrum
1195 1394 1260 1442 sit
1292 1394 1495 1458 Georgii
1527 1394 1689 1443 nostri
1727 1410 1928 1457 sensus,
1967 1394 2202 1443 coniectis

371 1464 428 1511 in
454 1481 532 1512 eas
559 1465 717 1512 oculis
741 1466 1000 1512 confestim
1030 1465 1363 1529 dignoscatur.

515 1536 631 1597 Pag.
670 1538 789 1588 203.
824 1531 905 1585 'Ev
929 1532 1119 1602 τούτῳ,
1148 1530 1242 1586 οὖν
1268 1530 1418 1602 εὗρον
1440 1531 1561 1600 κη’.]
1601 1535 1816 1598 Scaliger
1840 1551 1951 1601 pag.
1975 1535 2090 1583 Not.
2119 1537 2203 1588 66.

374 1605 476 1665 Qui
511 1605 678 1653 effusis
718 1604 922 1654 habenis
956 1608 1011 1654 in
1050 1607 1318 1654 Eusebium
1356 1607 1484 1653 solet
1512 1623 1684 1668 ruere,
1723 1607 1857 1654 dicat
1892 1605 2037 1653 nobis
2074 1604 2205 1652 unde

372 1676 563 1726 Phacee
598 1679 683 1729 28.
724 1693 878 1724 annos
914 1677 1254 1725 attiibuendos
1286 1677 1426 1725 esse‘?
1475 1677 1644 1724 Unum
1671 1643 1770 1725 1100
1796 1676 2007 1742 opponit
2042 1677 2202 1724 Geor·

373 1747 506 1810 giuS,
547 1746 600 1796 ἐν
631 1746 707 1796 §vt
741 1742 1033 1817 οἷντιγροέφῳ
1070 1750 1184 1799 λίαν
1208 1744 1538 1818 η’κριβωμένῳ
1566 1741 1714 1816 εὗρον
1741 1744 1833 1814 κη’.
1857 1747 1939 1813 ἔτη
1963 1766 2093 1816 ουτῳ
2118 1743 2206 1798 καὶ

369 1817 700 1881 ἐστοιχείωσα.

517 1885 620 1936 Καὶ
646 1888 911 1954 συγκρίνας
942 1884 1067 1949 πρὸς
1090 1885 1143 1939 τὸ
1170 1884 1248 1954 ιβ’.
1275 1888 1382 1949 ε’τος
1403 1886 1597 1954 ’Ἀχαζ.]
1644 1887 1959 1936 Attendenda
2002 1886 2205 1951 Georgii

374 1957 556 2020 verba,
597 1964 644 2004 01
667 1959 775 2023 pari
803 1977 898 2022 quo
925 1960 1095 2006 valent
1131 1960 1358 2007 acumine
1392 1959 1712 2024 penetianda.
1789 1958 2084 2045 συγκρίνας,
2119 1958 2206 2005 in-

375 2029 518 2093 quit,
553 2024 674 2094 πρὸς
696 2026 751 2079 τὸ
778 2028 1041 2116 εἰρημένον
1071 2024 1151 2094 ιβ’.
1177 2030 1283 2089 ε’τος
1301 2027 1452 2095 ’Ἀχαζ
1473 2033 1658 2112 μᾶλλον
1672 2029 1895 2114 ἐγγίζειν
1920 2025 1977 2078 τό
2002 2047 2206 2094 πρωτον

362 2098 484 2157 ·ε’τος
504 2093 651 2162 Ὠσηὲ
676 2119 800 2148 κατα
825 2119 919 2165 την
942 2104 1044 2149 τῶν
1067 2102 1331 2165 βασιλειῶν
1350 2116 1581 2167 γραφην·
1623 2096 1753 2150 οὕτω
1778 2099 1864 2149 καὶ
1880 2098 2205 2164 ἕστοιχείωσα.

363 2171 578 2217 *Annum
609 2171 732 2217 Osee
767 2170 987 2234 plinium
1011 2177 1058 2217 et
1080 2169 1246 2217 Achaz
1276 2171 1625 2218 duodecimum
1652 2187 1753 2217 una
1786 2169 1991 2233 colligit.
2061 2169 2128 2217 At
2163 2169 2207 2216 si

361 2240 503 2286 Osee
532 2256 697 2287 nonus
720 2239 770 2286 in
791 2240 993 2287 Ezeciae
1017 2248 1212 2288 sextum
1235 2241 1470 2302 incurrit,
1505 2241 1568 2288 ad
1595 2240 1760 2289 Achaz
1787 2240 2035 2288 decimum
2061 2257 2207 2304 quar-

373 2318 483 2358 tum
511 2310 731 2358 eiusdem
757 2311 880 2358 Osee
905 2328 1089 2358 annum
1109 2312 1326 2376 primum
1351 2312 1593 2360 devinciri
1612 2328 1812 2359 necesse
1836 2318 1936 2374 est3
1975 2311 2207 2375 ascriptis

364 2380 611 2429 nimirum
639 2381 898 2429 Manahem
924 2399 1075 2444 regno
1109 2383 1248 2430 annis
1281 2388 1363 2436 12.
1389 2391 1448 2432 ut
1473 2384 1573 2431 fert
1599 2382 1839 2430 sententia
1870 2397 1981 2446 pag.
2007 2385 2126 2434 202.
2152 2381 2207 2429 B.

375 2451 604 2516 exposita
637 2451 724 2502 καὶ
762 2448 854 2502 οὐκ
889 2450 1072 2514 ἄλλως,
1127 2453 1212 2503 καὶ
1253 2473 1314 2504 ου
1353 2457 1515 2513 καλῶς
1559 2454 1716 2516 malo,
1765 2452 1908 2500 iuxta
1943 2451 2210 2499 lectionem

374 2530 639 2586 utramque
669 2522 1008 2586 ineluctabili,
1049 2540 1112 2571 ex
1150 2524 1318 2571 eadem
1354 2542 1463 2589 pag.
1505 2525 1555 2574 C.
1601 2523 1733 2572 Haec
1760 2522 1872 2572 ideo
1900 2521 2050 2572 verba
2077 2517 2210 2572 ου’τω

376 2589 470 2660 γὰρ
504 2588 825 2680 ευρεθήσεται
840 2630 856 2655 ,
896 2611 985 2641 3110
1014 2594 1129 2642 1000
1156 2602 1288 2642 mota
1311 2595 1409 2642 iam
1435 2594 1711 2643 observavi.

516 2659 664 2728 Ὠσηὲ
690 2683 755 2730 τῳ
777 2660 838 2730 β’.
863 2663 1193 2752 πληρουμένῳ
1217 2669 1308 2716 τοῦ
1318 2663 1499 2730 Ἀχαζ]
1536 2665 1684 2713 Haud
1707 2663 1854 2712 dubie
1875 2661 2088 2710 Librarii
2113 2616 2211 2711 suit

375 2749 549 2794 error,
586 2739 652 2801 τῷ
676 2731 757 2799 ιβ’.
780 2734 1138 2802 πληρουμένῳ·
1173 2744 1287 2783 ante
1310 2737 1515 2784 tertium
1556 2736 1687 2783 enim
1718 2750 1902 2782 annum
1937 2749 2040 2779 non
2079 2732 2207 2780 duo-

378 2804 601 2851 decimus
633 2806 720 2852 sed
756 2807 1003 2854 secundus
1029 2808 1326 2872 completur:
1365 2815 1414 2855 et
1437 2808 1559 2854 Osee
1593 2822 1773 2854 novem
1797 2802 1914 2850 anni
1939 2802 2205 2851 undecimo

370 2873 546 2922 —Achaz
571 2876 846 2923 secundum
872 2877 1134 2925 Eusebium
1155 2877 1484 2939 terminandi,
1521 2876 1657 2939 regni
1685 2874 1852 2922 Achaz
1879 2872 2090 2921 obeunte
2118 2890 2207 2921 30-

381 2944 575 3004 cundO,
615 2953 663 2992 et
685 2946 889 2994 ineunte
912 2948 1086 3010 terti0,
1125 2949 1430 3012 principium
1458 2946 1625 2995 sortiri
1653 2945 1881 2993 debuere.

529 3018 632 3064 Του
657 3014 711 3065 δὲ
748 3013 938 3082 κόσμου
964 3015 1126 3088 δψξοί
1130 3018 1163 3083 .]
1191 3019 1437 3098 Superius
1468 3017 1652 3082 positas
1681 3015 1953 3063 errantium
1983 3013 2209 3061 calculo-

377 3101 493 3134 rum
518 3086 882 3134 emendationes
914 3069 1036 3136 haec
1065 3089 1312 3152 sequitur:
1351 3088 1491 3135 iuxta
1525 3104 1672 3150 quam
1697 3087 1821 3134 Osee
1847 3101 2006 3132 annus
2042 3100 2206 3132 nonus

380 3156 437 3203 in
467 3173 774 3203 communem
799 3160 973 3206 mundi
1013 3161 1167 3212 4769.
1206 3159 1349 3206 debet
1382 3157 1630 3204 incidere:
1669 3174 1762 3221 qua
1786 3156 1847 3204 de
1878 3171 2025 3202 causa
2048 3170 2208 3219 nuper

384 3226 538 3283 dictis
566 3225 703 3274 haud
743 3236 972 3275 constans
1009 3229 1182 3276 scribit
1210 3227 1405 3276 Author
1445 3212 1861 3291 1111011113.αυ’τη
1904 3243 2076 3311 πρωτη
2115 3226 2208 3274 τοῦ

370 3293 568 3362 Ἰσραηλ
592 3298 897 3362 αἰχμαλωσίοι
922 3297 1144 3362 πέφυκεν
1170 3299 1241 3358 εἰς
1261 3294 1564 3366 Ἀσσυρίους,
1583 3294 1700 3382 η’τις
1725 3297 1928 3383 γέγονεν
1949 3290 2205 3363 ἀρχομένῳ

382 3386 450 3437 τῳ
483 3367 602 3437 ἕκτῳ
631 3368 720 3418 ε’τει
742 3363 983 3430 Ἐζεκίου,
1018 3384 1238 3438 κοσμικῳ
1266 3367 1365 3418 δὲ
1349 3368 1442 3419 ε’τει
1466 3364 1615 3439 61120'.
1643 3364 1992 3435 πληρουμένῳ.

526 3440 640 3502 Pflg
674 3433 939 3493 20421πὸ
965 3442 1057 3491 τοῦ
1087 3421 1263 3510 δψμζ.
1265 3438 1286 3506 ]
1331 3440 1459 3489 Nota
1495 3456 1701 3505 sequens
1737 3443 2047 3506 praesentem
2080 3451 2204 3483 cor—

380 3509 656 3559 rectionem
675 3509 911 3561 vindicat.
