2112 3854
766 160 1190 216 PRAEFATIO.
1789 151 1870 215 59

64 297 329 346 οεῑκαιιῒεῐη
356 288 434 338 his
462 290 696 355 Scaligeri
719 290 883 339 verbis
899 331 913 354 ‚
948 293 1230 357 'Georgium
1259 301 1476 341 vestrum
1498 293 1622 339 seito
1649 310 1747 340 non
1777 310 1879 351 esse

45 378 198 415 mm
213 377 360 427 quem
392 362 646 423 «alebam,
663 380 839 426 neque
874 363 995 410 ulla·
1011 365 1132 410 usui
1163 361 1237 410 ad
1269 363 1565 411 Easebicma
1600 380 1711 411 mea
1745 382 1873 410 esse:

24 445 27 449 '
59 432 192 481 eatis
224 432 407 478 mirari
440 449 539 480 non
569 450 807 498 possum,
847 435 940 497 qui
968 434 1204 495 factam,
1243 443 1301 485 ut
1339 432 1441 481 dao
1479 435 1674 480 nomine
1710 433 1874 481 eodem

13 491 194 557 idem
226 509 467 565 tractent,
506 506 599 567 qai
634 503 698 550 ab
737 501 904 550 eodem
934 505 1191 568 principio
1216 507 1460 569 profecti,
1498 506 1550 551 in
1584 502 1747 550 eodem
1767 505 1876 567 sine

14 575 16 578 ’
61 574 444 637 conquiescunt:
491 572 624 621 idem
660 583 785 622 certe
820 576 872 621 in
905 583 1064 622 nstro
1096 577 1308 640 Georgio
1327 577 1668 639 plincipcum,
1707 573 1876 623 idem—

6 708 11 713 .
60 659 157 708 que
169 643 329 706 filzia,
369 645 461 708 qai
485 646 540 691 in
566 663 647 706 eo,
683 662 829 709 quem
862 646 914 691 in
939 647 1107 692 animo
1133 645 1402 705 habebam,
1439 646 1588 708 Regio
1613 645 1872 693 nimirum:

58 713 210 762 infra:
259 722 306 761 et
346 722 510 762 tamen
544 716 636 762 iste
663 724 735 762 est
766 715 1027 778 :syncellus
1058 723 1115 762 ut
1149 716 1309 762 alter:
1349 715 1438 762 sed
1470 719 1639 764 Deum
1665 718 1871 763 immor-

59 783 241 841 talem!
293 801 446 849 quam
481 784 659 850 dispar
695 795 907 834 conatus
942 786 1097 833 lucius
1141 786 1328 834 vestri?
1379 804 1498 848 nam,
1536 805 1643 835 vere
1686 785 1872 850 dicam,

55 853 195 910 ,nillil
227 855 283 902 in
314 872 366 901 eo
391 853 751 920 deprehendere
778 859 959 921 potui,
1000 855 1140 920 qaod
1161 875 1237 903 me
1263 855 1531 904 doctiorem
1552 859 1728 920 facere
1741 876 1873 922 pos-

57 934 154 987 eet,
200 943 356 989 neque
387 925 539 974 illam
572 927 727 992 legere
762 926 915 974 aliud
950 936 1046 989 est,
1099 945 1250 991 quam
1285 927 1439 975 horas
1461 926 1702 994 perdere).
1775 929 1873 975 Ha..

56 995 196 1057 beat,
243 996 477 1059 inquam,
531 998 770 1062 Georgius
809 998 1016 1061 quilibet
1049 998 1176 1044 alius
1228 1015 1347 1045 sua:
1396 999 1656 1062 Syncellus
1703 1006 1872 1046 noster

55 1065 262 1116 unicum
290 1065 415 1129 hoc,
452 1068 589 1132 quod
625 1086 652 1116 a
684 1068 859 1116 mundi
894 1067 1210 1116 incunabulis
1245 1069 1307 1116 ad
1341 1069 1634 1116 Diocletiani
1662 1068 1873 1116 deduxit

56 1143 293 1199 aetatem,
331 1135 614 1187 Chronicon
635 1139 727 1187 sibi
751 1138 1039 1188 vindicabit.
1110 1140 1181 1188 Eo
1213 1139 1535 1187 describendo
1561 1138 1750 1202 territi,
1791 1140 1873 1187 vel

53 1206 250 1256 Eusebii
278 1208 478 1273 scriptis
514 1210 735 1259 contenti
765 1210 998 1257 nonnulli
1027 1211 1181 1258 solam
1210 1210 1512 1275 Syncelliani
1540 1209 1726 1258 codicis
1752 1227 1873 1274 par-

51 1284 170 1340 tem,
207 1294 330 1342 quae
350 1279 640 1344 Pompeium
663 1280 891 1329 Iudaeam
912 1281 1059 1328 armis
1087 1280 1384 1344 subigentem
1407 1281 1617 1342 inducit,
1653 1281 1735 1329 vel
1758 1280 1873 1328 Iulii

55 1348 276 1396 Caesaris
305 1350 621 1399 Monarchiae
652 1351 795 1416 ponit
828 1351 1147 1399 fundamenta
1166 1387 1180 1412 ,
1235 1351 1328 1398 sibi
1369 1351 1726 1416 excerpendam
1757 1351 1872 1413 rati,

52 1419 288 1484 praevia,
323 1428 383 1468 ut
419 1422 641 1470 cernitur
673 1422 726 1468 in
753 1422 998 1486 plerisque
1034 1421 1169 1468 MSS.
1195 1429 1335 1485 parte
1369 1429 1473 1468 tota
1511 1421 1868 1486 praetermissa,

54 1489 197 1554 quasi
219 1507 246 1536 a
270 1491 504 1556 Pompeio
531 1492 614 1540 vel
639 1491 769 1540 Iulio
798 1492 999 1539 Caesare
1026 1490 1480 1556 Chronographiam
1516 1508 1720 1540 exorsus
1747 1492 1874 1539 fuis-

53 1567 126 1607 set
153 1561 440 1624 Syncellus,
477 1570 524 1611 et
552 1579 669 1627 pars
700 1562 876 1624 exigua
913 1569 1017 1609 tota
1055 1563 1134 1610 foi
1138 1569 1184 1608 et
1206 1562 1425 1626 Syncelli
1452 1561 1872 1626 Chronographia,

51 1647 230 1695 palum
254 1631 413 1679 cautis
435 1633 704 1681 lectoribus
727 1648 1007 1695 suggessere
1023 1632 1339 1680 medendum.
1391 1632 1536 1691 Quod
1558 1632 1709 1696 igitur
1725 1633 1873 1680 Grae-

53 1717 226 1749 corum
249 1701 638 1752 Christianorum
652 1702 915 1751 Historicis
941 1702 1199 1764 familiare,
1220 1702 1357 1751 velut
1371 1702 1591 1750 Ethnicis
1607 1702 1876 1750 Troianum

52 1772 113 1819 ab
138 1788 234 1820 ovo
256 1773 442 1822 bellum
463 1782 702 1836 retexere,
737 1791 764 1821 a
788 1774 949 1839 primo
973 1773 1149 1822 mundi
1170 1773 1359 1821 conditi
1378 1781 1627 1822 momento
1650 1773 1712 1820 ad
1735 1790 1875 1821 suam

51 1849 261 1891 aetatem
307 1844 799 1911 Chronographicum
847 1861 972 1909 opus
1020 1844 1237 1906 digerere
1283 1845 1544 1892 meditatus
1593 1845 1874 1912 Syncessus,

51 1914 301 1962 communi
323 1917 424 1964 fato
449 1916 580 1964 vitae
605 1924 655 1964 et
680 1933 781 1964 una
818 1915 1012 1963 consilii
1035 1915 1175 1964 filum
1198 1915 1286 1963 abl
1290 1923 1545 1980 umpente,
1584 1916 1647 1963 ad
1671 1915 1874 1962 Diocle-

49 1983 177 2032 tiani
200 1991 398 2053 tempus
426 1987 662 2050 substitit,
700 1994 750 2036 et
771 1985 930 2034 haesit
953 1986 1188 2048 scribens,
1225 1986 1681 2050 absolvendumque
1706 1984 1874 2034 Theo-

49 2054 206 2121 phani
236 2057 394 2105 amico
434 2058 685 2123 superstiti
723 2057 1011 2105 decessurus
1053 2057 1430 2106 commendavit.
1519 2056 1670 2117 Quod
1708 2063 1872 2104 autem

49 2125 280 2177 observat
301 2129 502 2192 titulus,
540 2129 777 2193 quodque
805 2128 911 2193 ipse
943 2129 1259 2193 praefaturus
1288 2135 1531 2190 testatur,
1566 2128 1707 2176 velut
1729 2144 1755 2175 e
1790 2127 1871 2175 di·-

49 2198 206 2246 versis
244 2199 449 2247 calculis
476 2200 762 2248 tesselatum
796 2216 946 2263 opus,
979 2200 1048 2246 ita
1078 2199 1511 2263 Chronograplliae
1543 2215 1661 2246 suae
1688 2198 1870 2246 molem

51 2284 115 2315 ex
148 2268 402 2317 variorum
431 2277 688 2317 auctorum
709 2270 908 2334 scriptis
941 2270 1152 2332 collegit.
1225 2270 1302 2318 Ex
1327 2270 1562 2318 Africano
1589 2276 1637 2317 et
1658 2268 1869 2316 Eusebio

52 2355 179 2403 quae
218 2339 547 2405 decerpseris,
604 2341 708 2388 eius
747 2357 861 2388 cum
903 2339 1100 2391 Eusebii
1139 2339 1388 2388 Chronico
1442 2338 1770 2404 comparatio,
1822 2345 1872 2386 et

52 2410 114 2457 de
135 2410 369 2458 Africano
397 2410 619 2475 praefixa
645 2411 894 2476 excerptis
914 2410 1199 2459 testimonia
1221 2411 1305 2458 vel
1325 2411 1508 2475 stylus,
1549 2410 1630 2458 vel
1653 2409 1871 2473 scripto-

49 2497 163 2529 rum
201 2480 414 2546 denique
441 2481 503 2529 ad
534 2482 701 2545 priora
736 2497 920 2539 nexuS,
957 2481 1150 2546 plenius
1174 2489 1421 2545 arguunt,
1459 2497 1607 2545 quam
1635 2488 1695 2529 ut
1722 2479 1871 2527 dubi-

49 2551 148 2599 tari
177 2551 349 2615 possit.
431 2552 611 2612 Quoad
651 2551 825 2612 licuit,
870 2559 919 2600 et
952 2551 1234 2599 coniectura
1270 2560 1550 2615 suggestum
1582 2557 1678 2610 est,
1723 2549 1871 2598 huius

50 2628 102 2669 et
134 2622 337 2671 alterius
363 2623 573 2688 scripta,
610 2622 816 2686 virgulis
853 2622 916 2670 ad
941 2622 1072 2670 latus
1110 2621 1254 2683 fixis,
1291 2623 1374 2671 vel
1410 2622 1748 2670 characterum
1773 2637 1869 2668 va·-

49 2692 222 2742 rietate
256 2693 479 2744 distinxi.
552 2694 690 2753 Quae
726 2701 894 2741 tamen
919 2693 1132 2742 Eusebio
1165 2693 1380 2758 Scaliger
1409 2692 1646 2741 adscribit
1667 2692 1719 2739 in
1744 2709 1868 2756 pro-

49 2763 172 2828 priis
214 2764 484 2829 excerptis,
521 2771 702 2812 cuncta
727 2781 788 2812 ex
810 2764 1018 2812 Eusebio
1043 2764 1353 2829 deprompta,
1389 2764 1485 2812 nisi
1512 2779 1587 2810 me
1608 2762 1739 2811 ratio
1761 2779 1870 2810 mo-

49 2841 163 2882 veat
195 2833 250 2882 in
288 2835 580 2894 adversum,
629 2852 872 2899 nusquam
909 2834 1190 2883 assentiar:v
1227 2852 1340 2883 cum
1380 2834 1586 2884 diversis
1625 2849 1870 2880 annorum

47 2905 270 2953 numeris
285 2942 300 2968 ,
348 2922 453 2954 eam
477 2906 766 2953 varietatem
792 2905 935 2953 etiam
957 2907 1177 2954 confesso
1203 2913 1252 2953 et
1274 2905 1578 2971 exprimente
1603 2903 1868 2966 Scaligero,

50 2975 279 3023 Latinum
312 2976 416 3025 eius
454 2975 767 3035 Chronicon,
807 2984 856 3023 et
882 2977 1129 3041 Excerpta
1161 2994 1343 3025 nomen
1378 2976 1512 3023 illius
1537 2992 1598 3023 ex
1633 2973 1869 3037 Scaligeri

50 3045 234 3111 placito
263 3048 586 3111 praeferentia
612 3054 846 3108 utantur,
882 3064 975 3094 nec
1009 3047 1147 3095 aliud
1179 3047 1442 3096 Eusebium
1473 3047 1682 3104 Graece,
1719 3061 1868 3109 quam

49 3116 191 3179 quod
227 3116 558 3182 Hieronymus
581 3118 755 3165 Latine
777 3117 996 3166 reddidit
1020 3116 1359 3183 (interpretem
1385 3117 1515 3165 enim
1543 3133 1643 3163 non
1666 3114 1865 3163 Brevia·

51 3186 113 3234 rii
154 3195 402 3236 auctorem
438 3189 714 3252 sapientum
747 3205 864 3236 usus
907 3205 1151 3253 vocesque
1184 3189 1541 3252 Hieronymum
1577 3182 1863 3262 celebrant),

53 3274 80 3303 a
102 3264 219 3304 nato
246 3258 456 3305 maxime
481 3258 756 3306 Abiahamo
781 3267 829 3306 et
858 3259 1010 3307 Nini
996 3259 1204 3324 imperio
1231 3259 1483 3324 scripsisse
1509 3265 1685 3304 temere
1708 3263 1755 3303 et
1779 3254 1863 3300 in-

47 3328 282 3375 consulto
324 3329 659 3377 asserendum:
709 3331 795 3377 sed
832 3346 991 3394 neque
1031 3330 1286 3378 variorum
1321 3330 1620 3377 collectanea
1656 3342 1715 3372 ex
1763 3340 1864 3371 uno

54 3399 159 3446 solo
183 3398 423 3463 prodiisse
443 3400 662 3463 prudens
686 3401 791 3464 quis
813 3409 1008 3451 asserat.
1058 3400 1203 3448 Enim
1226 3417 1345 3448 vero
1371 3417 1462 3447 cur
1483 3403 1726 3459 'excerpta
1751 3396 1866 3442 Sca-

52 3468 175 3532 liger
202 3469 469 3517 studiosius
503 3470 732 3534 ingessit,
772 3471 951 3518 oblitus
986 3488 1041 3518 ea
1072 3471 1351 3531 intrudere,
1391 3485 1512 3533 quae
1548 3483 1659 3513 cum
1699 3481 1867 3512 excer-
