2196 3912
582 174 1446 234 CHRONOGRAPH.CANON.
1801 164 1920 223 281

149 316 254 353 Anni
272 324 299 350 α
317 297 447 349 nunn-¹
479 312 589 349 Anm'
610 312 717 348 chri·
805 313 1068 348 Romanorum
1202 309 1439 349 Iudaeorum
1568 304 1830 352 Olympiades.

171 369 216 412 di
231 372 404 412 conditu.
567 369 636 409 cti,
802 369 1082 415 Imperatores.
1251 367 1391 413 Reges.

1173 481 1306 517 henr.
1329 479 1455 514 frater

1216 537 1368 573 Domini
1392 535 1409 570 1

237 648 269 667 ι,
1158 595 1377 686 Ηίθῒιῑῗιζ.
1401 603 1468 628 au·
1553 624 1748 672 Olympias
1768 624 1845 663 203.

217 719 359 772 5534
559 721 632 772 34
907 720 976 768 20
1288 721 1357 769 20
1706 712 1732 758 1

221 789 359 841 5535
564 789 631 839 35
908 791 973 838 21
1287 792 1352 839 21
1704 781 1739 831 2

220 860 359 912 5536
564 861 633 911 36
908 861 978 908 22
1289 862 1358 910 22
1704 851 1737 900 3

819 958 1080 993 Romanorum

809 1015 1024 1060 Imperator
1043 1013 1079 1049 3.

818 1073 949 1165 cxiiii
962 1081 1070 1168 83?ss—

222 1205 359 1260 5537
565 1210 632 1260 37
949 1215 975 1263 1
1292 1206 1361 1255 23
1708 1197 1743 1247 4

1564 1310 1756 1357 Olympias
1777 1309 1853 1343 202.

225 1413 363 1469 5538
471 1453 482 1462 ,,
569 1419 637 1470 38
949 1426 984 1476 2
1275 1410 1363 1465 “24
1715 1408 1742 1460 1

518 1544 521 1545 ⁷
1212 1513 1443 1549 Iudaeorum

1181 1569 1267 1606 Rex
1285 1572 1308 1605 4
1334 1571 1464 1605 Huno-

1195 1629 1475 1722 Δγ

226 1763 365 1823 5539
570 1768 639 1820 39
715 1789 718 1792 ⁴
950 1777 982 1826 3
1335 1772 1360 1819 1
1710 1773 1744 1821 2

825 1875 1084 1911 Romanorum

813 1933 1028 1977 Imperator
1051 1933 1087 1971 4.

804 1990 999 2025 emamus
1023 1999 1097 2024 an-

883 2047 943 2084 nis
967 2046 1021 2082 13.

229 2112 367 2166 5540
571 2116 640 2173 40
872 2165 884 2185 ,
956 2118 983 2170 1
1332 2119 1366 2169 2
1713 2122 1746 2170 3

260 2279 648 2344 Chronologicae
698 2279 762 2328 ad
810 2280 1030 2344 Syncelli
1077 2288 1292 2328 mentem
1333 2279 1530 2330 tabulae
1568 2298 1776 2347 sequens
1820 2283 1944 2330 ordo

118 2351 298 2402 leviter
330 2359 580 2412 mutatur,
620 2351 753 2414 quod
776 2350 1032 2414 hucusque
1069 2351 1382 2399 observatum
1414 2352 1654 2415 Georgius
1679 2352 1782 2417 ipse
1804 2353 1945 2416 prior

119 2423 383 2486 relinquat.
458 2423 820 2485 Imperatorum
858 2421 1014 2483 enim,
1074 2438 1274 2484 regum,
1330 2428 1378 2468 et
1409 2422 1694 2487 principum
1747 2429 1944 2483 aetateS,

122 2502 172 2542 et
196 2501 412 2540 aetatum
436 2491 739 2554 singularum
764 2491 925 2555 capita
953 2498 1001 2538 et
1022 2508 1177 2538 annos
1196 2490 1385 2556 primos
1411 2492 1473 2538 ad
1498 2500 1688 2540 certum
1716 2500 1764 2539 et
1784 2492 1945 2539 fixum

120 2562 299 2612 mundi
332 2562 498 2609 aetatis
524 2577 708 2608 annum
735 2560 1013 2620 devincire,
1051 2568 1100 2608 et
1123 2578 1215 2625 per
1233 2569 1554 2627 propagatam
1588 2562 1763 2610 mundi
1791 2562 1946 2610 dura-

120 2634 309 2682 tionem
330 2631 702 2697 principatuum
733 2639 870 2679 ortus
896 2638 945 2678 et
968 2631 1197 2679 interitus
1225 2632 1495 2695 assignare,
1533 2640 1582 2680 et
1619 2649 1790 2682 eorum
1826 2649 1945 2697 spa-

121 2704 192 2752 tia
212 2711 319 2751 tota
345 2703 624 2767 expandere
650 2701 851 2764 solitus,
886 2701 1062 2749 iisdem
1086 2718 1222 2749 nune
1246 2702 1635 2767 Imperatorum,
1674 2709 1723 2750 et
1742 2703 1942 2764 Romae,

122 2772 447 2835 Antiochiae,
497 2771 856 2834 Alexandriae,
892 2788 985 2819 nec
1020 2788 1124 2820 non
1156 2771 1616 2836 Hierosolymorum
1638 2772 1945 2821 Pontificum

123 2843 466 2910 pronunciatis
489 2841 674 2905 ieiune,
726 2837 816 2890 nec
856 2842 920 2889 ad
961 2849 1151 2890 certum
1192 2849 1240 2890 et
1274 2850 1514 2890 statutum
1545 2843 1720 2891 mundi
1758 2858 1945 2890 annum

123 2913 361 2977 alligatis,
399 2913 464 2960 ad
487 2929 631 2976 quem
657 2913 854 2961 demum
888 2912 1095 2976 deputet
1126 2910 1343 2977 singulas
1372 2914 1576 2962 anxium
1615 2921 1663 2961 et
1685 2920 1946 2961 nutantem

126 2984 346 3031 animum
367 2983 552 3035 reddit.
625 2983 1011 3047 Imperatorum,
1048 2983 1236 3045 fateor,
1271 2990 1496 3048 tempora
1523 2984 1716 3047 singula
1750 2983 1814 3031 ad
1847 2983 1946 3029 im·-

125 3061 289 3101 motos
311 3053 528 3116 vulgaris
552 3054 726 3101 mundi
750 3053 924 3121 aetatiq
949 3052 1186 3101 terminos
1210 3050 1453 3119 (Augusti
1478 3053 1760 3118 Tiberiique
1794 3053 1948 3116 impe-

125 3123 240 3184 riis,
280 3139 406 3186 quae
426 3123 521 3170 alia
549 3123 687 3187 sequi
724 3125 925 3170 necesse
948 3131 1049 3186 est,
1090 3123 1154 3170 ad
1181 3124 1410 3171 stabilem
1436 3123 1673 3189 epocham
1702 3141 1728 3170 a
1751 3121 1948 3187 princi·-

2 3240 7 3250 ,
127 3192 216 3256 pio
242 3190 514 3259 connexis)
539 3193 807 3241 revocandi
833 3193 1027 3240 facilem
1050 3193 1278 3258 praebuit
1303 3210 1497 3242 ansam:
1524 3193 1804 3242 memoratis
1827 3207 1947 3239 vero

127 3260 538 3310 Patriarchalium
561 3263 752 3311 sedium
777 3263 1086 3311 Praesulibus
1110 3263 1310 3328 primis,
1349 3281 1496 3328 quam
1524 3265 1577 3312 in
1600 3261 1773 3311 mundi
1808 3259 1949 3307 annis

131 3331 298 3378 sedem
328 3347 587 3395 ponerem,
624 3332 712 3381 vix
738 3349 795 3379 ac
817 3348 880 3379 ne
901 3333 988 3380 vix
1012 3332 1213 3396 quidem
1249 3350 1311 3381 ex
1341 3334 1539 3397 Georgii
1560 3331 1721 3381 nostri
1753 3328 1951 3394 scriptis

130 3408 353 3465 poteram
394 3400 683 3450 discernere.
750 3403 949 3449 Petrum
990 3409 1155 3450 tamen
1190 3403 1401 3451 Romani
1437 3402 1761 3453 Pontificatus
1803 3406 1952 3464 caput

132 3478 182 3519 et
205 3471 464 3537 primatem
489 3471 622 3520 circa
645 3471 853 3521 Neronis
880 3471 1094 3537 obitum,
1128 3480 1246 3540 post
1271 3491 1426 3524 annos
1448 3472 1680 3523 nimirum
1707 3469 1767 3519 ab
1802 3469 1951 3518 insti-
