2222 3938
340 182 468 244 396
968 189 1542 248 EMENDATIONES

344 320 560 373 cludam.
597 319 696 390 πρό
719 324 810 374 τοῦ
824 315 1091 388 Ἀμάσιος,
1126 319 1354 386 τέταρτον
1375 322 1460 374 καὶ
1483 327 1762 376 τελευταῖον
1786 325 1877 391 τῆς
1898 320 1970 386 ιζ’.
2007 326 2155 377 &vva-

339 390 757 455 στείας”Αφωφιν
777 387 1024 465 Εὐσέβιος
1047 392 1295 458 παρέθετο
1315 388 1558 463 εὐλόγως,
1594 391 1724 447 καθ’
1750 392 1812 447 ὃν
1835 391 2017 457 πάντες
2041 395 2155 462 ὁμο-

339 465 544 530 λογοῦσι
563 460 646 513 τὸν
673 458 850 526 Ἰωσὴφ
879 464 1023 529 ἄρξαι
1051 459 1325 528 Αἰγύπτου.

480 529 622 582 Kato?
644 530 737 597 τὴν
763 529 824 582 κ’.
853 533 1189 598 δυναστείαν.]
1230 528 1371 583 Κατὰ
1404 529 1498 598 τήν
1533 528 1604 584 ιε’.
1644 533 1938 585 δυναστείαν
1982 536 2181 600 legens

339 601 483 664 dum,
522 610 571 650 et
592 603 982 651 emendationem
1010 598 1077 653 ιε’.
1101 604 1419 667 marginalem
1442 604 1617 667 probat
1645 621 1755 669 pag.
1784 608 1868 657 61.
1892 605 1948 653 B.

477 673 590 735 Pag·
628 678 715 725 70.
765 673 1077 738 Αμενωφθὶς
1113 672 1193 739 ἔτη
1229 670 1347 738 κα’.]
1399 673 1693 722 Mutandum
1737 670 1829 724 κδ’.
1865 674 1920 721 in
1957 671 2050 725 κοί.
2089 676 2153 724 ob

338 742 680 797 characterum
719 743 1093 791 similitudinem
1125 743 1343 808 positum
1378 744 1614 792 evincunt
1637 746 1854 792 rationes
1890 745 2155 794 succeden-

340 821 423 859 tes.
463 816 509 864 1.
550 812 687 861 Inter
710 813 916 862 Amosin
942 821 991 862 et
1010 812 1533 878 Misphragmuthosim
1562 815 1677 862 anni
1703 819 1785 868 69.
1821 815 1888 862 ait
1915 816 2155 879 Georgius

335 883 656 931 numerandi:
701 884 780 932 illi
827 902 947 933 vero
993 901 1055 933 ex
1090 884 1332 949 Chebros,
1384 885 1768 949 Amenophfflis,
1818 886 2059 946 Amersis,
2107 895 2157 935 et

334 952 602 1017 Misaphris
631 955 870 1003 aetatibus
907 955 1240 1018 colliguntur,
1277 956 1428 1019 igitur
1452 954 1789 1020 Amenophthi
1829 972 1957 1004 unus
1996 964 2045 1004 et
2069 956 2157 1004 vi·-

173 1019 224 1064 P·
253 1019 309 1064 25
337 1022 464 1086 ginti
485 1025 601 1071 anni
620 1025 891 1074 tribuendi.
930 1031 980 1078 2.
1006 1025 1339 1091 Amenophthi
1368 1026 1525 1073 eidem
1550 1026 1638 1073 sub
1665 1025 1966 1090 Amenopbis
1989 1026 2156 1073 nomi-

333 1110 396 1141 ne
419 1094 661 1142 Eusebius
699 1096 831 1144 solos
859 1100 942 1149 21.
974 1112 1130 1144 annos
1167 1097 1397 1144 concedit
1426 1113 1535 1160 pag.
1564 1100 1649 1149 71.
1675 1096 1727 1145 C.
1756 1099 1808 1148 3.
1867 1097 1941 1144 Ex
1966 1096 2156 1145 Amosis

334 1164 476 1212 annis
502 1165 584 1218 25.
612 1164 829 1214 Chebros
850 1169 934 1219 13.
968 1165 1326 1231 Amenophthis
1341 1170 1424 1219 21.
1453 1165 1663 1213 Amersis
1680 1171 1764 1218 22.
1790 1165 2052 1230 Misaphris
2073 1169 2154 1219 13.

332 1234 829 1299 Misphragmuthosis
856 1240 939 1288 26.
968 1236 1086 1282 anni
1121 1237 1424 1300 colliguntur
1452 1239 1568 1288 120.
1595 1235 1748 1283 iidem
1774 1251 1894 1283 vero
1926 1244 2040 1284 sunt
2061 1253 2157 1284 nu-

332 1321 470 1352 mero
498 1310 609 1353 cum
631 1305 692 1353 iis
708 1307 769 1354 de
789 1307 968 1371 quibus
991 1307 1044 1353 in
1068 1307 1247 1371 pagina
1272 1306 1366 1354 hac
1391 1305 1557 1353 eadem
1579 1305 1778 1354 disserit
1798 1306 1988 1354 Author
2003 1307 2158 1355 Geor-

331 1375 469 1438 gius:
502 1384 726 1440 superest
745 1377 916 1441 itaque
938 1376 1352 1443 Amenophthim‚
1389 1384 1544 1442 prout
1566 1375 1620 1424 in
1647 1375 1867 1440 margine
1903 1379 2156 1443 expressi-

332 1462 472 1507 mus,
509 1447 641 1494 solos
675 1451 761 1501 21.
799 1456 1042 1513 expetere.

472 1517 586 1580 Pag.
623 1521 705 1570 70.
742 1516 898 1584 Ὁμοῦ
920 1514 1020 1570 οἷπό
1041 1512 1287 1584 Ἀμτόσιος
1318 1519 1411 1569 τοῦ
1434 1515 1519 1567 καὶ
1554 1512 2155 1586 Μισφραγμουθῶσεως]

333 1587 490 1635 Totus
519 1587 602 1634 hic
629 1587 862 1637 Authoris
887 1588 1141 1637 discursus
1169 1589 1524 1637 obscuritatum
1559 1588 1774 1636 tenebris
1809 1587 2155 1651 condensatus,

335 1665 386 1704 et
413 1657 466 1704 in
491 1656 779 1705 Africanum
808 1659 1125 1707 Deucalionis
1149 1659 1393 1708 diluvium
1425 1657 1916 1723 Misphragmuthosis
1941 1658 2157 1723 Aegypti

333 1727 461 1790 regis
482 1728 785 1793 temporibus
811 1737 1108 1776 statuentem
1142 1736 1427 1792 argumenta
1461 1736 1686 1776 contorta
1719 1728 1972 1793 perplexis
2006 1729 2156 1776 diffi-

339 1798 585 1846 cultatum
609 1799 750 1846 nodis
777 1799 1004 1848 involuta
1024 1806 1395 1864 proponuntur.
1465 1797 1590 1861 Age,
1627 1798 1786 1846 nodos
1821 1799 2151 1861 exsolvamus,

338 1875 413 1929 et,
451 1868 494 1916 si
527 1868 656 1916 vires
694 1868 982 1932 animusque
1005 1876 1302 1934 suppetant,
1337 1868 1528 1933 prolata
1560 1869 1674 1916 luce
1701 1869 1928 1916 tenebras
1955 1877 2004 1917 et
2033 1870 2156 1917 cali-

333 1938 494 2001 ginem
522 1955 718 1986 omnem
744 1939 1080 1988 discutiamus.
1155 1939 1291 1999 Quae
1315 1947 1539 2002 tempore
1572 1938 1768 1997 dissita,
1803 1938 1995 2002 inquit,
2034 1957 2151 2003 qua..

331 2008 402 2056 lia
425 2016 541 2056 sunt
567 2009 722 2073 Ogygi
744 2009 1151 2074 Deucalionisque
1177 2010 1366 2057 diluvia
1391 2008 1616 2057 ducentis
1642 2016 1690 2056 et
1713 2016 1824 2056 octo
1848 2026 1997 2073 supra
2023 2027 2152 2073 qua·-

331 2078 560 2142 draginta
585 2079 726 2126 annis
751 2097 777 2126 a
803 2096 855 2127 se
880 2080 1095 2127 invicem
1134 2087 1351 2142 remota,
1388 2080 1440 2126 in
1475 2079 1675 2126 brevem
1713 2095 1958 2126 annorum
1986 2081 2150 2144 perio-

332 2149 454 2205 dum
493 2166 717 2213 quaeque
742 2149 926 2213 viginti
956 2166 1108 2215 supra
1143 2157 1346 2197 centum
1374 2166 1477 2196 non
1508 2156 1766 2213 exsuperet
1797 2165 2037 2197 summam
2064 2167 2153 2198 ne-

331 2227 523 2282 queunt
545 2219 814 2268 coarctari:
853 2219 1095 2268 eiusmodi
1116 2236 1235 2268 vero
1257 2227 1330 2268 est
1363 2220 1435 2282 OD
1473 2235 1643 2282 gaeum
1667 2226 1715 2266 et
1738 2219 2152 2268 Deucalionaeum

329 2289 598 2352 diluvium,
634 2297 693 2338 ut
731 2295 850 2344 200.
878 2297 928 2338 et
962 2290 1047 2343 48.
1078 2289 1220 2337 annis
1255 2307 1281 2337 a
1310 2305 1361 2337 se
1390 2289 1605 2338 invicem
1629 2288 1869 2337 dissidere
1905 2290 2050 2339 etiam
2087 2307 2150 2339 ex

326 2359 555 2408 Africani
593 2368 829 2425 computo
878 2361 1218 2408 declarentur:
1267 2376 1514 2424 nusquam
1555 2358 1707 2421 igitur
1749 2359 1835 2407 fiet
1876 2360 2151 2409 secundum

324 2430 549 2477 Africani
583 2439 824 2493 mentem,
860 2438 919 2479 ut
951 2430 1290 2479 Thessalicum
1328 2431 1421 2478 sub
1465 2429 1762 2477 Deucalione
1805 2430 2050 2479 diluvium
2085 2431 2151 2479 ad
2210 2486 2211 2491 ¹

325 2499 820 2564 Misphragmuthosis
845 2519 1000 2549 annos
1024 2509 1317 2563 revocetur3
1355 2501 1475 2548 alias
1503 2499 1727 2547 Atticum
1753 2500 1844 2548 sub
1871 2502 2039 2565 Ogygo
2064 2501 2150 2549 vi-

325 2586 458 2627 sum,
492 2579 650 2619 aetate
685 2588 812 2637 pene
851 2572 1019 2620 eadem
1062 2572 1324 2634 contigisse
1367 2570 1738 2621 concederetur.
1823 2570 2150 2632 Singularum·

324 2640 473 2688 unius
510 2640 658 2690 huius
690 2642 963 2705 argumenti
988 2642 1386 2707 propositionum
1417 2642 1551 2689 dicta
1582 2640 1660 2688 his
1697 2639 1805 2687 aliis
1839 2641 1898 2687 ab
1922 2640 2145 2690 Authore

323 2710 490 2770 relatis
518 2711 795 2760 firmantur.
865 2713 931 2761 Et
958 2730 1106 2776 quam
1136 2712 1302 2761 brevis
1329 2712 1396 2759 sit
1419 2711 1618 2775 quidem
1650 2710 1889 2773 temporis
1916 2711 2143 2774 ambitus,

326 2796 426 2842 quo
459 2780 707 2829 diluvium
737 2790 1005 2847 utrumque
1033 2782 1410 2848 comprehendit
1431 2781 1693 2828 Africanus
1709 2816 1722 2840 ,
1760 2795 1822 2826 ex
1846 2779 1950 2827 eius
1975 2782 2142 2829 verbis

324 2857 374 2897 et
409 2851 651 2897 sententia
682 2852 935 2916 depromo.
1010 2854 1290 2916 Ogygaeum
1316 2851 1563 2900 diluvium
1587 2867 1728 2914 passa
1762 2857 1837 2896 est
1868 2850 2032 2898 Attica
2058 2869 2143 2900 re—

323 2919 403 2982 gio
428 2919 519 2967 sub
547 2920 727 2969 Inacho
749 2923 932 2986 Moysis
959 2931 1239 2984 coaetaneo,
1274 2921 1522 2970 Thessalia
1541 2921 1726 2984 pariter
1750 2919 1839 2967 sub
1867 2920 2144 2985 Misphrag-

322 2989 545 3037 muthosi
578 2991 761 3055 Moysis
794 2993 892 3039 iam
938 2993 1066 3041 senis
1099 2991 1351 3056 coaequali
1379 3007 1548 3055 parem
1582 2990 1773 3037 cladem
1803 2997 1876 3038 est
1910 2999 2141 3056 experta:

322 3060 539 3124 spatium
559 3060 723 3124 itaque
750 3062 1099 3110 disterminans
1127 3070 1393 3124 utrumque
1415 3061 1475 3107 ad
1501 3067 1703 3117 centnm
1729 3066 1781 3107 et
1804 3060 1983 3124 viginti
2007 3062 2142 3109 dun-

322 3138 465 3178 taxat
489 3147 642 3178 annos
669 3132 914 3193 ascendit,
954 3149 1080 3196 quae
1107 3148 1349 3178 annorum
1380 3147 1573 3176 summa
1599 3130 1691 3178 vix
1724 3130 1936 3178 mediam
1955 3132 2141 3180 ducen-
2197 3156 2208 3160 -

322 3208 492 3248 torum
515 3208 564 3249 et
589 3200 910 3264 quadraginta
933 3210 1047 3249 octo
1075 3201 1134 3248 ab
1157 3202 1267 3265 ipso
1296 3200 1534 3247 Africano
1558 3200 1987 3250 concedendorum
2014 3219 2139 3249 eme-

320 3270 457 3320 titur.
527 3270 720 3319 Addam
748 3272 984 3335 amplius:
1027 3287 1090 3318 ne
1115 3273 1280 3319 forsan
1303 3271 1501 3334 quidem
1520 3270 1652 3318 inter
1676 3266 1932 3335 utriusque
1960 3271 2139 3319 diluvii

320 3341 504 3389 limites
529 3358 685 3389 annos
711 3345 826 3395 120.
852 3341 1101 3388 numerari
1128 3358 1285 3406 posse.
1358 3341 1583 3388 Incertus
1618 3348 1691 3388 est
1718 3343 1848 3388 enim
1874 3341 2138 3389 Africanus

322 3411 383 3458 ‹le
404 3412 589 3476 Moysis
612 3419 661 3460 et
682 3410 832 3459 Amos
862 3410 1188 3475 Aegyptiacae
1216 3414 1298 3464 18.
1371 3411 1636 3473 Dynastiae
1673 3411 1821 3475 primi
1848 3411 1974 3474 regis
2010 3417 2138 3457 aeta-

320 3481 481 3530 tibus:
517 3489 567 3531 et
586 3499 698 3531 cum
725 3481 872 3530 modo
895 3482 1037 3530 velut
1060 3482 1311 3530 affirmans
1333 3489 1490 3547 ponat
1515 3482 1727 3544 Moysen,
1744 3481 1892 3529 Amos
1915 3489 2136 3545 tempore
