2222 3938
676 181 776 235 ET
811 180 1398 238 ANNOTATIONES.
1824 172 1949 234 485

121 311 240 360 dita
264 308 422 366 4726.
442 309 781 360 institutarum
807 310 997 360 decima
1020 328 1153 360 nona
1176 312 1382 361 tertium
1409 311 1672 362 obeuntem
1697 318 1747 361 et
1766 311 1948 362 ineun-

120 391 222 432 tem
253 391 486 446 quartum
511 383 563 429 in
590 399 776 430 annum
798 382 972 430 mundi
996 382 1150 438 4801.
1174 383 1510 433 incurrentem
1537 383 1762 432 sortitur.

256 445 374 517 Ἀφ’
403 444 466 503 οὗ
488 452 571 504 ἐπὶ
604 450 693 503 ον’.
714 448 1058 518 Ὀλυμπιάδω]
1096 453 1540 519 Quinquagesimae
1565 464 1718 520 supra
1754 452 1947 502 ducen-

119 523 346 572 tesimam
382 523 693 589 Olympiadis
732 531 938 587 quartus
966 541 1126 572 annus
1149 525 1203 572 in
1233 542 1420 575 annum
1442 525 1619 575 mundi
1642 526 1798 580 5725.
1821 524 1950 572 inci-

119 594 230 657 dit,
275 593 467 659 primus
493 593 544 641 in
568 598 723 648 5722.
747 593 800 641 in
820 596 977 648 5723.
1008 596 1274 644 secundus.

247 660 511 727 ’Ἄρχοντες
547 659 716 731 Ῠίὶκγῖ]
755 663 797 711 Α
829 663 1007 712 mundi
1038 666 1193 718 4800.
1231 666 1442 715 obeunte
1467 673 1516 714 et
1537 665 1693 720 4801.
1729 663 1950 725 ineunte,

119 752 219 801 quo
257 733 631 782 Atheniensium
667 734 821 782 annui
855 734 1169 797 magistratus
1196 734 1443 800 instituti,
1481 737 1543 784 ad
1565 738 1721 790 5723.
1743 751 1949 798 annum,

119 805 208 854 alii
238 807 360 859 923.
401 804 519 852 anni
547 812 596 852 et
628 805 938 869 magistratus
974 805 1181 852 totidem
1216 815 1572 870 numerantur,
1605 823 1708 854 non
1746 805 1952 853 excluso

117 875 357 924 nimirum
393 875 531 923 illius
560 875 710 939 primi
736 892 885 940 supra
911 876 1065 929 4800.
1088 892 1234 924 anno.
1283 878 1520 943 Reposito
1554 878 1707 941 igitur
1728 875 1782 923 in
1805 883 1951 930 textu

118 941 264 1014 7087st
294 962 531 994 numerus
550 940 673 1012 φῖ)γῖ
695 945 1004 994 emendatur.

261 1011 408 1066 Καθ’
442 1013 505 1067 ὂν
549 1011 851 1080 ὕποέτευον.]
905 1015 1082 1064 Mundi
1118 1016 1271 1069 4800.
1320 1015 1505 1064 additis
1549 1018 1672 1070 923.
1710 1031 1954 1064 annorum

119 1087 274 1141 5723.
300 1104 488 1134 summa
518 1086 799 1134 conficitur.
871 1087 931 1134 In
955 1086 1058 1134 eius
1083 1087 1325 1148 termino,
1364 1087 1452 1152 qui
1480 1086 1578 1134 fuit
1604 1104 1630 1133 a
1653 1085 1837 1134 Christi
1857 1103 1954 1133 na-

117 1157 290 1205 talitiis
315 1160 434 1212 223.
477 1157 718 1205 Antonini
736 1156 1041 1220 Heliogabali
1062 1156 1251 1220 tertius,
1291 1157 1600 1222 Olympiadis
1627 1158 1746 1210 250.
1770 1173 1953 1204 secun-

119 1228 241 1289 dus,
276 1227 485 1275 Phileno
510 1227 886 1276 Atheniensium
916 1226 1195 1284 Archonte,
1231 1228 1427 1276 Annius
1452 1219 1633 1275 Gratus
1655 1227 1952 1275 Severianus

118 1306 170 1346 et
208 1298 445 1346 Claudius
477 1299 709 1346 Seleucus
753 1298 1076 1346 Consulatum
1117 1314 1321 1360 gessere.
1391 1297 1618 1347 Africani
1655 1297 1952 1345 sententiam

116 1369 361 1417 Batonius
388 1376 438 1416 et
462 1369 572 1417 aliis
596 1376 890 1434 sequuntur.
962 1368 1088 1418 Vide
1109 1367 1406 1432 Eusebium,
1444 1376 1494 1417 et
1530 1368 1754 1434 expende
1789 1366 1953 1416 Chro-

117 1439 270 1489 nicon
300 1439 540 1490 Alexand.
569 1439 920 1490 adversarium.
1870 1474 1873 1476 -

258 1504 370 1560 Ἐπὶ
392 1513 487 1560 τοῦ
511 1507 682 1579 Ιεψκγῖ
708 1509 882 1575 ἔτους]
921 1509 1048 1557 Eum
1075 1525 1262 1557 annum
1291 1507 1551 1574 speciatim
1573 1507 1819 1570 observat,
1857 1525 1954 1573 quo

116 1579 322 1629 floreret
356 1580 651 1643 Africanus,
703 1596 946 1644 quemque
990 1597 1052 1627 ex
1093 1587 1250 1627 aetate
1291 1587 1496 1641 notum,
1545 1585 1595 1626 et
1631 1595 1695 1626 ex
1727 1579 1954 1643 personis

118 1659 312 1700 certum
332 1650 441 1716 ipse
466 1659 763 1699 testaretur:
788 1650 1008 1698 Africani
1034 1658 1200 1698 tamen
1219 1650 1514 1713 legationem
1536 1647 1668 1696 hanc
1691 1649 1744 1696 in
1769 1666 1956 1697 annum

118 1730 399 1787 sequentem
416 1759 429 1783 ,
468 1722 524 1769 id
545 1729 619 1770 est
644 1721 896 1785 Elagabali
922 1729 1153 1784 quartum
1179 1719 1351 1768 reiecit
1375 1719 1645 1780 Eusebius,
1684 1719 1820 1782 quod
1844 1735 1955 1767 eum

119 1793 291 1841 forsan
320 1793 379 1840 ab
418 1792 668 1840 Autumno
703 1799 999 1857 praeeunte,
1038 1791 1127 1856 qui
1165 1790 1302 1838 tertii
1329 1790 1390 1837 ab
1417 1789 1524 1837 aliis
1551 1789 1802 1837 numerati
1835 1805 1954 1854 pars

117 1870 341 1912 extrema
369 1870 469 1924 est,
509 1863 732 1911 ordiatur
759 1862 998 1912 scribens,
1072 1862 1135 1910 In
1155 1861 1462 1908 Palaestina
1487 1859 1781 1923 Nicopolis,
1823 1877 1956 1924 quae

108 1935 265 1999 prius
298 1935 551 1982 Emmaus
579 1933 886 1995 vocabatur,
925 1931 1048 1980 urbs
1084 1930 1293 1979 condita
1330 1940 1433 1995 est,
1480 1931 1754 1994 legationis·
1791 1928 1956 1976 indu.-

116 2007 300 2052 striam
332 2022 431 2069 pro
468 2022 527 2051 ea
565 2006 865 2068 suscipiente
904 2003 1039 2051 Iulio
1079 2003 1335 2067 Africano
1371 2003 1615 2065 scriptore
1659 2009 1951 2064 temporum.

118 2076 334 2139 Scaliger
358 2082 447 2123 aut
470 2074 832 2140 Typographus
858 2074 1092 2122 mendose
1117 2072 1336 2122 reddidit
1366 2066 1520 2139 ,svuyss
1573 2069 1954 2118 Observandum

120 2146 280 2194 obiter
304 2146 365 2193 de
389 2146 743 2210 Olympiadum
768 2153 818 2193 et
844 2143 1150 2208 Christianae
1173 2159 1312 2192 aerae
1330 2140 1519 2206 epocha
1545 2140 1814 2203 Georgium
1838 2156 1953 2187 cum

118 2216 355 2265 Africano
381 2216 575 2262 nullum
604 2215 783 2263 habere
805 2213 1084 2262 dissidium.

267 2289 370 2336 Τοῦ
401 2284 486 2335 καὶ
509 2281 846 2353 Αὐγούστου]
884 2284 987 2332 MS.
1013 2286 1106 2333 τοῦ
1124 2280 1209 2333 καὶ
1231 2275 1506 2347 Αὕγέντου.
1559 2277 1777 2342 Scaliger
1821 2276 1954 2326 idem

119 2356 321 2422 reponit
345 2355 400 2402 in
424 2362 592 2416 textu,
631 2355 683 2402 in
722 2354 949 2403 Animad.
985 2370 1095 2416 pag.
1133 2352 1254 2406 257.
1291 2346 1536 2400 Αύειίὀυ.ο
1571 2348 1805 2396 usitatius
1846 2364 1953 2411 ego,

118 2430 213 2477 τοῦ
235 2425 320 2477 καὶ
345 2420 658 2492 Αὐγούστου.
718 2425 829 2472 Non
855 2424 1110 2487 Augentus
1137 2421 1296 2482 enim,
1338 2437 1432 2468 nec
1461 2419 1670 2479 Avitus3
1708 2418 1794 2466 sed
1815 2418 1955 2466 Mar-

124 2513 213 2544 cus
261 2497 495 2544 Aurelius
530 2494 812 2544 Antoninus
848 2494 1103 2558 Augustus
1141 2490 1400 2554 audiebat,
1452 2489 1538 2555 qui
1585 2488 1953 2553 Heliogabalus,

119 2568 204 2617 vel
238 2567 545 2629 Alagabalu8.

258 2632 466 2688 Ἀκτίων
507 2634 537 2688 ὁ
574 2630 866 2699 Μιλήσιος]
914 2631 1150 2682 Praemisi
1186 2630 1410 2679 titulum.
1479 2624 1790 2698 Σπορᾶδηνε
1835 2627 1955 2692 legit

125 2708 344 2772 Scaliger
363 2703 629 2773 Ἀρκτῖνος.
668 2704 906 2753 Eusebius
931 2703 1135 2752 Latinus
1158 2701 1386 2750 ArctiuS.
1572 2707 1575 2711 '
1779 2709 1787 2725 ⁸

267 2777 516 2845 Θηραῖοι]
543 2777 727 2824 Vocem
750 2775 967 2823 restituit
985 2772 1225 2821 Eusebius
1251 2771 1314 2820 ad
1339 2785 1524 2819 annum
1549 2766 1775 2818 Abrahae
1802 2767 1953 2822 1253.

133 2849 363 2908 Theraei,
402 2847 599 2910 scribit,
650 2847 882 2910 Cyrenem
915 2842 1250 2892 condiderunt
1283 2841 1490 2889 oraculo
1517 2841 1592 2887 sic
1619 2839 1833 2886 iubente.
1883 2838 1954 2885 De

121 2919 200 2968 his
235 2919 428 2969 Strabo.
465 2918 550 2970 lib.
592 2921 671 2971 17.
710 2933 819 2982 cap.
858 2921 941 2971 20.
980 2916 1040 2963 de
1071 2912 1344 2976 Pandosia,
1393 2909 1543 2959 hodie
1590 2908 1854 2958 Consentia
1904 2914 1954 2955 et

122 2990 425 3055 Metapontio
450 2987 632 3037 Italicis
653 2987 758 3037 sive
786 2985 1055 3035 Calabricis
1092 2983 1302 3033 urbibus
1339 2981 1517 3031 Strabo
1545 2979 1633 3031 lib.
1671 2985 1719 3034 6.
1759 2995 1865 3043 cap.
1900 2979 1951 3030 3.

123 3068 174 3110 et
245 3096 258 3110 .

207 3061 242 3114 4
262 3124 509 3197 Ἀθήνῃσι
534 3121 745 3195 πρώτῃ]
784 3123 1023 3177 Eusebius
1050 3124 1112 3173 ad
1138 3140 1325 3172 annum
1354 3119 1576 3171 Abrahae
1603 3117 1754 3173 1244.
1788 3114 1953 3165 Athe-

126 3202 208 3248 nis·
224 3202 455 3265 primum
480 3200 651 3245 trieres
676 3200 945 3263 navigavit
965 3195 1258 3245 Aminocleo
1293 3209 1497 3241 cursum
1534 3188 1779 3252 dirigente
1795 3207 1807 3231 .·
1848 3185 1951 3232 eius

127 3271 267 3320 faber
304 3278 354 3318 et
392 3267 712 3330 trierarches,
751 3269 835 3333 qui
857 3267 1141 3332 Thucydidi
1169 3266 1255 3314 lib.
1289 3268 1335 3318 1.
1360 3261 1598 3311 scribitur
1621 3253 1953 3321 Ἀμεινοκλῆς.

273 3337 486 3403 Νάξος]
526 3339 601 3386 Ita
634 3338 894 3400 legendum
933 3345 1100 3385 monet
1138 3335 1378 3384 Eusebius
1418 3333 1480 3379 ad
1516 3343 1698 3376 annum
1729 3324 1954 3373 Abrahae

133 3414 284 3465 1676.
334 3411 514 3458 Naxus
541 3410 595 3455 in
619 3410 801 3457 Sicilia
843 3407 1067 3458 condita.
1120 3406 1297 3454 Strabo
1330 3404 1421 3452 lib.
1458 3404 1505 3452 6.
1546 3414 1651 3461 cap-
1692 3398 1773 3449 13·
1811 3395 1867 3445 αἱ
1899 3391 1955 3445 δὲ

133 3477 313 3547 μεταξύ
336 3474 572 3544 Κατάνης
592 3477 678 3530 καὶ
702 3482 1048 3547 Συρακουσῶν
1075 3477 1399 3535 ἐκλελοίπασι,
1421 3464 1590 3530 Νάξος
1612 3464 1698 3517 καὶ
1724 3463 1953 3532 Μέγαρα.
