2222 3938
646 177 747 231 ET
780 174 1370 232 ANNOTATIONES.
1803 163 1932 227 475

34 333 39 345 ¹
107 312 230 364 992.
267 306 518 359 victorum
542 305 675 355 enim
709 306 912 356 nomina
942 307 1132 373 primo,
1170 304 1491 373 Olympiades
1528 320 1649 354 vero
1690 320 1794 352 non
1830 305 1934 354 nisi

108 385 289 444 quarto
324 379 642 443 complentur
664 395 811 426 anno.
884 378 1020 426 Haec
1043 396 1195 444 porro
1235 379 1295 426 de
1322 376 1617 426 Stadionicis
1650 375 1839 423 mentio
1869 393 1934 424 ex

105 449 367 511 Africano,
406 450 471 496 ad
504 449 645 496 cuius
670 457 895 513 tempora
926 449 1046 503 248.
1108 448 1419 498 Stadionicae
1451 453 1805 508 excurrerant,
1843 446 1934 494 de-

18 526 21 530 ”
105 527 346 586 prompta·
362 527 588 570 testatur.
648 519 765 568 Eius
787 526 975 582 autem,
1010 520 1095 568 vel
1119 536 1477 584 nonnunquam
1497 517 1712 580 Eusebii,
1751 517 1935 565 codici-

11 614 35 617 w
102 590 196 639 bus
235 589 433 638 Author
465 589 705 652 Georgius
741 607 860 639 usus
873 627 887 651 ,
924 591 1073 637 modo
1111 589 1292 651 huius,
1331 590 1481 638 modo
1527 589 1663 637 illius
1700 604 1934 637 numeros

34 685 36 688 >
103 660 394 726 imprudens
419 660 753 708 exscribebat=
789 660 925 708 unde
951 660 1015 708 ad
1041 661 1238 708 Eusebii
1264 678 1419 708 annos
1453 659 1513 707 ab
1547 667 1787 707 autumno
1822 675 1934 706 nu·-

104 731 342 779 merantis
367 738 613 792 mentem,
654 731 912 796 Olympias
943 731 1103 796 prima
1130 731 1365 797 Aeschyli
1404 731 1620 779 secundo
1654 747 1785 777 anno
1821 737 1936 778 ter-

103 802 319 864 minato,
356 808 406 848 et
428 801 526 848 alio
561 801 764 849 ineunte
789 810 998 851 asserta:
1039 802 1188 849 modo
1217 819 1279 849 ex
1301 801 1525 849 Africani
1551 801 1760 849 consilio
1783 817 1934 848 mun-

105 872 158 920 di
191 872 347 926 4721.
377 879 426 919 et
463 871 609 920 Oziae
635 875 722 925 39.
757 873 997 937 ascripta:
1038 873 1277 920 mendoso
1316 888 1491 921 rursus
1529 872 1786 920 observato
1827 870 1934 918 cal-

105 943 218 990 culo
234 981 248 1004 ‚
283 942 393 1006 quo'
411 958 578 990 sacrae
600 942 807 1007 paginae
829 941 1143 991 Genearchae
1165 944 1394 1008 proprias
1422 949 1603 990 aetates
1627 942 1769 989 annis
1794 958 1937 989 mun-

30 1060 39 1071 ,
106 1012 158 1060 di
187 1029 287 1060 uno
318 1029 466 1077 quam
490 1030 583 1077 par
609 1013 672 1060 sit
711 1031 841 1060 anno
869 1014 1015 1062 citius
1036 1013 1209 1061 affixas
1231 1020 1524 1074 numerant,
1562 1012 1730 1060 eadem
1755 1011 1935 1076 Olym—

104 1082 213 1149 pias
242 1082 295 1130 in
319 1083 498 1131 mundi
536 1084 692 1136 4725.
722 1084 929 1132 reiecta:
968 1084 1051 1132 cui
1083 1084 1288 1132 adiectis
1317 1088 1434 1138 992.
1461 1089 1684 1130 extantes
1709 1082 1765 1129 in
1789 1089 1937 1129 textu

105 1154 262 1207 5717.
289 1170 533 1202 annorum
557 1171 748 1201 summa
775 1154 1041 1217 colligitur.
1114 1154 1346 1218 Adeoque
1382 1171 1487 1202 non
1522 1154 1672 1201 unius
1705 1151 1934 1213 Librarii,

109 1223 197 1271 sed
235 1223 394 1288 ipsius
429 1241 791 1288 nonnunquam
817 1224 1083 1287 Authoris,
1125 1225 1211 1288 qui
1248 1232 1549 1286 occurrunt,
1585 1223 1780 1289 proprii
1819 1229 1938 1271 sunt

105 1310 322 1355 erroreS,
346 1312 391 1341 -a
416 1294 594 1359 quibus
618 1312 671 1342 ea
699 1295 1013 1343 solummodo
1044 1295 1266 1357 ratione,
1305 1295 1439 1360 quod
1475 1311 1602 1361 opus
1621 1311 1727 1342 non
1752 1295 1936 1357 relege-

105 1364 204 1427 rit,
241 1365 323 1413 vel
346 1365 677 1425 recensuerit,
723 1365 845 1412 mihi
871 1365 1202 1414 vindicandus
1232 1366 1499 1414 videbitur.

246 1429 495 1501 Εὐσέβιος
519 1433 574 1485 δὲ
596 1432 689 1498 τήν
710 1432 915 1501 πρώτην
943 1431 1301 1500 'Ol-vurmatia]
1345 1434 1554 1483 Subtilis
1587 1443 1635 1483 et
1671 1441 1934 1482 accuratus

105 1503 348 1553 Authoris
383 1507 445 1554 de
483 1506 695 1554 Eusebio
734 1506 982 1570 loquentis
1020 1523 1198 1557 sermo.
1272 1506 1488 1561 Primae,
1523 1505 1714 1570 inquit,
1754 1505 1934 1569 Olym-

104 1575 268 1640 piadis
292 1578 507 1640 spatium
534 1583 750 1640 quatuor
782 1576 1032 1623 continuis
1059 1577 1201 1624 annis
1228 1577 1584 1638 emetiendum,
1619 1576 1738 1623 licet
1773 1575 1938 1623 Euse-

106 1646 216 1694 bius
243 1646 393 1694 Oziae
418 1646 503 1700 49.
531 1648 612 1695 vel
636 1654 694 1694 ut
715 1647 858 1712 ponit
883 1647 1099 1710 Scaliger
1122 1649 1203 1700 50.
1246 1646 1447 1694 initium
1489 1646 1685 1694 duxisse
1718 1646 1936 1709 scripse—-

106 1717 199 1766 rit:
236 1717 395 1781 ipsam
421 1724 587 1766 tamen
613 1717 958 1782 Olympiadem
983 1716 1308 1782 quadriennio
1347 1717 1690 1781 complendam
1727 1716 1857 1779 cogit
1888 1723 1937 1764 et

109 1787 299 1835 claudit
334 1786 539 1835 Ioathan
576 1805 706 1835 anno
739 1787 918 1852 primo.
999 1787 1133 1835 Hinc
1164 1787 1269 1852 ipse
1304 1787 1510 1835 Latinus
1537 1787 1775 1835 Eusebius
1805 1803 1936 1834 anno

107 1856 375 1906 Abrahami
400 1858 553 1911 1240.
578 1875 674 1923 quo
701 1859 911 1923 primam
936 1858 1070 1906 locat
1100 1857 1477 1922 Olympiadem:
1514 1860 1677 1906 Porro
1706 1875 1813 1921 nOS,
1851 1857 1935 1919 ait,

105 1930 163 1975 in
187 1930 366 1993 prima
397 1927 698 1993 Olympiade
734 1929 953 1977 Ioathan
971 1931 1269 1994 posuimus:
1303 1928 1359 1976 id
1391 1936 1490 1991 est,
1527 1928 1658 1976 intra
1693 1927 1939 1992 Olympi-

109 2015 195 2046 cae
221 1999 566 2047 tetraeteridos
606 2016 827 2048 carceres
862 1999 1170 2051 inclusimus.
1244 1998 1394 2058 Quod
1433 1999 1674 2047 Eusebius
1709 1999 1769 2046 de
1802 1998 1938 2046 Afri-

110 2085 235 2118 cano
261 2069 437 2117 scribit
468 2069 761 2118 huiusmodi
798 2078 886 2119 est.
969 2072 1205 2118 Primam
1255 2069 1605 2134 Olympiadem
1649 2069 1938 2133 Africanus

110 2140 417 2204 temporibus
465 2140 683 2188 Ioathan
715 2143 850 2205 regis
885 2141 1233 2188 Hebraeorum
1252 2141 1432 2202 fuisse
1467 2139 1659 2187 scribit.
1744 2140 1937 2186 Nostra

108 2228 310 2275 quoque
336 2212 636 2274 supputatio
663 2209 842 2257 iisdem
869 2211 1173 2275 temporibus
1196 2227 1307 2256 eam
1326 2210 1565 2258 exhibuit.
1635 2209 1828 2257 Horum
1854 2226 1935 2256 oc-

109 2281 306 2328 casione
328 2279 544 2343 Scaliger
564 2281 678 2330 Not.
701 2297 809 2345 pag.
841 2281 924 2333 64.
978 2281 1029 2327 Si
1058 2280 1324 2328 Africanus
1348 2281 1562 2344 primam
1590 2279 1937 2345 Olympiadem

112 2358 365 2415 comparet
403 2367 518 2397 cum
554 2350 718 2415 primo
760 2367 889 2398 anno
930 2349 1122 2412 Achaz,
1159 2351 1284 2398 falso
1320 2350 1559 2398 Eusebius
1600 2367 1729 2397 anno
1774 2349 1936 2415 primo

107 2421 316 2469 Ioathan
350 2421 490 2467 illam
526 2436 636 2468 eum
673 2421 920 2484 assignare
960 2421 1160 2470 scribit:
1201 2428 1249 2468 et
1287 2428 1553 2486 propterea
1584 2420 1694 2468 iure
1727 2437 1840 2468 cum
1877 2436 1936 2469 eo

111 2491 396 2556 expostulat
432 2491 686 2554 Georgius.
759 2491 909 2551 Quod
943 2492 984 2539 si
1019 2490 1347 2538 concedamus
1382 2490 1544 2556 primo
1572 2490 1780 2538 Ioathan
1804 2507 1936 2538 anno

112 2561 463 2627 Olympiadem
487 2561 700 2626 primam
728 2562 976 2609 conlatam
1001 2577 1104 2610 esse
1132 2561 1191 2608 ab
1214 2559 1478 2624 Africano,
1518 2578 1668 2626 quare
1691 2561 1933 2610 Eusebius

112 2632 261 2693 dicit3
298 2640 475 2680 nostra
513 2650 710 2696 quoque
741 2634 1039 2696 supputatio
1085 2630 1260 2679 iisdem
1301 2632 1607 2696 temporibus
1641 2650 1753 2679 eam
1789 2632 1937 2679 exhi-

112 2702 262 2750 buit?
310 2703 511 2751 Falsum
546 2703 672 2750 enim
714 2703 772 2750 ab
806 2702 1020 2751 Eusebio
1057 2719 1164 2750 eam
1202 2701 1363 2767 primo
1402 2719 1531 2750 anno
1564 2702 1773 2750 Ioathan
1804 2703 1934 2750 assi-

111 2773 278 2837 gnari:
314 2789 468 2838 quum
509 2773 572 2821 ad
611 2774 695 2826 50.
742 2773 948 2821 Azariae
994 2789 1100 2821 eam
1138 2772 1413 2821 annotarit:
1451 2789 1582 2821 anno
1611 2790 1731 2822 vero
1769 2773 1931 2838 primo

111 2842 318 2892 Ioathan
357 2859 543 2891 annum
575 2843 778 2891 tertium
816 2843 1126 2909 Olympiadis
1169 2843 1373 2908 primae.
1451 2844 1588 2892 Duae
1622 2844 1778 2908 igitur
1813 2851 1932 2891 sunt

111 2913 538 2962 manifestissimae
570 2912 1011 2977 hallucinationes,
1051 2930 1203 2978 quum
1239 2913 1446 2981 Ioathan
1477 2932 1570 2979 pro
1603 2913 1769 2963 Achaz
1797 2913 1931 2979 apud

111 2982 404 3031 Africanum
434 2984 580 3048 legit,
616 2992 666 3032 et
691 3001 805 3033 cum
833 2984 957 3032 dicit
991 3001 1043 3033 se
1068 3001 1198 3032 anno
1233 2984 1394 3048 primo
1422 2984 1628 3032 Ioathan
1668 2985 1929 3050 Olympia-

114 3053 226 3100 dem
248 3053 499 3118 posuisse,
536 3071 662 3118 quae
683 3055 847 3120 posita
869 3062 943 3103 est
962 3055 1047 3109 50.
1076 3054 1295 3103 Azariae.
1366 3055 1490 3116 Quis
1517 3050 1800 3123 ἄλογιστίαν
1825 3070 1927 3102 non

112 3123 358 3173 miretur?
397 3122 532 3171 Haec
555 3125 755 3174 Eusebii
774 3126 966 3174 vindex
988 3126 1218 3189 Scaliger.

261 3196 362 3244 Τοῦ
385 3191 439 3243 δὲ
460 3188 648 3259 κόσμου
673 3191 855 3262 Ιδχοςῖ]
883 3197 1005 3243 Cum
1028 3196 1205 3244 ultimo
1220 3194 1539 3262 Sardanapali
1559 3212 1687 3243 anno
1707 3195 1761 3242 in
1782 3210 1925 3241 mun-

115 3262 168 3309 di
192 3262 346 3317 4675.
371 3262 622 3314 incidente
642 3283 872 3332 praesens
898 3266 1001 3321 467
1004 3272 1052 3322 6.
1081 3267 1469 3333 componendus.
1541 3265 1797 3315 Videndus
1822 3264 1926 3312 Au-

112 3332 229 3382 thor
257 3350 366 3398 pag.
391 3333 506 3386 165.
530 3335 583 3384 C.

96 3469 100 3472 ι
253 3405 366 3467 Pag.
406 3407 525 3456 198.
561 3406 772 3470 Διοίκης
798 3405 880 3471 ἔτη
903 3400 1022 3471 νδ’.]
1059 3402 1284 3473 Δηϊόκης
1312 3406 1374 3455 ad
1397 3404 1559 3453 Latini
1583 3403 1783 3453 Eusebii
1804 3420 1929 3452 nor·-

112 3489 243 3521 mam
278 3473 479 3540 reponit
504 3475 744 3540 Scaliger5
782 3472 869 3527 26¹.
903 3484 1065 3525 autem
1097 3478 1206 3527 vice
1239 3471 1330 3528 vd'.
1364 3475 1660 3524 scribentem
1694 3473 1806 3524 falsi
1838 3492 1925 3524 ar·
