2222 3938
660 229 763 287 ΕΤ
797 227 1385 286 ANNOTATIONES.
1810 219 1933 280 393
1952 257 1958 263 ε

119 367 384 416 breviorem
410 378 670 411 numerum
701 379 950 410 annorum
966 370 1182 428 ponunt,
1219 379 1376 427 quam
1398 363 1483 415 70.
1511 367 1570 407 ut
1594 358 1652 405 in
1676 361 1830 406 annis.
1844 359 1937 408 Iu-

119 437 295 485 dicum
327 444 372 482 et
399 434 549 495 aliis,
586 451 636 479 se
660 442 929 497 sequutum
951 435 1140 496 fuisse.
1219 433 1439 497 Alioqui
1468 447 1640 480 verum
1665 439 1737 476 est
1761 431 1938 477 Euse-

120 508 260 556 bium
298 505 363 552 ab
392 503 568 553 Adam
602 501 677 551 ad
695 502 952 551 diluvium
981 521 1140 551 annos
1165 512 1352 566 putare
1375 501 1528 556 2242.
1553 499 1827 548 secundum
1851 505 1937 554 70.

117 579 263 626 Ηὶηο
287 573 363 623 ad
387 574 655 623 Abraham
681 572 873 620 eosdem
892 591 1089 639 quoque
1107 579 1191 627 70.
1221 582 1468 638 sequutus
1494 580 1564 618 est
1577 580 1934 636 praeterquam

119 650 176 696 in
202 649 390 694 minore
424 645 641 694 Cainc'zn.
714 643 852 692 Vana
892 645 973 692 vel
1007 645 1128 692 salsa
1161 644 1356 694 Eusebii
1383 642 1623 708 premissa
1646 659 1750 690 non
1771 651 1934 705 negat,

117 718 202 767 vel
231 724 457 764 excusat:
496 715 556 763 de
579 714 730 763 illatis
761 714 1077 763 contumeliis
1109 714 1366 762 dumtaxat
1391 713 1736 777 conqueritur,
1774 720 1822 761 et
1849 714 1934 759 in·-

119 789 286 836 culcat
314 786 523 834 sollicite
557 803 659 833 non
695 787 971 832 necessario
1009 801 1183 832 verum
1216 803 1343 847 esse,
1384 783 1524 848 quod
1551 786 1774 830 omnium
1812 801 1937 830 con·-

118 877 268 906 sensu
289 866 534 921 receptum
559 865 655 918 est,
694 865 739 903 et
761 865 973 920 tempore
983 853 1148 919 fidem
1172 864 1321 919 atque
1342 855 1700 901 authoritatem
1723 856 1935 901 meruit.-

119 945 265 997 quam
289 935 451 975 tamen
473 927 806 974 necessarium
836 926 1034 990 Georgii
1060 926 1404 975 demonstrant
1428 925 1675 989 rationes,
1710 943 1738 972 a
1759 924 1936 990 quibus

115 994 387 1048 referendis
415 997 630 1061 Scaliger
651 997 901 1050 abstinuit.

257 1063 596 1136 Διαμαρτᾶνει
623 1065 676 1117 δὲ
702 1063 964 1132 ἅληθοῦς.]
1007 1067 1258 1131 Georgius
1284 1063 1443 1112 durus
1465 1064 1679 1112 Eusebii
1700 1082 1939 1129 persecu-

116 1147 222 1187 tor:
258 1139 438 1187 deflere
465 1139 665 1187 videtur
691 1139 906 1202 Scaliger
927 1138 1041 1186 Not.
1069 1154 1178 1202 pag.
1205 1140 1291 1191 26.
1322 1136 1377 1183 in
1405 1135 1526 1182 haec
1554 1134 1728 1184 verba.
1754 1143 1806 1183 at
1834 1152 1940 1183 non

115 1204 430 1258 innocentem
460 1217 517 1274 et·
539 1227 566 1256 a
593 1210 741 1274 culpa
763 1210 976 1256 liberum
1009 1206 1204 1270 insequi
1234 1207 1338 1271 ipse
1365 1207 1594 1254 fateatur.

241 1275 395 1330 Ὥστε
421 1279 475 1330 ἐκ
500 1275 706 1330 παντων
737 1277 1070 1342 δείκνυσθαι.]
1111 1278 1325 1340 Scaliger
1363 1294 1542 1342 aequas
1581 1274 1782 1339 Georgii
1821 1291 1944 1339 que-

115 1350 284 1399 relas
270 1367 323 1397 m
361 1350 485 1398 haec
524 1350 671 1398 verba
706 1350 971 1397 meditatus
1006 1365 1117 1414 pag.
1145 1347 1404 1397 Animadv.
1435 1348 1516 1401 15.
1560 1349 1642 1395 De
1669 1346 1763 1393 hoc
1787 1348 1941 1408 facto

114 1420 353 1483 Eusebii,
393 1419 534 1486 quod
566 1438 706 1468 nemo
756 1422 986 1469 veritatis
1037 1437 1218 1465 amans
1268 1417 1484 1465 laudare
1522 1418 1690 1482 possit
1707 1435 1722 1463 .·
1765 1416 1945 1463 scribit

120 1493 388 1555 Georgius.
459 1493 659 1555 Regum
702 1491 887 1555 quippe
924 1489 1254 1554 Assyriorum
1289 1497 1334 1535 et
1369 1488 1742 1552 Dynastiarum
1774 1487 1943 1551 Aegy-

79 1561 82 1563 *
107 1564 340 1627 ptiar-um
374 1571 602 1627 tempora
637 1561 702 1610 ab
735 1560 954 1612 Eusebio
985 1579 1088 1609 esse
1113 1568 1358 1608 temerata
1384 1558 1640 1623 queritur:
1680 1555 1822 1623 quod
1853 1574 1941 1604 ve·-

28 1678 30 1680 ,
114 1650 230 1681 rum
253 1641 341 1680 est.

257 1691 400 1752 Κατᾶ
429 1695 504 1762 ιζ.
540 1697 577 1766 ἢ
602 1696 681 1760 ις’.
722 1701 828 1762 ἔτος
862 1695 1035 1752 αὐτοῦ.
1038 1699 1064 1764 ]
1101 1698 1275 1748 Asseth
1301 1716 1455 1763 regno
1491 1697 1608 1746 solis
1644 1696 1822 1761 viginti
1848 1714 1942 1743 an·-

113 1771 194 1822 nis
234 1772 479 1821 concessis
508 1780 679 1820 sextus
717 1779 803 1820 aut
839 1771 1077 1837 septimus
1115 1787 1266 1834 supra
1295 1770 1588 1832 vigesimum
1625 1768 1687 1816 de
1698 1734 1943 1815 ”eiusdem

112 1860 266 1924 regno
307 1843 491 1906 absque
521 1842 733 1891 Librarii
765 1843 913 1928 culpa
947 1858 1052 1889 non
1079 1846 1357 1925 potuerunt
1352 1807 1460 1886 ἶ31118
1495 1838 1662 1887 scribi.
1733 1838 1942 1901 Repono

112 1913 268 1978 igitur
295 1913 550 1962 emendate
579 1909 704 1964 stato?
732 1907 809 1973 ιζ’.
844 1909 881 1977 ἢ
910 1907 984 1970 ις’.
1019 1910 1126 1970 ἔτος
1160 1913 1255 1961 τοῦ
1292 1905 1451 1961 αὐτοῦ
1482 1903 1679 1974 Ἀσήθε
1713 1925 1742 1955 a
1770 1908 1944 1956 mundi

113 1985 300 2050 quippe
328 1984 533 2033 conditu
560 1984 649 2064 qui
670 1990 964 2032 numeratur
986 1984 1144 2035 3732.
1175 1981 1236 2028 (18
1264 1997 1363 2045 quo
1391 1996 1510 2027 mox
1543 1978 1779 2027 Author
1764 1996 1817 2026 m
1849 1978 1945 2027 As·-

112 2053 225 2103 seth
265 2058 348 2108 17.
385 2054 630 2105 incurrit:
667 2053 895 2119 quamvis
928 2051 984 2100 hi
1021 2051 1220 2100 numeri
1248 2052 1534 2099 nullatenus
1566 2049 1664 2098 sibi
1697 2056 1941 2113 constent,

112 2124 177 2173 de
202 2125 384 2210 quibus
410 2125 474 2172 ad
499 2141 596 2189 seq.
627 2142 738 2190 pag.
765 2131 922 2172 notas.

253 2189 338 2245 vs'.
378 2192 433 2245 δὲ
467 2190 703 2260 Ἰνάχου]
750 2195 898 2243 Haud
939 2191 1117 2241 Inachi
1158 2190 1244 2245 45.
1290 2191 1378 2240 sed
1415 2190 1498 2243 41.
1537 2189 1787 2254 reperitur
1826 2206 1942 2238 cum

112 2265 290 2314 mundi
318 2268 477 2318 3732.
493 2266 603 2330 pari
627 2266 785 2328 gradu
811 2263 1107 2329 procedens.
1177 2262 1317 2322 Quae
1338 2261 1425 2310 hic
1452 2266 1689 2326 corrupta
1710 2268 1826 2326 post
1842 2267 1944 2308 ter-

112 2336 236 2385 tiam
263 2343 434 2382 notam
462 2334 849 2398 castigabuntur.

253 2406 374 2472 Pag.
402 2407 485 2458 68
517 2399 600 2454 Ἐν
619 2408 691 2470 τῷ
712 2403 834 2454 τέλει
857 2422 946 2454 του
971 2399 1215 2452 κανονίου
1234 2419 1339 2450 των
1362 2395 1670 2465 Ἀσσυρίων]
1696 2415 1806 2465 pag.
1825 2403 1942 2455 168.

257 2471 405 2525 Μετοὶ
433 2472 487 2524 δὲ
511 2474 594 2539 ἔτη
618 2494 655 2524 π
654 2472 701 2539 ’]
741 2475 879 2533 Quae
909 2478 1187 2536 sequuntur
1210 2469 1266 2517 in
1292 2478 1436 2517 textu
1464 2478 1699 2536 corrupta
1721 2487 1938 2536 sequen·-
1973 2472 2022 2517 P.
2050 2471 2110 2519 24

112 2546 246 2595 tibus
267 2545 398 2593 notis
426 2544 819 2593 emendationem
847 2541 1154 2591 commodius
1185 2540 1473 2590 admittuut.

252 2616 368 2679 Pag.
407 2619 490 2669 69.
529 2618 740 2684 Πρωτος
757 2610 942 2681 Ἀμώς,
978 2613 1044 2678 ἐφ
1054 2604 1200 2678 ὀὗ.]
1241 2611 1402 2660 Verba
1435 2618 1556 2659 sunt
1591 2609 1815 2660 Africani
1839 2611 1944 2662 eius

112 2685 292 2734 mentis
316 2693 485 2734 testes.

253 2755 337 2815 Ὡς
359 2750 411 2806 δ’
437 2753 475 2820 ἦ
499 2757 731 2820 παροῦσα
749 2752 983 2836 ψῆφος]
1022 2751 1158 2800 Haec
1194 2749 1435 2800 Authoris
1452 2767 1468 2800 2
1505 2767 1717 2816 quorum
1757 2753 1944 2801 veritas

115 2826 504 2890 Chronologicae
525 2827 721 2874 tabulae
743 2825 936 2873 intuitu
964 2823 1130 2871 statim
1166 2822 1494 2887 conspicitur.
1568 2822 1754 2872 Eadem
1779 2840 1945 2889 supe-

112 2898 217 2946 rius
243 2913 355 2986 pag.
382 2901 466 2950 62.
497 2897 550 2944 C.
587 2893 712 2947 κατοῖ
734 2895 865 2957 λέξιν
893 2893 1056 2979 posita
1077 2893 1312 2956 reperias.

259 2963 412 3032 Οἶμαι
450 2962 539 3016 τὸν
571 2961 874 3034 Ἀφρικανὸν
911 2959 1152 3031 οἷγνοεῖν.]
1208 2964 1481 3027 Georgius,
1519 2961 1686 3027 inquit
1723 2963 1787 3010 ad
1817 2962 1942 3010 haec

113 3036 331 3099 Scaliger
352 3035 578 3085 Animad.
607 3054 717 3102 pag.
744 3037 864 3090 251.
892 3037 946 3082 in
973 3034 1056 3082 llis
1084 3052 1184 3081 non
1210 3043 1415 3097 praeter
1442 3033 1652 3081 solitum
1679 3033 1777 3082 lev
1745 3051 1818 3080 1ιε.
1867 3034 1940 3080 De

112 3105 193 3153 his
218 3106 434 3168 Scaliger
459 3124 655 3169 gravem
684 3114 881 3172 praeter
906 3104 1106 3153 solitum
1130 3103 1343 3169 protulit
1378 3103 1689 3154 sententiam.

257 3173 400 3225 Κατοὶ
425 3173 479 3227 τὸ
504 3172 684 3245 7211213'.
719 3177 824 3236 ε’τος
862 3178 956 3226 τοῦ
977 3169 1205 3241 κόσμου.]
1243 3173 1483 3236 Insignis,
1522 3181 1572 3221 et
1604 3174 1688 3238 qui
1719 3172 1813 3235 tegi
1853 3171 1936 3218 vel

116 3245 346 3294 excusari
386 3248 561 3309 nequit
597 3246 832 3295 Authoris
872 3262 1042 3307 error,
1081 3245 1164 3309 qui
1205 3243 1418 3292 natalem
1450 3243 1600 3292 Mosis
1637 3210 1937 3291 diem⁰a11uo

113 3315 312 3378 vulgari
350 3315 523 3363 mundi
566 3320 718 3370 3732
761 3316 1048 3397 consignaie
1089 3315 1381 3376 meditatus,
1433 3330 1546 3363 eum
1576 3313 1808 3376 deinceps
1834 3327 1939 3357 non

117 3385 487 3447 observaverit,
525 3386 801 3449 quinimmo
836 3388 889 3433 in
922 3389 1075 3438 3736.
1117 3393 1166 3433 et
1202 3385 1502 3449 quandoque
1532 3385 1586 3430 in
1610 3385 1762 3435 3737.
1798 3397 1939 3427 com-

116 3455 337 3503 mutarit.
409 3454 649 3503 Immunis
676 3465 748 3504 est
776 3476 802 3504 a
826 3455 955 3504 tanti
979 3455 1160 3503 err'oris
1187 3473 1319 3503 noxa
1345 3454 1551 3502 Librarii
1577 3467 1767 3512 manus,
1794 3449 1939 3502 ,haud

117 3525 298 3574 etenim
329 3525 481 3574 semel
507 3532 556 3573 et
587 3525 767 3576 iterum
801 3541 1153 3594 perversorum
1185 3541 1506 3575 numerorum
1540 3537 1590 3570 se
1615 3538 1666 3570 se
1686 3537 1825 3570 reum
1848 3538 1942 3570 ex·-
