2222 3938
666 211 767 265 ET
804 210 1396 268 ANNOTATIONES.
1815 204 1936 262 371

114 362 237 412 μετα
261 337 351 394 τὸν
383 337 733 428 κατακλυσμςὸν
760 336 1030 429 ἒπιστασης
1064 345 1157 409 τῆς
1189 336 1440 410 λάρνακος
1474 361 1565 393 του
1598 343 1719 394 Νῶε
1754 340 1809 394 ἐν
1839 347 1923 394 τοῖ

113 413 274 499 ὄρεσι
273 417 380 473 τοῖς
398 408 608 480 Ἀραρατ
631 407 884 479 ἄναμεσον
917 407 1187 480 Ἀρμενίων
1211 413 1300 465 καὶ
1324 413 1597 480 Καρδυέων
1628 413 1684 465 ἐν
1717 416 1788 484 τῷ
1807 418 1943 464 Λου

111 482 211 552 βαρ
245 502 350 550 ορει
383 482 705 572 καλουμένου,
742 483 898 535 ἐκεῖσε
925 486 1126 570 πρῶτον
1158 485 1447 567 κατοίκησις
1482 486 1667 551 γίνεται
1699 503 1821 550 μετα
1854 481 1946 536 τόν

110 550 459 638 κατακλυσμόν
491 558 596 605 τῶν
628 550 946 639 ἀνθρώπων.
994 550 1193 606 κοῖκεῖσε
1222 551 1430 620 φυτεύει
1463 553 1734 620 οἷμπελῶνα
1767 558 1887 606 Νωε
1916 553 1945 608 ὅ

110 619 407 692 προφήτης,
446 620 673 690 οἰκιστής
700 643 753 675 τε
786 626 972 693 γίνεται
1007 629 1103 676 τοῦ
1138 621 1316 678 τόπου.
1386 629 1515 674 Post
1546 625 1803 675 diluvium
1829 644 1946 673 cum

112 699 167 744 in
204 695 407 743 Λναναὶ.ι
438 696 720 757 montibus,
764 698 1066 743 Armeniam
1108 699 1238 744 inter
1269 706 1315 743 et
1358 696 1611 761 Cardyeos
1647 700 1701 744 in
1736 697 1948 745 Labare

111 766 237 814 colle
266 768 374 814 Noe
397 785 522 813 area
553 768 884 828 constitisset,
923 767 1036 813 illic
1050 770 1228 830 prima
1253 767 1518 815 hominum
1550 767 1832 816 secundam
1865 766 1948 815 di-

111 839 314 885 luvium
348 836 605 885 habitatio
631 839 775 900 fuit,
825 837 1111 902 ibidemque
1151 838 1260 886 ,Νοε
1297 839 1559 904 Propheta
1594 842 1745 889 vitem
1779 856 1947 887 conse-

109 911 212 971 vit,
259 925 323 954 ac
346 905 666 955 domicilium
690 910 969 955 con-stituit.

252 980 369 1042 Pag.
408 979 494 1032 46.
529 975 632 1029 Διά
655 983 845 1046 γενεῶν
864 973 973 1043 λη’.]
1016 977 1648 1028 Generationesillae.octo
1683 997 1832 1046 supra
1853 979 1951 1028 tri-

110 1048 275 1114 ginta,
312 1065 525 1113 quarum
555 1050 636 1099 ve]
677 1057 915 1115 paterno,
951 1048 1032 1096 vel
1076 1047 1256 1096 deinde
1290 1048 1411 1096 belli
1447 1049 1558 1097 iure
1590 1051 1798 1116 propria
1818 1052 1950 1099 facta

111 1127 190 1167 est
211 1120 512 1183 Palaestina,
556 1119 620 1168 ad
644 1120 949 1168 devastatam
979 1118 1340 1167 Chaldaeorum
1364 1120 1512 1167 armis
1533 1120 1949 1187 Hierosolymam,

108 1190 211 1239 hoc
236 1199 562 1240 recensentur
591 1191 781 1240 ordine.
857 1195 902 1244 1.
929 1189 1216 1255 Arphaxad.
1244 1196 1292 1245 2.
1323 1190 1524 1242 Cainan.
1551 1194 1603 1244 3.
1628 1193 1755 1240 Sala.
1780 1193 1829 1245 4.
1851 1192 1949 1240 He-

108 1261 215 1310 ber.
245 1261 294 1314 5.
319 1262 519 1311 Phalec.
550 1267 600 1316 6.
626 1263 811 1326 Ragau.
834 1267 882 1314 7.
908 1259 1117 1310 Saruch.
1149 1264 1199 1313 8.
1224 1260 1442 1311 Nachor.
1471 1267 1517 1315 9.
1540 1261 1715 1311 Thare.
1747 1267 1826 1316 10.
1852 1262 1952 1311 Ab-

109 1331 299 1381 raham.
351 1337 432 1386 11.
461 1334 619 1381 Isaac.
672 1337 754 1387 12.
783 1333 948 1382 Iacob.
1002 1334 1082 1385 13.
1115 1331 1254 1379 Iuda.
1300 1332 1380 1385 14.
1401 1332 1606 1382 Pharez.
1658 1334 1741 1387 15.
1775 1335 1951 1382 Esron.

114 1407 198 1456 16.
229 1403 395 1454 Aram.
448 1409 533 1457 17.
562 1403 850 1455 Aminadab.
904 1406 988 1456 18.
1023 1403 1244 1450 Naasson
1294 1406 1377 1456 19.
1409 1404 1627 1454 Salmon.
1676 1409 1761 1458 20.
1799 1404 1949 1456 Booz.

110 1478 197 1527 21.
226 1473 382 1525 Obed.
422 1480 509 1528 22.
533 1475 679 1525 Iesse.
717 1477 800 1528 23.
828 1474 1003 1524 David.
1040 1474 1125 1527 24.
1151 1474 1400 1525 Salomon.
1438 1475 1521 1528 25.
1546 1473 1784 1522 Roboam.
1822 1474 1955 1523 Hinc

107 1543 261 1592 Abias
288 1549 375 1598 26.
399 1544 498 1592 Asa
518 1550 605 1598 27.
634 1545 869 1610 Iosaphat
894 1548 979 1599 28.
1009 1544 1172 1592 Ioram
1197 1549 1284 1598 29.
1322 1544 1467 1592 Ozias
1493 1548 1578 1598 30.
1617 1544 1842 1593 Ioatham
1868 1550 1952 1599 31.

110 1614 279 1663 Achaz
307 1617 391 1669 32.
428 1615 666 1663 Ezechias
694 1619 779 1669 33.
815 1616 1063 1663 Manasses
1095 1614 1179 1667 34.
1217 1615 1380 1662 Amon
1410 1615 1495 1668 35.
1532 1614 1686 1663 Iosias
1713 1618 1796 1670 36.
1834 1616 1955 1664 Ioa-

111 1684 231 1732 chas
259 1690 342 1738 37.
380 1686 563 1734 Ioacim
585 1689 669 1739 38.
704 1685 927 1734 Ioachim
948 1689 1037 1739 39.
1089 1685 1191 1732 Sub
1219 1685 1420 1733 Sedecia
1443 1702 1651 1748 regnum
1675 1687 1957 1736 extinctum

111 1763 210 1804 est:
246 1755 331 1804 hic
352 1756 436 1810 40.
458 1764 627 1822 potest
649 1755 901 1805 numerari
931 1763 980 1803 et
1005 1755 1301 1804 emendandi
1322 1756 1520 1804 numeri
1541 1758 1625 1809 38.
1650 1755 1705 1804 in
1730 1757 1812 1810 40.
1842 1774 1958 1805 cau-

113 1844 219 1875 sam
256 1826 399 1875 dare:
437 1828 536 1875 nisi
575 1829 747 1876 forsan
788 1827 1036 1876 iuniorem
1068 1826 1253 1874 Cainan
1298 1843 1496 1874 censeas
1541 1827 1956 1892 expungendum:

115 1915 214 1962 quo
241 1898 511 1963 praestito,
550 1899 812 1961 Salomon,
850 1906 907 1946 ut
935 1896 1021 1944 hic
1048 1898 1221 1945 scribit
1244 1897 1472 1960 Author,
1511 1897 1680 1945 locum
1705 1901 1789 1952 23.
1824 1899 1961 1947 obti-

111 1977 213 2017 net.
285 1967 527 2017 Authoris
566 1969 737 2035 itaque
769 1968 972 2018 calculis
992 2004 1007 2031 ,
1059 1968 1240 2034 quibus
1294 1976 1576 2034 expunctus
1618 1976 1723 2018 erat
1757 1970 1958 2033 cainan,

115 2039 353 2104 Georgius
380 2057 500 2088 usus
521 2047 608 2088 est.

257 2108 364 2160 Καὶ
390 2109 515 2161 ἐτῶν
539 2106 693 2178 ,01an
695 2114 727 2170 .]
766 2109 1028 2176 Templum
1060 2126 1087 2156 a
1112 2110 1379 2158 Salomone
1402 2106 1695 2157 inchoatum
1717 2108 1858 2172 regni
1887 2125 1960 2157 se-

116 2180 299 2242 cundo,
338 2188 386 2228 et
407 2188 584 2230 octavo
618 2183 925 2246 perfectum,
965 2179 1145 2228 deinde
1165 2180 1341 2228 aetatis
1365 2179 1663 2227 duodecimo
1685 2180 1964 2244 rempubli-

117 2267 227 2298 cam
248 2251 521 2316 suscepisse
548 2251 1018 2313 administrandam,
1058 2267 1116 2297 ac
1138 2250 1351 2315 proinde
1375 2250 1508 2297 vitae
1549 2250 1787 2314 vigesimo
1828 2258 1961 2297 tem-

115 2322 193 2387 pli
221 2322 402 2369 molem
429 2321 494 2369 ad
529 2322 728 2369 culmen
767 2321 1000 2369 aduxisse
1029 2321 1270 2384 Georgius
1314 2320 1564 2384 opinatur.
1634 2320 1693 2368 Id
1726 2337 1829 2367 non
1866 2320 1961 2367 ob-

116 2409 260 2439 scure
284 2399 534 2441 testantur
559 2392 663 2439 eius
689 2392 749 2439 de
774 2389 1053 2440 Salomonis
1085 2408 1239 2455 regno
1266 2390 1483 2456 scripta,
1521 2397 1582 2437 ut
1608 2396 1660 2438 et
1706 2390 1895 2439 ibidem
1931 2409 1961 2439 3

116 2462 345 2510 Librario
382 2462 439 2510 in
477 2462 697 2526 margine
737 2470 974 2510 annotata
1016 2478 1127 2526 pag.
1169 2465 1286 2514 181.
1326 2461 1378 2510 C.
1416 2461 1536 2509 Post
1567 2477 1754 2508 annum
1793 2461 1962 2526 itaque

119 2532 299 2581 mundi
325 2537 480 2587 2791.
503 2532 778 2581 numeratis
805 2537 957 2586 1687.
981 2549 1094 2579 cum
1120 2531 1239 2579 anni
1277 2539 1581 2595 consurgant
1619 2532 1775 2585 4478.
1804 2531 1961 2599 (quae

43 2642 45 2644 .
119 2611 193 2651 est
214 2602 374 2668 prima
407 2610 577 2651 textus
618 2601 909 2667 castigatio)
940 2609 1232 2651 numeratur
1273 2603 1463 2668 pariter
1483 2602 1787 2650 Salomonici
1819 2603 1961 2666 regni

119 2691 282 2721 annus
304 2681 508 2722 octavus
533 2681 581 2723 et
601 2675 774 2722 aetatis
804 2673 908 2722 cius
936 2673 1207 2722 vicesimus
1248 2671 1405 2739 (quae
1441 2680 1515 2720 est
1550 2674 1765 2720 secunda
1799 2690 1961 2721 emen-

122 2742 290 2810 datio)
321 2744 384 2792 ad
412 2761 619 2808 regnum
648 2745 835 2810 quippe
861 2744 1088 2792 admotus
1112 2751 1185 2791 est
1208 2761 1235 2790 a
1259 2743 1417 2792 natali
1447 2760 1578 2791 anno
1605 2744 1915 2794 duodecimo,

261 2814 316 2865 ‘O
344 2814 431 2865 καὶ
469 2815 697 2879 ἔφθασεν
726 2817 796 2875 εἰς
828 2811 884 2866 vc}
913 2810 1071 2880 δυοη’.
1114 2814 1244 2877 ἔτος,
1281 2811 1394 2879 ἤτοι
1428 2811 1485 2865 τό
1509 2810 1568 2865 κ’.
1604 2818 1697 2880 τῆς
1727 2813 1961 2880 ἡλικίας]

121 2885 202 2934 Ex
228 2885 427 2948 Georgii
453 2886 685 2952 scriptis,
728 2886 929 2934 Eusebii
953 2886 1162 2951 scripta,
1202 2892 1251 2932 et
1273 2902 1335 2933 ex
1362 2884 1467 2932 eius
1508 2893 1771 2951 computo,
1809 2884 1960 2932 huius

130 2964 423 3021 computum
446 2957 814 3006 instauraturus
842 2957 1058 3020 Scaliger
1085 2955 1237 3005 verba
1275 2955 1551 3021 praesentia
1569 2955 1625 3003 in
1646 2973 1790 3003 suum
1810 2957 1962 3003 Euse-

123 3025 264 3073 bium
287 3043 397 3091 pag.
427 3031 509 3080 10.
532 3027 624 3078 lin.
653 3028 846 3093 penult.
886 3027 1155 3075 transtulit.
1229 3026 1341 3086 Qua
1371 3044 1512 3074 nunc
1542 3025 1736 3075 ratione
1759 3025 1960 3074 Eusebii

127 3096 334 3144 calculis
361 3097 562 3161 adaptet
589 3098 774 3147 videsis
795 3099 999 3159 Lector,
1040 3106 1089 3146 et
1115 3097 1331 3146 hominis
1362 3097 1612 3145 iudicium
1647 3097 1843 3144 mirare.
1915 3099 1958 3142 A

126 3166 301 3214 mundi
330 3174 446 3214 ortu
470 3169 533 3215 ad
559 3168 804 3217 Abraham
830 3169 958 3216 diem
993 3167 1209 3215 natalem
1235 3186 1390 3215 annos
1414 3168 1571 3221 3184.
1599 3167 1834 3215 Eusebius
1861 3181 1960 3212 nu-

126 3243 307 3298 merat,
347 3237 657 3287 Salomonem
688 3256 807 3288 vero
841 3247 960 3304 post
977 3238 1246 3287 Abrahami
1280 3246 1444 3288 ortum
1478 3247 1527 3288 et
1553 3255 1709 3285 annos
1740 3240 1857 3289 980-
1895 3234 1960 3282 ad

126 3306 319 3370 regium
353 3306 533 3355 solium
576 3309 852 3357 ascendisse
889 3310 1069 3371 refert,
1107 3309 1161 3357 id
1192 3317 1265 3357 est
1304 3328 1331 3357 a
1355 3309 1535 3358 mundi
1569 3307 1776 3356 conditu
1802 3305 1956 3358 4164.

129 3377 256 3425 adde
278 3377 537 3425 condendo
561 3381 748 3444 templo
771 3397 926 3428 annos
946 3383 994 3432 8.
1016 3380 1280 3444 requisitos
1294 3382 1357 3429 ad
1370 3378 1642 3427 Salomonis
1663 3391 1850 3423 annum
1871 3380 1954 3429 20.

131 3446 275 3513 (eum
308 3447 490 3495 etenim
532 3456 588 3496 ut
623 3458 744 3497 nota
782 3450 1014 3515 superior
1045 3450 1186 3498 testis
1221 3459 1322 3513 est,
1358 3449 1570 3514 requirit
1603 3446 1773 3493 aetatis
1806 3445 1955 3506 ratio,

132 3535 257 3581 quae
279 3534 426 3566 causa
449 3526 523 3567 est
540 3525 600 3567 ut
625 3518 822 3584 ἡλικίας
847 3537 948 3568 non
978 3521 1229 3586 βασιλείας
1247 3521 1332 3569 hic
1352 3521 1539 3568 lectum
1563 3512 1743 3584 velim)
1776 3532 1958 3564 annum
