2222 3938
710 181 1301 239 ANNOTATIONES.
1797 173 1926 234 557

89 311 362 361 Miscellat.
389 326 486 375 quo
523 321 716 362 constet
747 331 842 380 pro
875 313 1018 363 libito
1042 313 1266 380 plurium
1291 312 1452 380 Impp.
1490 312 1696 362 nomina
1720 330 1748 360 a
1775 315 1928 364 variis

89 381 326 431 Librariis
352 382 535 431 addita.

214 448 349 511 ”Ἐως
367 457 470 504 τῶν
496 449 904 519 διχοτομημοῖτων
927 448 1188 520 Ἀβραάμ]
1226 453 1305 502 Ad
1335 454 1464 502 illud
1488 471 1643 518 usque
1668 462 1927 519 peractum

89 522 388 571 sacrificium
427 524 569 572 cuius
595 524 825 574 victimas
850 525 905 571 in
927 532 1095 590 partes
1124 525 1248 573 duas
1281 524 1474 574 divisit:
1513 525 1574 574 de
1611 525 1793 591 quibus
1824 526 1925 574 Ge-

88 610 190 644 nes.
222 610 330 658 cap
358 594 443 647 15.

228 664 340 727 Pag.
377 663 496 717 404.
528 659 663 724 Ἐως
707 683 811 715 των
848 660 1047 733 χρόνων
1084 660 1247 730 Ἰησου
1281 668 1375 716 τοῦ
1406 665 1584 734 κυρίου
1619 662 1767 731 ’ἤμων
1800 662 1888 734 vy'.
1877 666 1921 731 .]

86 735 246 783 Piave
273 735 446 783 Anast.
473 736 588 819 Reg.
620 738 743 788 313.-

225 802 385 869 Ὅμοῦ
413 823 549 873 ςτμη
551 802 605 869 ’.]
647 806 721 852 lta
745 805 968 854 Anastas.
995 807 1110 869 Reg.
1135 805 1190 852 in
1215 812 1382 853 textu:
1428 804 1484 853 in
1516 806 1735 871 margine
1769 807 1923 861 6350.

87 874 264 941 quibus
290 875 505 939 Scaliger
531 876 751 924 Miscella
777 884 826 924 et
851 877 1056 924 Contius
1083 876 1435 939 suffragantur.

228 947 526 1012 Γενεαλογιά
556 941 980 997 Ουάλεντινιανοῦ
1001 950 1091 998 τοῦ
1115 942 1369 1013 μεγάλου]
1407 947 1477 994 Ut
1496 946 1580 994 hic
1610 947 1820 1008 Graece,
1852 947 1925 994 ita

83 1015 260 1064 Latine
297 1024 583 1082 corruptam
616 1016 819 1065 exhibet
843 1018 1131 1065 Anastasius
1157 1018 1361 1080 Regiusz
1399 1017 1453 1064 in
1476 1018 1763 1066 Miscella'et
1788 1018 1925 1066 Con-
1988 1037 1990 1039 '

82 1087 153 1134 tio
180 1104 284 1134 non
310 1095 463 1138 extat.
502 1088 726 1135 Editioni
750 1089 927 1150 Regiae
955 1088 1148 1135 'shuani
1172 1089 1274 1137 MS.
1300 1089 1479 1135 lacinia
1505 1087 1629 1136 haec
1664 1089 1926 1154 probatior

83 1158 340 1205 attexitur.
383 1159 506 1207 Gen.
540 1159 597 1207 V
588 1159 656 1210 al.
682 1160 755 1207 M.
790 1159 846 1208 V
837 1159 1182 1206 alentinianu-s'
1205 1161 1379 1223 gignit
1407 1160 1717 1206 Gratianum
1744 1169 1788 1206 et
1819 1160 1876 1208 V
1867 1177 1924 1206 a·

83 1228 428 1275 lentinianum
469 1228 630 1293 Impp.
659 1238 704 1275 et
732 1231 942 1277 Gallam
970 1247 1172 1276 uxorem
1209 1229 1475 1276 Theodosii
1500 1231 1573 1279 M
1613 1229 1924 1279 Theodosius

81 1301 249 1346 maior
279 1301 457 1363 genuit
495 1298 786 1348 Arcadium
816 1310 861 1347 et
885 1303 1178 1348 Honorium
1204 1301 1362 1366 Impp.
1387 1309 1432 1347 et
1457 1299 1756 1348 Placidiam
1794 1319 1922 1348 uxo-

82 1387 185 1416 rem
230 1366 533 1418 Constantii.
592 1373 675 1418 De
709 1370 940 1418 Arcadio
980 1381 1136 1418 natus
1170 1381 1243 1417 est
1284 1370 1594 1421 Theodosias
1630 1371 1835 1432 Iunior,
1874 1381 1922 1418 et

80 1440 389 1502 Pulcheria,
429 1459 559 1505 quae
579 1444 702 1503 suit
731 1459 858 1490 uxor
880 1443 1145 1489 fisarciczni
1182 1442 1308 1506 Imp.
1369 1441 1447 1488 De
1477 1441 1741 1505 praedicto
1782 1442 1922 1494 Con-

80 1513 273 1558 stantio
300 1520 346 1558 et
370 1511 616 1559 Placidia
641 1522 796 1560 natas
827 1522 899 1559 est
932 1514 988 1562 V
980 1513 1332 1560 alentinianus
1357 1515 1555 1561 tertius.

223 1583 481 1633 Πλακιὸία
519 1581 557 1648 ἦ
588 1583 838 1647 :az-[mom]
879 1585 1144 1648 Pericopae
1178 1601 1265 1631 sex
1306 1584 1427 1630 istae
1464 1582 1648 1630 Latinis
1682 1582 1736 1629 in
1763 1582 1927 1638 codd.

79 1668 183 1700 non
219 1660 444 1700 extantes
481 1654 681 1702 alterius
716 1672 742 1701 a
780 1654 1064 1719 Nicephoro
1098 1653 1333 1702 videntur
1368 1652 1623 1701 authoris:
1670 1653 1919 1702 Iulianam

80 1723 265 1788 quippe
297 1724 545 1772 Anastasii
583 1742 686 1772 non
727 1724 1002 1789 scripsisset
1033 1725 1323 1789 coniugem,
1374 1741 1522 1788 quam
1559 1741 1682 1772 mox
1713 1733 1833 1790 post
1854 1724 1918 1772 li-

77 1810 196 1842 neas
226 1793 419 1858 aliquot
443 1795 720 1843 Areadnem
745 1803 1017 1844 vocaturus
1044 1803 1165 1842 erat.

218 1865 333 1928 Pag.
370 1863 489 1919 405.
529 1862 754 1931 Εὕσεβία
790 1864 1222 1930 Κωνσταντίνου.]
1269 1863 1549 1914 Praemittit
1587 1863 1763 1924 Anast.*
1796 1865 1915 1928 Reg.

76 1935 282 1982 Fausta
307 1952 434 1981 uxor
469 1933 793 1984 Constantini
818 1938 892 1986 .M.

220 2007 546 2057 Κωνσταντία
590 2005 931 2075 Μαυρικίου.]
984 2005 1363 2054 Constantinam
1410 2011 1612 2055 vocant.
1657 2003 1828 2053 Anast.
1867 2013 1916 2053 et

74 2075 312 2124 Miscella.

223 2145 446 2208 Φλαυία,
482 2144 521 2212 ἦ
549 2145 636 2196 καὶ
670 2141 952 2210 Εὕδοκία.]
1000 2145 1406 2210 Interpolationis
1457 2144 1639 2192 author
1685 2144 1913 2196 Anastas.

77 2213 206 2280 {3ng
228 2215 463 2265 scribens.
538 2215 725 2265 Flavia
768 2234 900 2280 quae
932 2226 976 2262 et
1005 2215 1267 2277 Eudocia,
1317 2224 1363 2262 et
1400 2216 1636 2262 Mctrtina
1663 2216 1914 2265 Ilm-aelii.

74 2287 154 2335 Ex
182 2287 373 2334 Zonara
401 2286 716 2335 Constantini
739 2287 792 2337 F.
820 2286 1065 2348 Heraclii,
1105 2294 1154 2334 et
1187 2285 1435 2351 Apsimari
1467 2285 1735 2350 coniugum
1760 2303 1911 2352 appo-

75 2374 154 2406 sm
173 2374 394 2406 nomina.

218 2428 402 2493 Μαρία
435 2425 520 2477 καὶ
554 2421 836 2492 Εὕδοκία.]
874 2427 993 2475 Illae
1014 2434 1129 2491 post
1151 2426 1338 2474 Irenem
1381 2425 1687 2491 Copronymi
1709 2442 1906 2475 uxores.

219 2498 486 2564 Προκοπία
502 2493 750 2563 Μιχαήλ.]
774 2498 982 2545 Addunt
1001 2499 1172 2546 Anast.
1198 2497 1378 2560 Regius
1408 2505 1455 2544 et
1477 2496 1714 2545 Miscella.
1760 2497 1907 2546 leeo-

76 2566 227 2616 dosia
253 2570 440 2616 Leonis
485 2568 667 2619 Thecla
695 2578 741 2615 et
771 2569 1099 2632 Euphrosyne
1131 2567 1414 2615 Melzaelis.
1461 2567 1796 2632 Augustarum
1825 2568 1907 2615 la-

73 2640 326 2689 terculum
355 2656 459 2687 non
485 2646 622 2686 extat
644 2638 696 2686 in
723 2639 885 2687 Contii
913 2638 1145 2687 editione.

215 2711 330 2774 Pag.
366 2709 486 2763 406.
524 2706 711 2775 ,Ναδοῖβ
740 2708 823 2775 ἔτη
852 2705 941 2776 β’.]
979 2709 1056 2757 lta
1087 2707 1254 2756 Latini
1289 2706 1446 2758 Codd.
1474 2707 1692 2772 Scaliger
1725 2716 1774 2758 et
1804 2708 1907 2759 MS.

74 2778 222 2829 fidem
246 2779 353 2840 ἔτος
373 2779 443 2830 ἕν.

213 2845 387 2917 Ἰωροῖβ
424 2844 640 2916 (Ἰωράμ)
679 2844 898 2913 α’δελφός
935 2843 1117 2911 αὐτοῦ,
1155 2843 1244 2912 ἐφ’
1280 2841 1343 2900 οὗ
1376 2842 1693 2914 Ἐλισσαιὲ.]
1716 2849 1905 2897 Corru-

74 2919 322 3008 ptionmem
325 2920 588 2970 emendant
612 2920 779 2967 Latini
804 2919 957 2968 Codd.
979 2887 1163 2968 addiiis
1181 2919 1362 2983 Ioram,
1401 2937 1519 2967 ann.
1549 2924 1632 2973 12.

213 2985 322 3042 Ἐπ’
349 2986 680 3058 ὄλοθρευσει.]
711 2991 963 3056 Interpolo
983 2985 1077 3041 Ἰοῦ
1100 2988 1323 3058 χρισθεὶς
1347 2984 1431 3042 ἐπ’
1456 2984 1619 3057 oboth]
1650 2989 1725 3037 Ita
1750 2988 1902 3038 codd.

74 3059 406 3218 ΙιὲιῑίηὶΙωαχοῖζ
426 3130 509 3198 ἔτη
534 3125 608 3193 ιζ’.
611 3130 632 3197 ]
672 3131 918 3197 Corrupte
941 3129 1159 3193 Scaliger
1183 3128 1264 3196 ἔτη
1286 3123 1342 3193 ζ’.

209 3196 348 3261 Ἰωᾶς
377 3200 460 3267 ἔτη
485 3199 586 3270 ις’.]
625 3201 793 3254 Anast.
816 3204 933 3265 Reg.
966 3219 1049 3253 an.
1073 3204 1153 3254 17.

218 3271 470 3338 Ζαχαρίας
491 3276 653 3356 μῆνας
683 3268 742 3338 β’.
745 3272 763 3336 ]
799 3271 966 3320 Latini
989 3270 1143 3320 codd.
1166 3288 1317 3320 men-5.
1341 3274 1391 3325 6.

214 3340 414 3407 Σερουμ
427 3341 509 3406 ἔτη
524 3359 576 3400 ις
570 3337 618 3408 ’.]
643 3343 799 3391 Iidem
814 3341 1068 3391 emendate
1097 3359 1259 3390 mense
1282 3359 1396 3389 uno.
1433 3339 1691 3387 Manahem
1715 3339 1900 3387 nomen

74 3410 125 3459 in
153 3411 344 3459 Graeco
369 3412 520 3476 Regio
552 3412 806 3475 omissum,
835 3413 895 3460 de
919 3429 1016 3476 quo
1042 3413 1147 3462 Lat.
1175 3412 1298 3462 cod.
1336 3410 1613 3459 ᾹΙαηαΙιεηι
1640 3412 1790 3457 annis
1818 3414 1898 3463 10.

218 3481 434 3544 Φακεΐας
457 3481 541 3547 ἔτη
569 3502 589 3536 ι
588 3477 639 3547 ’.]
674 3483 894 3532 Misceua
929 3490 978 3532 et
1001 3482 1207 3533 cantius
1231 3498 1348 3534 ann.
1375 3485 1425 3536 2.
