2222 3938
709 176 1298 243 ANNOTATIONES.
1794 170 1920 234 553

89 318 179 383 git.
248 316 385 366 Haec
430 317 492 366 de
536 317 807 384 Nicephori
847 326 1070 384 tempore
1106 316 1326 366 breviter
1362 315 1427 364 ad
1464 314 1570 364 eiu's
1610 312 1923 364 breviarium

91 388 394 451 Chronolog.
431 396 565 452 gesta
592 391 678 453 qui
704 390 842 438 volet
877 389 1090 455 amplius
1123 388 1335 436 deducta
1359 386 1563 435 Surium
1584 385 1698 433 loco
1727 403 1923 434 memo-

69 464 233 522 ¹rato,
266 459 524 506 Menaeum
571 462 632 506 ad
670 463 753 514 13.
789 459 1047 508 Martii-et
1079 459 1208 506 Iunii
1243 458 1431 523 pariter
1473 461 1555 511 13.
1591 456 1920 519 Anastasium,

91 530 398 592 Cedrenum,
451 531 693 578 Zonaram
735 531 915 593 adibit,
965 538 1015 579 et
1051 528 1402 593 Theophanem
1440 527 1729 594 propediem
1759 528 1924 576 lucem

92 607 434 666 aspecturum,
471 602 799 666 et‘prolixam
839 601 942 649 eius
981 600 1242 648 historiam
1284 599 1489 664 reliquis
1529 599 1758 664 operibus
1798 616 1827 646 a
1866 599 1922 650 P.

91 672 269 720 Franc.
309 670 552 719 Combefis
585 672 697 720 data
736 672 895 737 praeli
932 672 1304 737 opportunitate
1334 670 1751 736 praemittendam
1775 685 1927 735 prae-

91 741 371 790 stolabitur.
446 742 598 800 Quod
630 742 694 789 ad
728 742 922 790 notiora
960 750 1009 790 et
1043 742 1348 803 recentiora,
1395 742 1570 789 Vossio
1605 740 1926 803 Chronogra-

91 812 296 878 phicum
319 811 418 860 hoc
433 812 703 878 Nicephori
730 814 1027 879 opusculum
1054 813 1115 860 ab
1142 811 1399 860 Anastasio
1420 811 1805 860 Bibliothecario
1827 812 1927 858 La-

90 884 198 932 tine
218 883 278 930 ab
305 883 507 947 antiquo
534 884 788 933 redditum
811 885 1067 932 assentior.
1118 884 1265 930 Dedit
1287 884 1469 930 iterum
1497 882 1693 930 Author
1717 882 1926 931 Miscel-
1954 882 2007 926 P.
2032 879 2088 926 86

91 955 194 1002 lae:
244 953 521 1002 Ioachimus
561 955 893 1017 Camerarius,
941 962 990 1002 et
1036 954 1453 1002 Commentarium
1485 953 1694 1002 addidit.
1755 954 1931 1002 Parem

92 1024 343 1074 Antonius
375 1025 583 1073 Contius
617 1025 746 1075 circa
770 1026 1068 1091 opusculum
1095 1025 1227 1072 idem
1258 1024 1654 1072 accommodavit
1687 1040 1855 1072 curam
1882 1031 1931 1072 et

92 1095 339 1144 laborem:
379 1097 565 1144 Graece
591 1096 868 1159 divulgavit
894 1095 1132 1161 Iosephus
1159 1096 1377 1159 Scaliger
1402 1095 1456 1143 in
1478 1095 1780 1159 Temporum
1795 1094 1931 1142 The-

97 1183 273 1228 saur03
313 1165 376 1213 ad
413 1184 625 1231 quorum
668 1168 908 1215 editiones
943 1167 1074 1214 hanc
1110 1184 1138 1213 a
1161 1184 1240 1214 me
1276 1173 1636 1231 comparatam,
1675 1172 1722 1213 et
1747 1165 1810 1213 ad
1834 1182 1931 1212 cu·-

96 1237 291 1286 mulum
316 1238 628 1285 accedentem
652 1238 910 1301 subiungO.
947 1237 1116 1286 Titulo
1141 1255 1293 1302 porro
1323 1237 1518 1285 additae
1542 1234 1784 1284 dictiones
1810 1236 1929 1300 pri-

96 1325 206 1356 mae
244 1307 305 1355 de
337 1308 437 1356 fide
472 1326 583 1371 erga
619 1310 721 1356 MS.
758 1309 1000 1357 servanda
1044 1307 1169 1355 nihil
1205 1307 1501 1365 detrahunt,
1550 1314 1658 1354 tum
1694 1307 1830 1370 quod
1867 1307 1927 1354 ab

97 1378 272 1426 alienis
306 1379 460 1426 soleat
488 1379 665 1427 titulus
700 1379 910 1444 apponi,
945 1386 1053 1427 tum
1090 1379 1225 1443 quod
1257 1378 1540 1445 Nicephoro
1579 1377 1803 1426 debitum
1829 1376 1929 1425 ho-

97 1466 271 1499 norem
295 1450 564 1515 praeterire
590 1450 825 1498 caverint.

236 1515 390 1586 Ἐνώχ
411 1516 671 1589 γενόμενος
692 1520 850 1586 ἐτῶν]
881 1519 1168 1569 Obliteratis
1196 1519 1250 1567 in
1275 1518 1376 1569 MS.
1413 1516 1589 1567 Enoch
1619 1517 1761 1565 annis
1787 1518 1930 1566 locus

101 1608 274 1640 eorum
299 1592 501 1656 punctis
529 1592 881 1640 internotatur.
918 1586 1039 1658 ρξβ’.
1078 1591 1222 1656 posui
1240 1591 1294 1638 in
1322 1593 1566 1654 margine,
1605 1596 1724 1652 quot
1749 1589 1930 1636 editio-

98 1662 182 1711 :nis
219 1662 394 1726 Regiae
431 1662 732 1711 Anastasius.
795 1661 1080 1711 Correctior
1116 1669 1281 1709 tamen
1317 1670 1390 1709 est
1425 1659 1708 1723 marginalis
1742 1660 1842 1707 eius
1881 1667 1933 1707 et

99 1733 350 1782 'Miscellae
375 1733 522 1781 lectio
552 1734 668 1787 165.
711 1750 859 1798 quam
887 1732 1078 1799 pariter
1103 1731 1308 1780 Contius
1333 1730 1559 1780 exhibet:
1594 1731 1816 1779 Erronea
1838 1746 1932 1795 pe-

103 1805 240 1853 nitus
263 1804 497 1867 Scaligeri
518 1799 611 1869 ρν’.

244 1875 360 1938 Pag.
398 1878 518 1928 396.
555 1871 699 1924 Κατὰ
733 1870 852 1934 τούς
883 1867 942 1927 θ’,
971 1871 1052 1938 ἔτη
1095 1868 1291 1943 ,βσμβᾙ
1332 1874 1584 1920 Summam
1618 1870 1750 1918 hanc
1782 1869 1934 1918 Nice-

102 1944 398 2012 phorianam
427 1945 634 1993 Contius
653 1953 836 1993 censet
872 1945 1228 1992 emendandam
1251 1943 1307 1990 in
1333 1943 1538 1990 alteram
1563 1958 1686 2006 quae
1723 1958 1786 1989 ex
1823 1940 1935 1988 sin-

104 2017 234 2080 gulis
258 2015 556 2066 Genearchis
581 2015 836 2080 consurgit
858 2010 1024 2083 flogfi'.
1059 2031 1123 2062 ne
1147 2020 1265 2079 post
1292 2013 1563 2074 diluvium,
1598 2013 1786 2075 inquit,
1825 2012 1936 2058 Ma-

103 2086 297 2135 thusala
319 2087 548 2135 videatur
564 2095 809 2136 mortuus,
849 2088 1003 2135 Prave
1025 2086 1109 2133 vel
1134 2092 1270 2132 recte
1289 2085 1359 2131 ita
1386 2082 1595 2131 senserit
1607 2081 1934 2146 Nicephorus,

105 2175 214 2206 non
251 2157 489 2205 discutio:
528 2157 600 2204 ita
637 2157 893 2222 scripsisse
919 2173 980 2203 ex
1004 2154 1223 2219 legendis
1260 2156 1371 2218 pag.
1406 2153 1525 2206 404.
1560 2151 1617 2202 Α.
1657 2151 1933 2213 contend05

107 2245 206 2292 qua
241 2228 490 2275 diluvium
526 2228 588 2274 ad
627 2244 811 2274 annum
838 2245 864 2273 a
887 2226 1064 2273 mundi
1091 2224 1298 2272 conditu
1335 2223 1489 2276 2242.
1524 2221 1656 2285 figit,
1695 2230 1744 2269 et
1778 2239 1937 2270 annos

105 2307 243 2350 retro
274 2298 428 2351 2242.
461 2296 638 2363 positis
668 2297 731 2346 ad
762 2297 944 2344 turrim
967 2294 1320 2360 Babylonicam
1349 2295 1466 2346 525.
1490 2299 1600 2340 tum
1627 2291 1691 2339 ad
1714 2292 1938 2341 Abrahae

109 2369 392 2418 dimidiatas
423 2368 653 2416 victimas
684 2367 794 2414 aliis
823 2367 942 2420 425.
976 2373 1024 2414 et
1060 2365 1259 2413 tandem
1284 2363 1346 2411 ad
1367 2361 1636 2410 Abrahami
1658 2362 1786 2410 diem
1811 2363 1938 2411 ulti-

107 2457 244 2490 mum
276 2438 420 2486 annis
447 2443 532 2492 76.
561 2455 803 2487 summam
825 2440 980 2491 3268.
1011 2437 1153 2484 nullo
1180 2434 1377 2498 negotio
1402 2433 1607 2496 colligit.

254 2513 455 2560 Καϊνᾶν
496 2506 763 2576 γενόμενος
804 2507 930 2559 ἐτῶν
968 2502 1118 2575 ρλγ’.]
1171 2503 1458 2554 Anastasius
1490 2503 1687 2567 Regius·
1739 2498 1939 2552 Cainan

105 2583 287 2647 factus
313 2597 565 2628 annorum
590 2589 787 2628 centum
814 2579 1045 2642 triginta.
1083 2575 1249 2624 Contii
1270 2583 1319 2623 et
1342 2574 1588 2623 Miscellae
1613 2572 1778 2621 lectio.
1819 2570 1942 2623 Gat-

111 2671 218 2702 nan
240 2661 397 2700 natus
418 2668 550 2698 anno
575 2654 690 2705 130.
725 2651 788 2698 Et
811 2648 932 2696 haec
960 2647 1237 2697 correctior
1260 2646 1390 2694 infra
1413 2644 1719 2710 probabitur.
1759 2659 1762 2662 ’

257 2719 398 2773 Σάλα
419 2716 685 2791 γενόμενος
710 2721 836 2772 ἐτῶν
862 2714 1008 2786 ρλγ’.]
1046 2717 1336 2766 Anastasius
1368 2715 1572 2781 Regius,
1608 2714 1854 2777 Miscella‚
1891 2721 1942 2763 et

115 2794 319 2844 Contius
342 2810 498 2840 annos
530 2796 645 2846 130.
674 2789 978 2840 emendatius
1004 2789 1242 2838 referunt.

237 2860 390 2931 ’Ἔβερ
424 2857 688 2930 γενόμενος
711 2862 836 2913 ἐτῶν
860 2855 998 2928 ρλγ’.]
1038 2862 1182 2908 Pares
1212 2863 1383 2906 narrat
1414 2854 1699 2904 Anastasius
1725 2854 1906 2918 Regius
1923 2871 1938 2902 2

115 2935 282 2983 Contii
306 2942 354 2983 et
365 2934 611 2983 Miscellae
636 2939 900 2998 computus
927 2931 1043 2984 134.
1069 2947 1132 2978 ex
1157 2927 1372 2977 lectione
1404 2927 1632 2991 vulgatae
1655 2930 1739 2982 70.
1774 2926 1941 2974 Inter-

115 3013 314 3072 pretum
342 3005 574 3054 editionis
593 3043 608 3065 ,
645 3011 697 3052 at
721 3020 825 3051 non
855 3001 919 3050 ad
945 2999 1216 3067 Nicephori
1240 3005 1468 3048 mentem.

263 3073 426 3125 Φαλὲκ
450 3072 711 3142 γενόμενος
746 3073 870 3125 ἐτῶν
903 3068 1038 3139 ρλγ’.]
1095 3068 1407 3132 Anastasius,
1441 3066 1684 3129 Miscella‚
1721 3072 1769 3113 et
1805 3064 1943 3112 Con-⁴

119 3145 219 3194 tius
245 3148 362 3199 130.
389 3153 438 3193 et
458 3145 580 3195 haec
609 3144 758 3194 lectio
786 3143 1059 3210 probatior.
1301 3153 1304 3162 “
1761 3162 1763 3165 ·

257 3214 434 3283 Ῥαγαῦ
467 3212 726 3283 γενόμενος
759 3214 886 3268 ἐτῶν
924 3209 1061 3282 ρλε’.]
1102 3212 1180 3262 Ita
1203 3210 1382 3276 Regius
1416 3207 1640 3257 Anastas.
1669 3204 1875 3253 Contius
1899 3210 1950 3252 et

120 3285 338 3336 Miscella
366 3288 480 3340 132.

265 3352 458 3422 Σερούχ
493 3352 759 3423 γενόμενος
784 3354 908 3407 ἐτῶν
937 3349 1077 3422 alifi]
1110 3351 1346 3417 Regium,
1381 3346 1681 3406 Miscellam‚
1719 3351 1769 3392 et
1804 3343 1943 3392 Con·
1972 3353 2029 3400 V.
2052 3354 2108 3398 79

125 3426 251 3474 tium
274 3425 416 3474 annis
441 3430 489 3479 8.
519 3427 732 3475 excedit.

252 3492 377 3562 Ἔτη
399 3491 583 3565 ,ynam
621 3496 838 3560 Scaliger
868 3494 1102 3543 mendose
1125 3486 1291 3561 31de
1321 3486 1526 3536 Contius
1553 3500 1666 3533 cum
1691 3483 1948 3533 Anastasio
