2222 3938
317 156 445 222 538
935 162 1517 229 EMENDATIONES

319 296 603 364 oppositus:
641 296 713 347 ita
747 304 798 346 et
833 294 1124 363 posterioris
1159 295 1221 342 ab
1246 294 1458 361 ‘Aridaei
1483 295 1718 347 videlicet
1754 297 2045 365 primordiis
2081 301 2148 353 ad

317 369 530 433 Augusti
567 369 785 433 auspicia
812 367 1050 433 proprius
1086 372 1160 414 est
1191 366 1371 415 iterum
1403 368 1574 416 Canon
1604 369 2003 434 Ecclesiasticus,
2060 371 2147 435 qui

319 439 457 504 quod
484 439 768 504 Scripturae
793 446 841 486 et
866 438 1100 486 historiae
1121 454 1287 503 sacrae
1314 438 1618 502 scriptorum
1655 441 1874 489 calculos
1914 449 2148 506 sequatur

317 527 502 558 nomen
540 509 678 556 istud
710 509 874 575 primo
909 508 1112 558 sortitus
1150 516 1237 556 est.
1307 508 1453 556 Hunc
1485 509 1670 573 ubique
1704 511 1942 574 Georgius
1977 520 2148 561 noster

316 582 545 647 profert,
582 586 631 627 et
660 578 764 628 eius
785 596 1019 629 numeros
1046 579 1306 643 amplexus
1329 596 1357 626 a
1380 578 1606 645 Philippi
1632 581 1829 629 Aridaei
1861 581 2006 643 Thot,
2042 582 2148 632 sive

317 651 379 699 ab
407 650 681 700 Alexandri
705 651 843 700 obitu
875 651 938 698 ad
962 649 1283 698 Actiac01um
1316 667 1563 698 annorum
1588 650 1719 699 Thot
1753 652 1963 700 alterum
1992 659 2040 700 et
2062 670 2148 702 re·-

316 728 557 770 novatum
594 720 807 785 Augusti
839 721 1106 788 imperium
1132 720 1281 767 modo
1307 724 1426 774 298.
1462 721 1609 769 modo
1637 725 1756 776 300.
1788 740 2150 788 nonnunquam

315 808 380 839 ex
408 791 644 840 Africano
673 795 792 847 302
821 810 977 840 annos
1004 790 1222 854 colligit.
1262 786 1323 838 de
1357 791 1536 855 quibus
1571 792 1634 840 ad
1660 809 1769 857 pag.
1798 795 1919 846 303.
1947 801 1995 842 et
2025 794 2148 848 324.

317 863 590 924 Caeterum,
630 879 687 911 eo
714 862 906 926 relicto,
946 863 1084 928 quod
1106 861 1394 910 Panodorus
1422 870 1592 910 utatur
1610 862 1956 911 Astronomico
1985 863 2148 912 Chro-

314 932 617 998 nographiae
654 934 935 982 sacratioris
970 933 1187 981 violatae
1227 949 1341 981 reus
1376 933 1671 997 postulatur.
1756 933 1988 982 Criminis
2024 934 2149 983 haec

312 1004 592 1065 Panodori‚
631 1012 680 1052 et
718 1006 875 1053 totius
906 1003 1104 1067 Georgii
1137 1003 1576 1066 argumentationis
1600 1021 1790 1052 summa
1827 1012 1876 1052 et
1909 1006 2148 1070 explana-

314 1074 404 1123 tio.
477 1040 629 1123 Aliiid
662 1075 764 1124 eius
789 1082 1133 1139 argumentum
1158 1073 1367 1122 inferius
1398 1074 1657 1124 indicabo:
1693 1075 1943 1124 Panodori
1967 1075 2149 1126 vindi-

316 1145 418 1194 cias
439 1146 574 1211 apud
602 1112 873 1194 Petavium⁰
879 1145 1110 1235 legendas
1137 1161 1276 1208 rogo.

459 1212 604 1267 Καθ’
634 1213 660 1268 ὃ
689 1216 795 1277 ε’τος
821 1215 904 1267 καὶ
930 1215 956 1267 ὅ
986 1210 1244 1275 Κλαύδιος
1276 1217 1587 1294 Πτολεμαῖος
1617 1211 1712 1281 τήν
1733 1217 1835 1266 τῶν
1868 1216 2148 1284 προχείρων

261 1343 267 1352 ¹
311 1280 549 1338 κανόνων
574 1289 906 1355 ’ψηφιφορίαν
931 1283 1192 1352 ἐπήξατο]
1233 1285 1492 1348 Scaliger
1477 1302 1533 1332 111
1559 1284 1681 1334 haec
1703 1287 1854 1335 verba
1879 1304 1990 1352 pag.
2023 1291 2145 1341 261.

313 1356 520 1423 Insigne
546 1356 813 1421 delirium,
853 1359 1200 1406 Ptolemaeum
1233 1357 1592 1421 Astrologum,
1644 1359 1736 1422 qui
1760 1358 1855 1405 sub
1885 1358 2145 1407 Antonino

310 1430 412 1476 Pio
447 1431 733 1494 scripserit,
785 1430 1048 1494 aequalem
1097 1426 1334 1492 Philippo
1379 1426 1608 1477 Aridaeo
1638 1430 1835 1490 facere.
1918 1428 2147 1478 Petavius

308 1499 401 1547 lib.
446 1504 530 1552 10.
570 1500 631 1547 de
663 1500 902 1548 Doctrina
943 1500 1246 1563 Temporum
1286 1498 1452 1562 capite
1479 1497 1675 1547 ultimo.
1753 1499 1958 1547 Coelum
1988 1509 2149 1549 tetrae

311 1572 483 1617 miscet
518 1571 793 1636 Georgia-9,
831 1589 895 1618 ao
926 1579 1257 1618 trecentorum
1286 1571 1400 1633 fere
1438 1586 1689 1616 annorum
1729 1571 1997 1617 inter-vallo
2041 1569 2149 1617 dis-

311 1642 418 1687 sita
453 1633 720 1707 componit.
790 1642 983 1691 Parcite
1016 1640 1261 1691 benevoli.
1326 1634 1455 1690 καθ’
1493 1636 1523 1691 ὃ
1560 1639 1665 1700 ε’τος
1688 1637 1942 1700 Κλαυδιος
1977 1640 2148 1705 ἔζησεν

310 1728 416 1759 11011
466 1714 668 1778 scripsit
705 1713 974 1776 Georgius,
1023 1712 1109 1760 sed
1151 1708 1282 1763 καθ’
1321 1706 1351 1762 ὂ
1398 1709 1505 1770 ε’τος
1541 1713 1873 1776 ψηφιφορίαν
1914 1708 2146 1776 ἐπήξατο.

313 1782 747 1847 Quandocumque
765 1783 951 1831 vixerit
978 1783 1309 1843 Ptolemaeus,
1348 1782 1438 1829 sub
1465 1781 1722 1829 Antonino
1763 1782 1852 1830 Pio
1893 1781 2145 1844 videlicet,

312 1869 369 1900 eo
391 1860 618 1918 tempore
648 1853 711 1900 ad
735 1853 948 1918 Philippi
972 1852 1174 1900 Aridaei
1199 1869 1385 1900 annum
1419 1851 1641 1916 primum
1669 1853 2015 1916 expeditorum
2042 1853 2147 1900 Ca·-

311 1940 500 1971 nonum
525 1923 787 1986 ratiocinia
824 1923 1251 1984 accommodavit,
1291 1930 1340 1970 et
1366 1922 1428 1968 ad
1449 1938 1632 1970 annum
1660 1923 1921 1970 ratiocinia
1945 1940 2146 1970 accom-

311 1993 561 2058 modavit,
598 2002 648 2043 et
680 1995 743 2042 ad
772 2011 960 2042 annum
985 1993 1194 2046 eundem
1216 1992 1378 2044 voluit
1404 1991 1582 2041 defixa.
1618 1992 1717 2043 Ubi
1740 1993 2008 2042 delirium?
2047 1992 2146 2042 Ubi

311 2073 594 2132 temporum
620 2065 966 2130 perturbatio?

452 2137 564 2199 Pag
600 2139 721 2189 327.
760 2137 996 2186 Γίνονται
1025 2129 1165 2203 ευξγ’
1166 2131 1207 2198 .]
1245 2126 1403 2201 ευξὸ.
1443 2131 1683 2181 debuerat
1721 2132 1981 2198 colligere.
2025 2133 2144 2199 Reg.

310 2205 423 2256 vat.
448 2206 593 2254 Bar.b
614 2207 717 2256 Pal.
749 2215 798 2254 et
823 2208 988 2257 Perez.
1016 2185 1171 2252 Codd.
1197 2221 1298 2251 una
1326 2203 1421 2252 fuit
1447 2219 1618 2252 errans
1642 2204 1810 2253 lectio.

450 2275 536 2337 Ὡς
558 2274 655 2345 πρὸ
695 2281 789 2328 τοῦ
811 2272 904 2344 μγ’.
934 2275 1112 2340 ε’τους.]
1152 2276 1326 2322 Telum
1354 2274 1529 2322 aliud
1515 2292 1570 2322 111
1598 2275 1913 2324 Panodorum
1943 2281 2146 2338 torquet

311 2348 579 2412 Georgius,
616 2356 667 2396 at
693 2366 839 2412 quam
865 2347 1063 2399 imbelle
1091 2354 1140 2394 et
1164 2345 1269 2394 sine
1294 2345 1418 2394 ictu.
1455 2344 1727 2408 Actiacam,
1763 2345 1948 2410 inquit,
1983 2346 2146 2394 victo-

310 2419 439 2467 113111
462 2420 616 2467 refert
637 2419 928 2467 Panodorus
953 2418 1016 2466 ad
1041 2434 1226 2465 annum
1253 2416 1427 2466 mundi
1453 2416 1609 2469 5464.
1635 2433 1776 2479 ergo,
1814 2417 1991 2478 infert,
2029 2423 2145 2464 ante

310 2489 520 2552 Augusti
549 2490 634 2543 43.
663 2489 846 2538 Christi
867 2490 1080 2537 natalem
1105 2504 1293 2535 annum
1318 2494 1545 2534 numeret
1568 2503 1764 2535 necesse
1789 2494 1888 2549 est,
1922 2486 2143 2550 intellige

313 2568 427 2606 ante
450 2560 627 2607 mundi
653 2562 807 2614 5500.
832 2578 980 2626 quam
1016 2557 1359 2608 Ecclesiastica
1378 2556 1583 2605 traditio
1612 2557 1797 2607 Christi
1821 2557 2040 2605 adventu
2070 2565 2142 2604 te-

311 2637 399 2677 net
429 2639 804 2680 consecratum:
853 2631 987 2695 quod
1027 2630 1168 2679 nullo
1206 2628 1403 2692 negotio
1438 2627 1675 2677 concedet
1712 2628 2019 2688 Panodotrus‚
2056 2627 2141 2691 qui

311 2700 513 2747 Domini
550 2709 717 2749 ortum
756 2719 819 2750 ex
854 2701 1203 2750 Mathematico
1245 2701 1441 2746 Canone
1476 2698 1619 2748 annis
1653 2706 1842 2766 septem
1860 2698 2141 2764 praevenit:

313 2778 364 2819 et
383 2788 412 2819 a
431 2771 604 2819 mundi
632 2773 839 2821 conditu
862 2774 1015 2827 5493.
1044 2768 1391 2820 celebrandum
1413 2769 1571 2817 docet.

456 2839 599 2891 Κατὰ
629 2840 684 2893 τὸ
723 2840 853 2913 εφὲ.
866 2843 885 2909 ]
936 2842 1132 2891 Author
1175 2841 1336 2907 seipso
1377 2838 1682 2888 emendatior
1709 2838 1883 2888 scribit
1926 2839 2139 2889 inferius

314 2906 452 2983 εφςῖ.
499 2913 599 2959 Sex
628 2914 759 2961 enim
793 2931 946 2978 supra
980 2915 1064 2967 50.
1101 2912 1310 2977 Augusti
1344 2911 1560 2959 Caesaris
1587 2909 1810 2958 amundi
1843 2910 1997 2965 5451.
2033 2911 2139 2962 labi

313 2962 446 3048 cepti
471 2998 577 3030 non
600 2983 697 3030 nisi
731 2985 883 3038 5506,
906 2985 1254 3032 terminantur.

455 3047 616 3103 Μόνα
648 3073 742 3119 γαρ
785 3049 883 3105 οἷπό
914 3059 1003 3113 τῆς
1036 3049 1192 3118 αὐτῆς
1217 3049 1557 3117 καθαιρέσεως
1592 3043 1688 3116 ‘W‘-
1726 3048 1845 3115 gwy]
1888 3049 2137 3098 Christum

314 3140 446 3171 anno
477 3123 694 3171 Caesaris
717 3123 917 3186 Augusti
943 3125 1027 3178 43.
1053 3124 1267 3172 humana
1295 3139 1443 3173 came
1479 3121 1745 3183 indutum,
1782 3129 1831 3169 et
1860 3121 2137 3183 Augustum

311 3202 428 3259 post
449 3193 646 3260 imperii
663 3195 845 3256 totius,
882 3193 1103 3243 Antonio
1141 3192 1363 3253 devicto,
1402 3190 1590 3239 obtenti
1617 3208 1803 3239 annum
1838 3191 2024 3257 pariter
2049 3192 2134 3245 43.

314 3265 515 3327 obiisse,
557 3264 678 3330 ipsis
708 3282 951 3313 annorum
985 3264 1203 3312 numeris
1242 3262 1537 3310 declaratur.
1611 3261 1844 3326 Suscepit
1877 3262 2005 3309 enim
2042 3261 2137 3308 im-

313 3335 509 3400 perium
547 3336 795 3400 Augustus
834 3353 962 3383 anno
1001 3335 1153 3388 5458.
1181 3333 1262 3382 vel
1290 3333 1442 3386 5459.
1483 3331 1707 3380 Christus
1741 3349 1860 3381 vero
1883 3339 2029 3379 natus
2062 3338 2138 3379 est

317 3423 448 3453 anno
473 3407 627 3460 5500.
651 3407 734 3455 vel
757 3406 910 3460 5501.
939 3422 997 3452 ac
1022 3406 1153 3452 inter
1188 3412 1456 3467 utrumque
1482 3403 1692 3451 limitem
1726 3402 1878 3450 medii
1901 3409 2019 3450 sunt
2049 3401 2134 3454 43.

319 3478 572 3541 Augustus
605 3476 787 3526 iterum
825 3493 888 3526 ex
921 3475 1144 3526 Africani
1184 3474 1388 3523 calculis
1433 3473 1641 3523 subiecit
1675 3473 1954 3539 Aegyptum
2000 3488 2130 3520 anno
