2222 3938
689 207 789 261 ET
826 204 1425 263 ANNOTATIONES.
1557 170 1569 182 '
1853 195 1973 253 421

291 330 599 402 Κομυῖστης.]
642 336 911 389 Comata-5:
949 353 1054 386 non
1089 343 1150 385 ut
1185 334 1406 400 Scaliger
1438 331 1675 382 iniuriose
1699 330 1977 399 κωμαστής,

153 409 482 457 Comes-sator.

287 473 432 527 Κατὰ
460 474 515 527 τὸ
550 473 641 544 κβ’.
670 474 944 546 Εὕροπος.]
981 476 1388 526 Emendationem
1421 474 1634 542 probant
1657 473 1969 537 Chronogra-
1999 477 2053 521 V.
2075 479 2135 522 32

145 547 323 615 phicae
351 547 563 598 tabulae.

267 615 422 678 ’Ἆπις
461 617 545 681 ἔτη
580 611 689 682 κε’]
737 616 894 666 Annis
916 617 1153 668 indebitis
1178 622 1263 674 20.
1287 634 1550 666 numerum
1579 622 1723 679 auget
1758 613 1976 677 Scaliger

145 705 256 754 pag.
290 694 373 742 20.
405 695 455 736 et
481 683 568 753 με’.
593 688 807 752 reponit.
860 689 1105 736 Eusebius
1137 689 1342 736 Latinus
1377 689 1506 736 solos
1531 688 1616 742 25.
1637 685 1828 736 retinet.
1878 685 1977 733 Fa-

145 767 282 808 ctum
304 767 471 807 tamen
496 759 776 808 emendavit
797 759 921 807 ille
906 776 959 807 111
985 760 1167 806 Canon.
1193 759 1379 821 Isagog.

284 836 689 907 Pag.103.’Hv
723 842 830 903 ε’τος
860 863 1002 911 γφγ.
975 838 1031 906 ’.]
1080 844 1275 889 Xerxes
1307 841 1370 888 ad
1405 840 1585 888 solium
1618 857 1748 888 anno
1781 839 1976 902 vulgari

142 913 318 965 mundi
352 914 506 967 3473.
537 920 734 961 evectus
765 930 867 961 non
911 912 1079 978 potuit
1115 928 1359 976 mcupare
1396 911 1537 957 annis
1563 913 1646 963 30.
1680 909 1777 957 nisi
1801 909 1976 959 (101011-

144 984 334 1051 querit,
372 1001 502 1031 anno
533 985 685 1036 3503.
711 1001 807 1047 quo
833 1000 1084 1031 successor
1112 980 1416 1030 Armamitln
1420 997 1468 1028 es
1491 980 1702 1045 excepit.

282 1065 570 1134 Κόγχαρις’
554 1067 637 1131 ἐτη
664 1086 716 1125 ς.
691 1065 740 1133 ’]
793 1070 889 1115 Sex
915 1085 1069 1115 annos
1098 1065 1342 1115 Conchari
1368 1065 1657 1113 tribuendos
1683 1063 1862 1128 probat
1894 1080 1975 1111 se-

143 1156 300 1203 quens
325 1138 678 1206 Aegyptiorum
713 1155 804 1186 rex
839 1139 1002 1186 Silites
1030 1156 1158 1191 anno
1189 1138 1346 1191 3477.
1376 1135 1583 1200 sceptus
1607 1135 1823 1198 potitus,
1861 1142 1976 1198 post

141 1209 439 1257 Concharim
476 1208 711 1256 nimirum
743 1210 803 1256 ab
841 1227 969 1256 anno
1002 1211 1154 1262 3471.
1186 1209 1249 1255 ad
1281 1205 1564 1254 huiusmodi
1586 1206 1740 1258 3477.
1763 1221 1976 1267 regnan-

139 1274 555 1345 10111.Κόγχαρος
581 1279 757 1326 scribit
780 1280 1011 1342 Scaliger,
1054 1295 1199 1343 quem
1223 1277 1454 1340 gignendi
1487 1293 1626 1323 casus
1659 1276 1814 1323 altera
1843 1275 1975 1322 linea

138 1349 329 1415 positus
370 1363 535 1394 oo1am
572 1347 920 1392 Grammaticis
961 1351 1146 1408 aiguit:
1203 1348 1386 1394 ibidem
1419 1347 1581 1411 pagin.
1616 1347 1851 1409 Excerpt.
1889 1349 1972 1399 21.

138 1418 226 1467 ubi
260 1425 432 1470 narrat
466 1433 529 1464 ex
565 1415 776 1463 Eusebio
816 1412 974 1484 τούτῳ
1008 1418 1079 1484 τῷ
1115 1415 1210 1466 ε’τει
1239 1419 1332 1466 τοῦ
1355 1412 1441 1466 κε’.
1466 1412 1871 1481 βασιλεύσαντος,
1912 1416 1973 1464 de

139 1506 238 1554 quo
266 1505 396 1535 anno
421 1486 605 1534 scribat
632 1486 857 1535 divinare
882 1485 1085 1550 nequit,
1122 1485 1251 1533 ideo.

290 1567 458 1640 Τούτω
491 1573 561 1641 τῷ
595 1566 654 1632 ς’.
693 1569 828 1635 §.z-ei]
869 1570 921 1617 Si
955 1571 1182 1634 quintum
1228 1586 1340 1619 cum
1377 1569 1600 1617 Librario
1647 1569 1896 1633 posueris,
1943 1589 1971 1616 a

138 1647 294 1698 2776.
333 1643 394 1690 de
419 1642 518 1707 quo
526 1622 809 1688 confestim
836 1639 1060 1702 Author,
1098 1657 1202 1687 non
1237 1639 1425 1704 poterit
1459 1656 1562 1688 esse
1592 1639 1970 1708 septingentesi-

139 1731 274 1776 mus,
313 1730 423 1762 cum
451 1729 581 1759 anno
612 1711 771 1764 3471.
799 1710 1021 1776 coeperit
1043 1726 1246 1773 regnare
1275 1709 1563 1760 Concharis.

279 1795 574 1857 Διεδέξαντο.
605 1797 825 1861 βασιλεῖς
856 1798 1057 1845 Τανῖται
1079 1788 1157 1856 δ’]
1195 1794 1347 1857 Reges
1381 1794 1506 1844 istos
1529 1793 1729 1843 'sanitas
1758 1800 1969 1857 quatuor

138 1885 242 1917 non
267 1866 509 1933 expressit
536 1867 802 1929 Georgius,
839 1866 922 1914 vel
948 1866 1051 1912 eius
1074 1864 1347 1915 Librarius:
1384 1863 1686 1914 Alterutrius
1717 1863 1967 1914 defectum

138 1956 242 1988 vox
259 1939 417 1989 λείπει
443 1937 496 1984 111
522 1937 626 1987 MS.
653 1953 917 1985 occurrens
944 1934 1122 1998 arguit.
1159 1935 1358 1982 Tanitas
1387 1942 1577 1996 autem,
1615 1934 1719 1982 sive
1740 1934 1966 1982 Pelusio-

137 2017 243 2070 tas,
275 2009 488 2057 maxime
508 2015 774 2070 memorat,
817 2006 952 2071 quasi
975 2006 1033 2052 ad
1070 2013 1345 2055 extremum
1379 2004 1594 2070 Aegypti
1623 2004 1774 2053 finem
1796 2012 1966 2055 retru-

138 2098 245 2142 sos,
285 2097 342 2128 eo
371 2087 624 2143 tempore,
662 2095 761 2142 quo
796 2094 933 2142 reges
965 2078 1218 2138 PastoreS,
1267 2074 1558 2141 (Phoenices
1591 2082 1640 2124 et
1676 2075 1962 2138 peregrinos

137 2167 275 2214 reges
302 2167 366 2197 ex
388 2149 684 2198 Manethone
705 2156 853 2196 vocat
879 2147 1115 2195 Eusebius
1138 2162 1251 2211 pag.
1283 2151 1366 2198 61.
1397 2147 1456 2194 D.
1484 2153 1532 2196 et
1561 2143 1796 2208 losephus
1820 2145 1963 2208 Hyc-

139 2238 220 2269 sos
237 2258 252 2282 ,
288 2220 341 2267 id
362 2227 436 2267 est
456 2236 592 2282 reges
608 2216 861 2283 {pastores)
900 2217 1203 2281 superiorem
1227 2216 1504 2280 Aegyptum
1537 2230 1806 2281 occupasse
1836 2214 1964 2263 scri-

136 2291 240 2358 psit
263 2289 500 2354 Iosephus
531 2289 764 2337 adversus
788 2288 1030 2352 Apionem
1056 2286 1142 2336 lib.
1167 2290 1212 2338 1.

259 2370 385 2436 ’'Etn
427 2369 565 2430 σνδ’.]
603 2371 682 2419 Ad
715 2371 888 2419 mundi
925 2371 1079 2423 3477.
1113 2387 1210 2434 quo
1231 2384 1436 2432 regnare
1459 2375 1731 2432 coeperunt
1762 2367 1963 2416 Tanitae

137 2442 317 2492 additis
352 2443 472 2496 254.
500 2459 684 2489 annum
708 2442 886 2489 mundi
904 2443 1058 2493 3731.
1086 2439 1459 2503 consequimur,
1499 2439 1639 2484 cuius
1668 2438 1963 2486 succedente

135 2517 294 2568 3732.
330 2514 540 2577 Moysen
563 2520 733 2560 natum
756 2511 920 2576 pagin.
946 2513 1026 2563 68.
1047 2511 1101 2559 Β.
1130 2518 1178 2556 et
1202 2513 1284 2561 69.
1308 2508 1362 2557 Β.
1398 2523 1510 2554 011111
1539 2524 1703 2556 errore
1737 2508 1857 2556 licet
1888 2526 1960 2556 as-

135 2592 357 2633 seruerat
408 2583 664 2646 Georgius.
747 2583 819 2629 Ea
856 2586 1149 2645 tempestate
1184 2578 1377 2642 Hycsos
1423 2577 1758 2626 Hebraeorum
1800 2580 1960 2626 maio·-

135 2670 214 2703 res
265 2654 324 2701 ab
370 2652 622 2718 Aegyptiis
668 2667 916 2718 repressos
967 2657 1016 2698 et
1066 2649 1324 2715 depressos
1373 2647 1595 2713 depingit
1641 2648 1823 2697 citatus
1872 2649 1955 2698 Io*

134 2723 334 2810 sepbus.

274 2788 548 2857 Ἰώσηππος
582 2791 637 2843 δὲ
672 2793 725 2844 ἐν
764 2794 837 2862 τῷ
868 2788 1115 2859 damascum]
1165 2788 1489 2838 Profectionis
1527 2806 1589 2837 ex
1621 2788 1845 2854 Aegypto
1871 2789 1954 2837 hi-

138 2864 344 2913 storiam
362 2864 448 2912 lib.
474 2864 530 2911 in
555 2864 795 2928 Apionem
832 2863 995 2927 primo
1037 2860 1373 2924 consignatam
1408 2861 1583 2907 oculus
1616 2859 1954 2924 deprehendit.

273 2929 388 2985 Ἐπὶ
426 2937 519 2985 τοῦ
553 2932 629 2999 ιβ’.
666 2930 785 3000 μετὰ
814 2951 933 2992 τους
969 2930 1347 3011 προγραφέντας
1377 2925 1461 2980 κε’.
1475 2929 1494 2995 ]
1554 2930 1706 2979 Fallit
1739 2931 1954 2995 seipsum

139 3005 391 3069 Georgius.
452 3002 958 3070 Alisphragmuthosis
993 3002 1120 3050 enim
1160 3001 1352 3066 Hycsos
1403 3001 1508 3048 sive
1548 3017 1683 3064 reges
1733 3008 1952 3065 pastores

136 3076 270 3124 bello
299 3091 548 3139 aggressus
574 3083 713 3139 pater
737 3073 989 3122 Themosis
1020 3071 1206 3134 extitit,
1246 3070 1331 3135 qui
1367 3070 1563 3118 eosdem
1600 3072 1825 3136 Aegypto
1860 3085 1952 3116 ex-

138 3145 314 3193 cedere
346 3145 603 3209 compulit.
672 3146 720 3193 Is
744 3162 863 3192 vero
891 3143 1126 3209 septimus
1149 3149 1250 3203 est,
1284 3157 1388 3189 non
1418 3140 1753 3191 duodecimus
1830 3141 1954 3187 Sane

139 3214 432 3263 duodecimo
456 3232 635 3262 nomen
658 3223 730 3263 est
753 3212 1271 3279 Misphragmuthosis,
1309 3211 1398 3258 sed
1423 3219 1558 3275 gesta
1580 3211 1680 3258 eius
1704 3210 1842 3258 nulla
1873 3209 1952 3255 Io-
1981 3213 2033 3259 Ρ.
2052 3215 2107 3260 35

138 3284 360 3349 sephus
346 3303 399 3332 m
420 3284 636 3332 medium
660 3284 992 3350 profert.le
1014 3283 1112 3331 hoc
1132 3281 1468 3338 hallucinatur
1509 3280 1745 3343 Georgius
1764 3315 1777 3339 ,
1817 3278 1952 3341 quod

138 3356 264 3403 later
268 3355 435 3402 culum
461 3371 605 3402 suum
629 3362 676 3402 et
698 3354 895 3420 Iosephi
919 3353 1179 3419 proprium
1201 3351 1500 3409 confundat,
1539 3358 1584 3397 et
1606 3366 1666 3397 ex
1694 3348 1949 3395 nominum

137 3426 374 3491 paritate,
410 3441 535 3488 quae
559 3424 679 3472 huic
702 3425 1028 3490 adaptantur,
1066 3423 1208 3472 alteri
1233 3422 1351 3473 velit
1375 3419 1592 3470 attribui.
1665 3420 1814 3483 Reges
1837 3418 1950 3467 illos

139 3495 345 3545 inferior
368 3502 485 3543 nota
509 3511 571 3542 ex
593 3494 802 3560 Iosepho
825 3495 1057 3560 proferet.
