2112 3854
269 197 351 255 28
936 203 1004 260 G.
1039 203 1109 260 G.
1143 205 1484 267 BREDOVII

408 333 593 400 Repeto
647 351 768 399 quae
799 334 896 383 iam
919 351 1068 400 supra
1105 337 1239 401 dixi,
1287 338 1562 404 quibusque
1601 347 1735 388 certe
1771 357 1938 390 omnes
1967 357 2087 390 eru·-

268 402 366 452 <liti
401 405 756 454 assentientur:
803 405 1146 469 „scriptorem
1174 426 1318 457 sanae
1349 409 1528 457 mentis
1562 408 1617 457 in
1641 410 1811 458 eodem
1839 411 1964 464 libro
1995 411 2088 459 sibi

196 472 199 474 ’
266 476 608 524 contradicere
649 492 753 524 non
792 474 977 525 velle.''
1049 477 1250 526 Licetne
1291 479 1444 543 igitur
1480 479 1706 543 credere,
1746 481 2009 544 Georgium
2033 482 2089 529 in

265 544 436 593 eadem
475 547 650 610 pagina
677 545 771 593 sibi
798 547 1042 594 contraria
1069 547 1315 597 dicturum
1346 549 1532 597 fuisse?
1568 550 1692 612 Lege
1723 566 1832 615 pag.
1858 556 1977 604 217.
2001 550 2086 601 Aa

335 616 554 678 „Ioacim
588 617 825 663 successit
847 616 994 665 fratri
1021 616 1076 665 A.
1098 619 1162 667 Μ.
1187 623 1342 673 4883.
1411 618 1597 666 Annas
1619 636 1738 668 vero
1765 629 1983 684 quartas
2003 637 2089 669 re-

337 686 423 749 gni
445 685 642 747 Ioacim,
681 685 767 750 qui
799 692 872 733 est
897 686 953 736 A.
976 687 1040 737 M.
1067 688 1220 750 4883,
1257 689 1449 756 primus
1478 706 1636 739 annus
1660 697 1732 739 est
1750 689 2088 740 Nabuchodo-

335 755 530 803 nosoris
557 755 683 819 regis
702 755 997 822 Babylonis?
1001 755 1017 780 '
2072 796 2075 798 —

263 825 330 873 Et
355 842 465 890 pag.
493 830 612 879 220.
643 827 728 873 B.:

335 895 827 957 „Nabuchodonosor
848 896 912 944 ad
935 913 1141 962 regnum
1162 898 1395 966 pervenit
1420 897 1479 949 A.
1505 897 1571 948 M.
1592 897 1785 953 4888.'’

261 978 331 1027 Hi
362 978 463 1027 loci
499 997 526 1026 a
555 979 770 1030 librariis
792 982 1015 1047 corrupti
1038 990 1182 1044 sunt,
1222 991 1306 1031 aut
1331 983 1458 1032 nihil
1481 984 1643 1033 video.
1672 1010 1750 1038 ,—-
1787 983 1938 1044 Quod
1965 1000 2088 1035 vero

260 1057 324 1097 ut
344 1050 689 1114 demonstrem,
727 1053 984 1117 paululum
1012 1053 1074 1100 ad
1096 1061 1321 1118 tempora
1344 1054 1513 1119 priora
1539 1054 1847 1103 redeundum
1871 1054 1980 1104 erit.

404 1135 516 1198 Pag.
555 1139 672 1188 199.
707 1136 764 1186 D.
803 1136 997 1184 Ezecias
1032 1137 1094 1184 ad
1127 1137 1388 1202 imperium
1431 1137 1571 1186 venit
1606 1137 1663 1186 A.
1699 1137 1764 1186 M.
1800 1139 1964 1200 4766,
2001 1156 2087 1187 re-

258 1211 476 1269 gnatque
513 1222 669 1253 annos
704 1199 815 1268 κθ’,
854 1211 938 1259 29.
976 1234 1047 1244 —
1092 1206 1158 1254 Hi
1191 1208 1308 1255 anni
1339 1207 1537 1272 imperii
1571 1207 1773 1255 Ezeciae
1804 1210 2086 1261 cum-libris

256 1274 455 1333 biblicis
491 1275 815 1336 conveniunt,
852 1276 935 1326 IV.
969 1277 1086 1340 Reg.
1122 1281 1202 1329 18.
1241 1283 1301 1339 23
1336 1277 1398 1324 II.
1433 1277 1671 1343 Paraleip.
1707 1283 1790 1332 29.
1831 1284 1887 1340 13
1926 1296 2087 1344 neque

256 1342 339 1393 his
375 1345 427 1391 in
463 1345 587 1392 locis
619 1347 722 1393 ulla
744 1345 883 1393 varia
903 1346 1052 1394 lectio
1085 1363 1110 1394 e
1132 1347 1386 1394 codicibus
1410 1346 1607 1395 citatur.
1678 1347 1746 1395 At
1769 1347 1810 1395 si
1834 1366 1990 1398 annos
2016 1354 2085 1404 29

259 1431 376 1462 cum
400 1415 457 1466 A.
478 1416 542 1463 Μ.
565 1415 702 1469 4766
730 1415 1014 1480 coniungis,
1055 1416 1246 1480 colligis
1274 1417 1426 1470 4795.
1448 1444 1519 1453 -
1538 1418 1650 1480 Pag.
1683 1420 1803 1471 213.
1832 1419 1892 1466 D.
1922 1428 2087 1468 autem

257 1484 502 1547 Manasse,
540 1485 673 1532 filius
707 1485 935 1551 Ezeciae,
972 1487 1196 1534 succedit
1229 1487 1360 1552 patri
1384 1487 1441 1534 A.
1467 1485 1534 1539 M.
1565 1480 1756 1555 ,dipbss'‚
1793 1487 1826 1537 i.
1854 1506 1894 1537 e.
1920 1490 2084 1544 4792:

257 1553 493 1620 huncque
527 1572 790 1604 numerum
811 1574 916 1604 non
953 1565 1241 1621 corruptum
1266 1573 1365 1605 esse
1390 1559 1643 1622 sequentia
1666 1557 1902 1606 indicant.
1974 1561 2085 1608 Ma-

257 1641 399 1673 nasse
421 1626 550 1673 enim
573 1635 744 1689 regnat
764 1644 918 1674 annos
946 1623 1027 1688 ve',
1056 1629 1149 1689 553
1189 1635 1238 1675 et
1258 1627 1472 1675 Manassi
1497 1628 1718 1676 succedit
1735 1627 1901 1692 Amos,
1931 1630 2084 1690 filius,

256 1696 317 1745 A.
352 1696 414 1743 M.
449 1696 589 1750 4792
620 1698 678 1758 -1-
713 1697 779 1750 55
815 1717 885 1741 =
917 1701 1082 1760 4847,
1117 1694 1292 1766 Ιδωμζῖ
1328 1724 1399 1735 —-
1431 1697 1581 1745 Amos
1609 1706 1780 1761 regnat
1801 1716 1953 1749 annos
1983 1701 2082 1748 duo

256 1766 400 1829 eique
425 1766 645 1814 succedit
667 1766 816 1814 [osias
844 1768 899 1818 A.
921 1767 986 1816 Μ.
1012 1763 1204 1834 Ιδωμθζ
1242 1768 1398 1821 4849.
1470 1768 1533 1815 Et
1558 1768 1709 1815 Iosias
1731 1778 1903 1832 regnat
1927 1788 2083 1819 annos

255 1839 325 1889 31
343 1873 356 1898 ,
394 1852 507 1900 ergo
541 1853 695 1899 usque
734 1837 794 1884 ad
823 1841 879 1885 A.
906 1838 974 1886 M.
1001 1838 1155 1891 4880.
1202 1867 1262 1874 --
1303 1838 1345 1885 Ii
1370 1838 1590 1901 numeri,
1629 1855 1752 1903 quos
1780 1841 1962 1903 graecis
1991 1841 2084 1888 lit-

252 1907 373 1954 teris
398 1906 605 1969 signavi,
633 1907 686 1953 in
706 1907 958 1955 codicibus
982 1908 1180 1972 Georgii
1197 1909 1456 1972 leguntur,
1494 1908 1549 1956 in
1570 1909 1790 1974 margine
1811 1928 1931 1962 vero
1959 1928 2082 1962 con-

250 1983 330 2024 tra
350 1994 548 2027 sensum
579 1977 776 2043 Georgii
797 1978 869 2026 sic
895 1979 1074 2026 mutati
1101 1987 1244 2029 sunt:

866 2056 1032 2132 ,dwbss'
1067 2062 1121 2110 in
1155 2056 1330 2132 ,dip582

868 2128 1031 2203 ,dwpg'
1067 2133 1120 2181 in
1157 2129 1286 2202 ,dwv'

869 2199 1045 2272 ,ffoeuo'
1079 2204 1132 2250 in
1170 2199 1351 2273 ,Boevssfi

251 2284 412 2333 Multo
436 2286 754 2335 verisimilius
782 2286 1000 2351 videtur,
1039 2289 1320 2352 Georgium,
1356 2289 1434 2338 uti
1457 2289 1668 2355 saepius,
1705 2296 1883 2338 contra
1901 2299 2080 2340 aucto-

246 2355 447 2404 ritatem
470 2365 756 2406 nostrorum
783 2357 840 2406 V.
859 2359 916 2408 T.
947 2359 1174 2406 codicum
1196 2360 1407 2408 Ezecian
1429 2378 1532 2408 non
1560 2377 1715 2408 annos
1737 2354 1838 2423 κθ·’,
1878 2362 1963 2409 sed
1989 2359 2079 2426 κς’,

250 2431 347 2487 26,
373 2435 659 2490 regnantem
695 2428 882 2477 fecisse.
953 2430 1063 2489 Quo
1092 2447 1220 2479 anno
1245 2431 1435 2495 posito,
1472 2448 1572 2478 una
1598 2431 1815 2479 litterula
1841 2439 2078 2496 mutatur,

247 2497 505 2561 omnisque
534 2499 840 2564 computatio
865 2517 1108 2548 annorum
1130 2502 1440 2566 septuaginta
1462 2501 1625 2549 minus
1651 2501 1887 2565 impedita
1914 2503 2026 2552 erit.

388 2579 456 2628 At
492 2597 603 2644 pag.
638 2586 756 2635 217.
794 2583 1000 2630 Eliacim
1032 2585 1255 2633 succedit
1278 2585 1334 2633 A.
1355 2586 1419 2634 M.
1449 2580 1630 2654 ,δωπγῖ
1679 2585 1851 2635 Video.
1907 2585 2078 2645 Quum

246 2665 368 2696 vero
401 2650 577 2713 Iosias‚
613 2659 756 2716 pater
786 2653 1018 2717 Eliacim,
1060 2655 1112 2704 A.
1152 2656 1218 2704 M.
1255 2655 1393 2709 4880
1427 2663 1653 2703 mortuus
1693 2662 1796 2717 est,
1835 2662 1885 2704 et
1924 2658 2078 2706 frater

248 2719 488 2783 Eliacim,
526 2718 737 2770 Ioachaz
783 2731 881 2769 tres
915 2731 1110 2772 tantum
1152 2742 1339 2771 menses
1365 2726 1616 2787 regnavit,
1655 2742 1850 2773 necesse
1878 2735 1981 2785 est,
2017 2735 2077 2776 ut

248 2788 458 2837 Eliacim
486 2791 657 2838 eodem
690 2809 846 2853 anno,
883 2810 980 2855 quo
1005 2802 1146 2859 pater
1171 2802 1396 2842 mortuus
1424 2803 1523 2856 est,
1561 2795 1594 2842 i.
1617 2811 1658 2844 e.
1684 2795 1741 2845 A.
1766 2796 1831 2844 M.
1859 2796 1998 2851 4880
2019 2798 2075 2846 in

247 2875 455 2922 regnum
495 2862 798 2910 successerit.
872 2863 988 2910 Dele
1025 2864 1177 2927 igitur
1210 2881 1405 2911 mecum
1438 2861 1492 2915 τὸ
1519 2860 1575 2933 γ’,
1613 2873 1662 2912 et
1691 2866 1879 2914 scribe:
1918 2863 2074 2936 finni.

245 2930 373 2978 Nam
398 2930 441 2978 si
461 2930 522 2981 A.
542 2931 608 2980 M.
629 2932 768 2985 4880
789 2932 1009 2997 primum
1037 2933 1246 2983 Eliacim
1267 2936 1623 2998 numeraveriS,
1661 2944 1733 2984 est
1758 2937 1816 2984 A.
1843 2937 1907 2986 M.
1933 2938 2073 2991 4883

244 2998 356 3061 ἔτος
376 3000 604 3068 τέταρτον
627 3002 793 3062 ἕνεςος
813 2998 1046 3068 Ἰωακείμ,
1085 3022 1244 3053 annus
1266 3012 1465 3069 quartus
1490 3005 1735 3070 incipiens
1755 3007 1957 3070 Ioacim,
1996 3009 2073 3055 uti

244 3069 303 3118 in
327 3071 496 3119 eadem
517 3089 626 3136 pag.
645 3077 761 3126 217.
779 3073 852 3121 bis
874 3074 931 3125 A.
960 3083 1008 3122 et
1035 3076 1089 3126 D.
1118 3075 1372 3141 repetitur.
1441 3076 1683 3124 Numerus
1705 3094 1822 3126 vero
1845 3076 1929 3126 ille
1953 3095 1980 3124 a
2002 3079 2071 3125 li-

242 3139 409 3190 brario
442 3150 530 3189 aut
572 3142 689 3189 inde
721 3144 965 3192 collectus
1004 3153 1108 3206 est,
1144 3147 1277 3210 quod
1300 3146 1492 3209 signum
1517 3146 1700 3194 triados
1729 3147 1784 3194 in
1809 3147 1953 3195 lineis
1976 3166 2070 3196 an·-

243 3212 582 3260 tecedentibus
606 3212 766 3261 obiter
787 3213 998 3279 viderat,
1034 3233 1138 3263 non
1159 3216 1572 3277 animadvertens,
1609 3224 1711 3264 tres
1736 3233 1840 3265 esse
1864 3235 2067 3282 menses,

242 3299 349 3331 non
383 3300 566 3344 annos3
603 3290 692 3330 aut
725 3284 887 3348 quod,
923 3284 979 3333 in
1018 3286 1161 3334 lineis
1196 3286 1513 3350 sequentibus
1550 3303 1757 3335 numero
1778 3287 1916 3341 4883
1943 3289 2067 3349 viso,

244 3354 411 3401 animo
429 3353 691 3416 negligenti
718 3371 946 3403 numeros
973 3357 1311 3406 commutavit.
1380 3356 1488 3405 Hoc
1509 3356 1661 3420 igitur
1687 3365 1817 3406 stare
1843 3357 1962 3406 mihi
1982 3358 2067 3407 vi-

242 3422 418 3472 detur:
455 3425 678 3472 Eliacim
709 3423 778 3474 A.
820 3427 893 3473 M.
932 3425 1073 3484 4880
1103 3426 1353 3491 succedit,
1399 3435 1450 3477 et
1481 3437 1698 3494 quartus
1730 3445 1900 3478 annus
1924 3431 2066 3495 regni

243 3494 467 3543 Eliacim
495 3505 565 3545 est
590 3495 657 3549 A.
685 3497 756 3547 M
779 3493 932 3553 4883.
