2112 3854
248 190 372 251 218

397 333 505 371 Anni
526 344 552 369 a
567 344 676 369 mun-

417 392 462 428 di
483 391 657 428 conditu.

464 809 599 862 4821

462 966 603 1017 4822

460 1173 600 1226 4823

460 1246 601 1295 4824

412 1367 414 1370 .
461 1315 599 1366 4825

461 1665 600 1717 4826

458 1736 598 1787 4827

458 1807 598 1858 4828

458 1879 597 1928 4829

455 2031 597 2084 4830

457 2366 594 2418 4831

456 2436 597 2489 4832

458 2509 596 2561 4833

461 2662 601 2713 4834

460 2733 601 2784 4834

459 2803 609 2854 4836·

460 2875 596 2924 4837

813 199 1118 256 GEORGII
1151 198 1498 265 SYNCELLI

741 333 947 369 Medorum

782 390 922 438 Reges.

810 814 878 865 38

810 970 877 1020 39

806 1180 876 1229 40

803 1250 868 1300 41

807 1322 878 1371 42

808 1671 876 1722 43

805 1743 874 1792 44

806 1812 874 1864 45

803 1883 872 1936 46

801 2038 871 2089 47

804 2371 873 2422 48

805 2442 874 2492 49

804 2511 872 2563 50

808 2665 875 2717 51

750 2729 876 2787 ’52

807 2808 874 2858 53

805 2876 875 2927 54

1084 335 1372 372 Chaldaeorum
1391 335 1535 383 Reges.

1340 403 1595 442 Emendatum

1345 462 1593 502 laterculum.

1430 2808 1490 2855 11

1427 2878 1493 2926 12

1635 334 1916 384 Aegyptiorum

1714 394 1858 440 Reges.

1742 1181 1806 1231 10

1741 1253 1804 1302 11

1741 1323 1807 1374 12

1740 1674 1805 1724 13

1738 1746 1805 1794 14

1736 1886 1803 1936 16

1739 2041 1804 2091 17

1739 2369 1805 2418 18

1740 2439 1803 2489 19

1735 2510 1804 2560 20

1734 2667 1799 2716 21

1737 2739 1807 2787 22

1735 2808 1802 2858 23

1735 2878 1806 2927 24

341 2954 473 3004 Medi
509 2955 773 3020 Aphaartis
805 2958 1045 3020 Georgius
1076 2956 1271 3006 Author
1309 2974 1466 3006 unum
1491 2964 1538 3005 et
1572 2956 1923 3021 quinquaginta
1957 2978 2058 3010 nu-

240 3034 397 3076 merat
425 3043 581 3074 annos
610 3028 842 3091 Cyaxaris
885 3032 969 3081 32.
998 3027 1224 3091 Astyagis
1256 3030 1342 3080 38.
1371 3043 1583 3090 quorum
1614 3043 1804 3074 summa
1839 3038 1912 3077 est
1938 3035 2054 3085 121,

241 3099 331 3148 His
358 3098 420 3144 ad
451 3097 604 3151 4837.
639 3098 846 3159 additis,
884 3114 1070 3144 annum
1097 3096 1273 3143 mundi
1296 3098 1449 3150 4958.
1480 3096 1778 3159 assequeris,
1816 3099 1879 3146 ad
1912 3117 2057 3164 quem

241 3168 506 3233 AstyageS,
542 3174 601 3215 ut
640 3166 746 3233 ipse
780 3167 1044 3233 profitetur
1069 3166 1264 3214 Author
1297 3182 1543 3230 nusquam
1575 3167 1831 3230 pervenit:
1868 3186 1895 3216 a
1929 3171 2056 3235 Cyro

241 3239 483 3304 siquidem
520 3254 649 3285 anno
690 3238 868 3284 mundi
893 3239 1045 3290 4951.
1091 3237 1303 3284 obeunte
1333 3237 1590 3284 Medorum
1627 3252 1778 3299 regno
1815 3239 2055 3303 privatus,

242 3310 302 3357 ab
338 3327 393 3357 eo
417 3308 679 3372 regendam
705 3307 1010 3355 Carmaniam
1043 3307 1259 3372 accepit,
1298 3322 1446 3372 quam
1470 3307 1665 3370 quidem
1686 3307 1749 3355 ad
1770 3325 1883 3357 eum
1902 3326 2059 3375 usque

240 3381 535 3441 terminum,
572 3378 705 3443 quod
732 3379 976 3426 incertum
1001 3384 1097 3436 est,
1132 3385 1301 3426 tenere
1327 3376 1516 3442 potuit:
1555 3376 1622 3424 At
1652 3394 1766 3424 cum
1789 3379 1894 3427 eius
1918 3379 2057 3444 regni

243 3451 296 3497 in
331 3451 585 3499 Medorum
613 3448 735 3497 solio
771 3451 853 3502 38.
886 3456 1233 3497 recenseantur
1267 3447 1413 3508 anni,
1451 3454 1500 3494 et
1526 3454 1581 3494 ut
1610 3447 1740 3495 infra
1776 3457 1990 3511 constat,
2029 3467 2057 3495 a

242 3519 523 3585 Niriglesari
544 3537 673 3568 anno
695 3519 843 3567 tertio
876 3519 939 3567 ad
963 3518 1082 3583 Cyri
1107 3517 1348 3584 primum,
1387 3516 1504 3565 anni
1529 3517 1754 3582 Astyagis
1783 3521 2057 3585 septemde-
