2222 3938
49 1037 53 1041 .
259 1047 264 1051 ,
671 981 1392 1037 INBREVIARIUM

88 1118 1949 1195 ‘CHRONOGRAPHICUM

355 1265 914 1346 *S.NICEPHOR1
959 1291 1534 1344 PATRIARCHAE
1571 1291 1676 1341 cr.

821 1446 1227 1486 BREVES

556 1570 1501 1634 ANNOTATIONES.

248 1937 363 2000 Pag·
397 1936 517 1991 395
556 1941 877 2006 Νικηφοροῦ.
888 1937 909 2004 ]
954 1939 1293 2005 Nicephorum
1327 1940 1419 1989 CP.
1447 1938 1567 1988 olim
1605 1938 1943 1988 Patrialcham

107 2007 354 2057 Breviarii
373 2007 521 2056 huius
545 2008 800 2074 Chrouogr
803 2009 970 2075 aphici
991 2011 1251 2060 authorem
1280 2011 1552 2059 communis
1584 2010 1807 2074 agnoscit
1831 2025 1942 2056 sen-

107 2066 296 2127 tentia.
333 2087 392 2126 ut
416 2086 552 2125 extat
574 2087 755 2144 tamen,
794 2089 842 2128 et
863 2082 1090 2129 manibus
1119 2083 1322 2160 teritur,
1362 2098 1476 2129 cum
1501 2080 1832 2144 posteriorum
1853 2079 1940 2125 Ni-

109 2148 327 2228 cephoro
352 2149 777 2213 patriarcharum,
818 2158 867 2198 et
891 2151 1252 2215 Imperatorum
1283 2152 1386 2199 eius
1408 2158 1630 2214 tempore
1653 2151 1940 2213 sequiorum

108 2218 313 2267 nomina
346 2227 396 2267 et
427 2226 606 2267 aetates
626 2228 900 2280 recenseat,
939 2221 1163 2271 Petavius
1201 2222 1328 2268 acris
1354 2221 1435 2268 vir
1464 2220 1641 2268 iudicii
1672 2237 1731 2266 ac
1766 2218 1940 2266 erudi-

107 2290 260 2338 tionis
283 2306 388 2337 non
410 2289 557 2336 tritae
584 2306 895 2338 communem
919 2290 1055 2338 illam
1084 2292 1143 2339 de
1175 2290 1459 2356 Nicephoro
1491 2290 1785 2339 sententiam
1807 2288 1940 2336 scri-

107 2367 305 2426 ptorem
329 2359 546 2407 nominis
571 2360 786 2408 eiusdem
810 2362 1022 2408 alterum
1047 2379 1158 2409 cum
1175 2361 1272 2409 hoc
1299 2361 1603 2409 confundere
1630 2359 1939 2409 subdubitat.

108 2431 292 2480 Verum
320 2447 413 2495 pro
441 2438 725 2495 comparata
745 2431 839 2478 sibi
861 2431 1063 2479 solertia
1079 2469 1093 2493 ,
1131 2438 1182 2479 et
1201 2434 1356 2497 partis
1383 2448 1446 2479 ex
1471 2438 1668 2480 vetusto
1690 2430 1938 2477 librorum

108 2517 206 2549 usu
239 2500 618 2565 experimentis,
654 2501 899 2566 privatam
938 2502 1161 2567 publicae
1197 2518 1473 2566 opponere,
1509 2507 1790 2564 novamque
1822 2499 1937 2564 opi-

76 2566 312 2620 ⁴nionem
351 2570 487 2619 haud
521 2571 666 2619 firmo
717 2571 938 2620 stabilire
983 2572 1306 2620 fundamento
1351 2571 1606 2633 devitans,
1665 2569 1938 2634 Nicephori

108 2649 428 2708 posterorum
449 2641 649 2689 nomina
673 2641 832 2689 aliena
855 2659 1009 2690 manu
1035 2642 1261 2707 apposita
1286 2642 1421 2690 sacili
1447 2658 1690 2690 consensu
1713 2640 1938 2688 admittit

111 2729 196 2773 ea,
237 2728 387 2776 quam
411 2711 681 2777 Nicephori
707 2711 926 2760 eiusdem
947 2713 1183 2761 historiae
1204 2712 1477 2778 praefixam
1514 2712 1706 2773 voluit,
1742 2711 1936 2775 praefa-

108 2782 260 2831 tione.
296 2781 388 2830 Cui
411 2800 514 2830 non
542 2782 764 2830 adhaesit
796 2783 1024 2831 Petavius
1048 2782 1200 2830 dubio
1228 2791 1393 2831 motus
1420 2782 1598 2842 deinde
1620 2782 1827 2830 Vossius
1849 2780 1936 2827 iu-

108 2852 300 2901 niorem
325 2853 572 2917 quendam
604 2851 942 2918 Nicephorum
978 2853 1186 2901 confixit
1214 2854 1275 2902 de
1310 2853 1510 2901 Graecis
1548 2853 1734 2902 Histor.
1763 2850 1852 2899 lib.
1882 2855 1929 2902 2.

111 2940 220 2988 cap.
243 2924 330 2977 25.
361 2923 443 2971 cui
468 2923 532 2971 ad
557 2922 789 2971 Photium
813 2924 987 2987 ignatii
1008 2940 1345 2972 successorem
1373 2923 1751 2986 Chronolofriam
1792 2936 1929 2968 suam

75 2999 79 3002 ’
111 2994 357 3041 deducere
377 2994 645 3058 placuerit:
683 3010 853 3043 verum
879 3011 976 3058 quo
995 3002 1122 3042 teste
1143 2995 1226 3043 vel
1262 2993 1494 3055 authore,
1531 2994 1614 3043 vel
1646 2992 1786 3041 cuius
1822 2991 1933 3054 syl-

110 3080 204 3112 vae
235 3062 368 3126 ligno
397 3064 698 3113 Mercurium
722 3065 876 3112 istum
914 3065 1195 3129 exsculpat,
1232 3081 1334 3112 non
1370 3065 1546 3130 aperit.
1620 3065 1730 3109 Stat
1762 3061 1932 3124 itaque

76 3134 78 3136 ’
113 3140 362 3194 constans,
381 3141 429 3180 et
442 3135 574 3199 apud
588 3151 666 3182 me
680 3135 1171 3200 perseveratimmota
1186 3134 1405 3199 vulgaris
1427 3133 1612 3200 opinio,
1635 3148 1755 3196 quae
1768 3128 1930 3178 Chro-

112 3203 414 3268 nographiae
442 3204 587 3253 istius
622 3206 774 3253 alium
799 3222 827 3252 a
846 3203 1127 3270 Nicephoro
1155 3204 1439 3253 Patriarcha
1478 3200 1930 3265 Constantinopoli-

111 3281 233 3321 tano
272 3272 532 3322 authorem
566 3292 671 3323 non
708 3275 981 3324 admissura
1018 3275 1097 3323 his
1132 3275 1409 3324 rationibus
1448 3273 1696 3323 innititul.
1743 3275 1789 3323 1.
1825 3272 1929 3319 Pa·-

111 3343 348 3391 triarchis
374 3350 424 3391 et
449 3345 608 3410 Impp.
629 3346 854 3410 pristinis
883 3345 1074 3395 adiecta
1096 3345 1298 3394 nomina
1333 3343 1653 3410 posteriorem
1678 3358 1781 3388 non
1806 3357 1930 3388 con-

113 3413 328 3462 vincunt
361 3415 524 3478 operis
557 3416 710 3464 totius
730 3415 1027 3478 authorem,
1071 3416 1160 3465 sed
1198 3416 1467 3464 deductum
1508 3420 1557 3459 et
1587 3411 1930 3459 continuatum

114 3484 168 3531 in
201 3492 399 3550 tempus
436 3485 631 3550 sequius
669 3487 852 3552 prioris
891 3488 1057 3553 operis
1086 3502 1246 3537 usum.
1283 3491 1332 3539 2.
1368 3482 1621 3532 Praefixus
1641 3482 1779 3548 operi
1805 3481 1928 3529 titu-

1977 1003 2028 1047 P.
2053 1001 2111 1046 84

1967 1060 2021 1104 V.
2049 1060 2133 1107 77.-
