<?xml version="1.0" encoding="UTF-8"?>
<!DOCTYPE html PUBLIC "-//W3C//DTD XHTML 1.0 Transitional//EN"
    "http://www.w3.org/TR/xhtml1/DTD/xhtml1-transitional.dtd">
<html xmlns="http://www.w3.org/1999/xhtml" xml:lang="en" lang="en">
 <head>
  <title>
</title>
<meta http-equiv="Content-Type" content="text/html;charset=utf-8" />
  <meta name='ocr-system' content='tesseract 3.04.00' />
  <meta name='ocr-capabilities' content='ocr_page ocr_carea ocr_par ocr_line ocrx_word'/>
</head>
<body>
  <div class='ocr_page' id='page_1' title='image "./corpusscriptorum21niebuoft_0047.png"; bbox 0 0 2112 3854; ppageno 0'>
   <div class='ocr_carea' id='block_1_1' title="bbox 804 146 1959 205">
    <p class='ocr_par' dir='ltr' id='par_1_1' title="bbox 804 146 1959 205">
     <span class='ocr_line' id='line_1_1' title="bbox 804 146 1959 205; baseline 0.003 -5"><span class='ocrx_word' id='word_1_1' title='bbox 804 147 1303 205; x_wconf 87' lang='lat' dir='ltr'><strong>DISSERTATIO.</strong></span> <span class='ocrx_word' id='word_1_2' title='bbox 1450 146 1458 152; x_wconf 80' lang='grc'><strong>’</strong></span> <span class='ocrx_word' id='word_1_3' title='bbox 1877 146 1959 203; x_wconf 84' lang='grc'><strong>37</strong></span> 
     </span>
    </p>
   </div>
   <div class='ocr_carea' id='block_1_2' title="bbox 119 275 2021 3088">
    <p class='ocr_par' dir='ltr' id='par_1_2' title="bbox 121 275 1960 1260">
     <span class='ocr_line' id='line_1_2' title="bbox 142 275 1960 348; baseline 0.003 -23"><span class='ocrx_word' id='word_1_4' title='bbox 142 275 444 340; x_wconf 85' lang='lat' dir='ltr'><strong>descendit‚&#39;’</strong></span> <span class='ocrx_word' id='word_1_5' title='bbox 471 293 568 341; x_wconf 92' lang='lat' dir='ltr'><strong>quo</strong></span> <span class='ocrx_word' id='word_1_6' title='bbox 594 277 646 324; x_wconf 92' lang='lat' dir='ltr'><strong>in</strong></span> <span class='ocrx_word' id='word_1_7' title='bbox 660 277 771 326; x_wconf 89' lang='lat' dir='ltr'><strong>loco</strong></span> <span class='ocrx_word' id='word_1_8' title='bbox 799 275 904 329; x_wconf 71' lang='grc' dir='ltr'><strong>οἷό</strong></span> <span class='ocrx_word' id='word_1_9' title='bbox 929 276 1041 330; x_wconf 82' lang='grc' dir='ltr'><strong>ἰδοῦ</strong></span> <span class='ocrx_word' id='word_1_10' title='bbox 1069 276 1350 348; x_wconf 66' lang='grc' dir='ltr'><em>ἅγγελος,</em></span> <span class='ocrx_word' id='word_1_11' title='bbox 1374 279 1536 344; x_wconf 89' lang='lat' dir='ltr'><strong>aquila</strong></span> <span class='ocrx_word' id='word_1_12' title='bbox 1554 286 1603 328; x_wconf 91' lang='lat' dir='ltr'><strong>et</strong></span> <span class='ocrx_word' id='word_1_13' title='bbox 1631 279 1960 344; x_wconf 72' lang='lat' dir='ltr'><strong>symmachus,</strong></span> 
     </span>
     <span class='ocr_line' id='line_1_3' title="bbox 139 342 1960 415; baseline 0.002 -18"><span class='ocrx_word' id='word_1_14' title='bbox 139 343 255 397; x_wconf 67' lang='grc' dir='ltr'><em>ἰδοῦ</em></span> <span class='ocrx_word' id='word_1_15' title='bbox 282 342 433 413; x_wconf 79' lang='grc' dir='ltr'><em>ἐγρή</em></span> <span class='ocrx_word' id='word_1_16' title='bbox 446 366 630 413; x_wconf 85' lang='grc' dir='ltr'><em>γορος</em></span> <span class='ocrx_word' id='word_1_17' title='bbox 654 356 939 412; x_wconf 83' lang='lat' dir='ltr'><strong>verterunt:</strong></span> <span class='ocrx_word' id='word_1_18' title='bbox 977 349 1167 415; x_wconf 90' lang='lat' dir='ltr'><strong>hosque</strong></span> <span class='ocrx_word' id='word_1_19' title='bbox 1189 352 1474 415; x_wconf 87' lang='lat' dir='ltr'><strong>Egregoros‚</strong></span> <span class='ocrx_word' id='word_1_20' title='bbox 1507 350 1594 414; x_wconf 91' lang='lat' dir='ltr'><strong>qui</strong></span> <span class='ocrx_word' id='word_1_21' title='bbox 1618 349 1679 398; x_wconf 90' lang='lat' dir='ltr'><strong>de</strong></span> <span class='ocrx_word' id='word_1_22' title='bbox 1703 351 1840 400; x_wconf 92' lang='lat' dir='ltr'><strong>coelo</strong></span> <span class='ocrx_word' id='word_1_23' title='bbox 1867 352 1960 400; x_wconf 89' lang='lat' dir='ltr'><strong>de-</strong></span> 
     </span>
     <span class='ocr_line' id='line_1_4' title="bbox 136 417 1957 485; baseline 0.004 -21"><span class='ocrx_word' id='word_1_24' title='bbox 136 417 445 479; x_wconf 86' lang='lat' dir='ltr'><strong>scenderant,</strong></span> <span class='ocrx_word' id='word_1_25' title='bbox 465 417 659 466; x_wconf 87' lang='lat' dir='ltr'><strong>eosdem</strong></span> <span class='ocrx_word' id='word_1_26' title='bbox 682 435 785 466; x_wconf 91' lang='lat' dir='ltr'><strong>esse</strong></span> <span class='ocrx_word' id='word_1_27' title='bbox 799 426 1115 484; x_wconf 82' lang='lat' dir='ltr'><strong>putaverunt,</strong></span> <span class='ocrx_word' id='word_1_28' title='bbox 1133 421 1218 485; x_wconf 88' lang='lat' dir='ltr'><strong>qui</strong></span> <span class='ocrx_word' id='word_1_29' title='bbox 1233 422 1406 470; x_wconf 90' lang='lat' dir='ltr'><strong>Genes.</strong></span> <span class='ocrx_word' id='word_1_30' title='bbox 1435 438 1541 485; x_wconf 89' lang='lat' dir='ltr'><strong>cap.</strong></span> <span class='ocrx_word' id='word_1_31' title='bbox 1557 424 1607 474; x_wconf 88' lang='grc'><strong>6.</strong></span> <span class='ocrx_word' id='word_1_32' title='bbox 1632 437 1760 470; x_wconf 81' lang='lat' dir='ltr'><strong>vers,</strong></span> <span class='ocrx_word' id='word_1_33' title='bbox 1785 427 1821 475; x_wconf 81' lang='grc'>2</span> <span class='ocrx_word' id='word_1_34' title='bbox 1843 429 1891 470; x_wconf 87' lang='lat' dir='ltr'><strong>et</strong></span> <span class='ocrx_word' id='word_1_35' title='bbox 1908 421 1957 475; x_wconf 88' lang='grc'><strong>4.</strong></span> 
     </span>
     <span class='ocr_line' id='line_1_5' title="bbox 121 487 1957 552; baseline 0.004 -19"><span class='ocrx_word' id='word_1_36' title='bbox 121 487 239 552; x_wconf 71' lang='lat' dir='ltr'><strong>filii</strong></span> <span class='ocrx_word' id='word_1_37' title='bbox 262 489 367 534; x_wconf 80' lang='lat' dir='ltr'><strong>Dei</strong></span> <span class='ocrx_word' id='word_1_38' title='bbox 378 488 543 536; x_wconf 86' lang='lat' dir='ltr'><strong>vocati</strong></span> <span class='ocrx_word' id='word_1_39' title='bbox 557 488 671 538; x_wconf 88' lang='lat' dir='ltr'><strong>sint.</strong></span> <span class='ocrx_word' id='word_1_40' title='bbox 709 489 812 537; x_wconf 91' lang='lat' dir='ltr'><strong>Hos</strong></span> <span class='ocrx_word' id='word_1_41' title='bbox 835 489 1032 537; x_wconf 86' lang='lat' dir='ltr'><strong>enimin</strong></span> <span class='ocrx_word' id='word_1_42' title='bbox 1054 498 1236 538; x_wconf 87' lang='lat' dir='ltr'><strong>terram</strong></span> <span class='ocrx_word' id='word_1_43' title='bbox 1259 491 1566 540; x_wconf 80' lang='lat' dir='ltr'><strong>descendisse</strong></span> <span class='ocrx_word' id='word_1_44' title='bbox 1587 507 1838 539; x_wconf 86' lang='lat' dir='ltr'><strong>necessum</strong></span> <span class='ocrx_word' id='word_1_45' title='bbox 1855 509 1957 541; x_wconf 83' lang='lat' dir='ltr'><strong>esse</strong></span> 
     </span>
     <span class='ocr_line' id='line_1_6' title="bbox 133 556 1955 624; baseline 0.003 -20"><span class='ocrx_word' id='word_1_46' title='bbox 133 556 423 619; x_wconf 85' lang='lat' dir='ltr'><strong>videbatur,</strong></span> <span class='ocrx_word' id='word_1_47' title='bbox 462 574 615 622; x_wconf 89' lang='lat' dir='ltr'><strong>quum</strong></span> <span class='ocrx_word' id='word_1_48' title='bbox 638 559 730 606; x_wconf 86' lang='lat' dir='ltr'><strong>filii</strong></span> <span class='ocrx_word' id='word_1_49' title='bbox 759 560 861 620; x_wconf 89' lang='lat' dir='ltr'><strong>Dei,</strong></span> <span class='ocrx_word' id='word_1_50' title='bbox 898 559 932 607; x_wconf 90' lang='lat' dir='ltr'><strong>i.</strong></span> <span class='ocrx_word' id='word_1_51' title='bbox 953 577 994 609; x_wconf 91' lang='lat' dir='ltr'><strong>e.</strong></span> <span class='ocrx_word' id='word_1_52' title='bbox 1023 561 1197 624; x_wconf 83' lang='lat' dir='ltr'><strong>angeli,</strong></span> <span class='ocrx_word' id='word_1_53' title='bbox 1223 563 1277 609; x_wconf 90' lang='lat' dir='ltr'><strong>in</strong></span> <span class='ocrx_word' id='word_1_54' title='bbox 1300 563 1436 610; x_wconf 92' lang='lat' dir='ltr'><strong>coelo</strong></span> <span class='ocrx_word' id='word_1_55' title='bbox 1460 561 1736 610; x_wconf 79' lang='lat' dir='ltr'><strong>habitantes</strong></span> <span class='ocrx_word' id='word_1_56' title='bbox 1761 561 1955 610; x_wconf 91' lang='lat' dir='ltr'><strong>filiabus</strong></span> 
     </span>
     <span class='ocr_line' id='line_1_7' title="bbox 134 626 1956 697; baseline 0.003 -23"><span class='ocrx_word' id='word_1_57' title='bbox 134 626 396 675; x_wconf 84' lang='lat' dir='ltr'><strong>hominum</strong></span> <span class='ocrx_word' id='word_1_58' title='bbox 433 645 486 675; x_wconf 90' lang='lat' dir='ltr'><strong>se</strong></span> <span class='ocrx_word' id='word_1_59' title='bbox 508 629 924 683; x_wconf 81' lang='lat' dir='ltr'><strong>commiscuerint.</strong></span> <span class='ocrx_word' id='word_1_60' title='bbox 963 660 1018 666; x_wconf 97' lang='lat'><strong>—</strong></span> <span class='ocrx_word' id='word_1_61' title='bbox 1060 631 1182 678; x_wconf 89' lang='lat' dir='ltr'><strong>Nam</strong></span> <span class='ocrx_word' id='word_1_62' title='bbox 1220 632 1450 682; x_wconf 88' lang='lat' dir='ltr'><strong>doctores</strong></span> <span class='ocrx_word' id='word_1_63' title='bbox 1484 648 1680 697; x_wconf 88' lang='lat' dir='ltr'><strong>quoque</strong></span> <span class='ocrx_word' id='word_1_64' title='bbox 1723 631 1956 680; x_wconf 87' lang='lat' dir='ltr'><strong>Hebraici</strong></span> 
     </span>
     <span class='ocr_line' id='line_1_8' title="bbox 134 698 1956 766; baseline 0.002 -20"><span class='ocrx_word' id='word_1_65' title='bbox 134 698 343 746; x_wconf 83' lang='lat' dir='ltr'><strong>sensisse</strong></span> <span class='ocrx_word' id='word_1_66' title='bbox 368 698 616 760; x_wconf 85' lang='lat' dir='ltr'><strong>videntur,</strong></span> <span class='ocrx_word' id='word_1_67' title='bbox 644 717 799 763; x_wconf 85' lang='lat' dir='ltr'><strong>pauca</strong></span> <span class='ocrx_word' id='word_1_68' title='bbox 836 700 924 747; x_wconf 89' lang='lat' dir='ltr'><strong>illa</strong></span> <span class='ocrx_word' id='word_1_69' title='bbox 950 700 1100 749; x_wconf 88' lang='lat' dir='ltr'><strong>verba</strong></span> <span class='ocrx_word' id='word_1_70' title='bbox 1126 702 1368 751; x_wconf 87' lang='lat' dir='ltr'><strong>Geneseos</strong></span> <span class='ocrx_word' id='word_1_71' title='bbox 1393 707 1442 757; x_wconf 92' lang='lat'><strong>6.</strong></span> <span class='ocrx_word' id='word_1_72' title='bbox 1468 708 1503 757; x_wconf 83' lang='lat'><strong>2</strong></span> <span class='ocrx_word' id='word_1_73' title='bbox 1524 709 1574 750; x_wconf 86' lang='lat' dir='ltr'><strong>et</strong></span> <span class='ocrx_word' id='word_1_74' title='bbox 1599 702 1647 756; x_wconf 84' lang='lat'><strong>4.</strong></span> <span class='ocrx_word' id='word_1_75' title='bbox 1683 702 1956 766; x_wconf 86' lang='lat' dir='ltr'><strong>fragmenta</strong></span> 
     </span>
     <span class='ocr_line' id='line_1_9' title="bbox 130 769 1954 837; baseline 0.003 -23"><span class='ocrx_word' id='word_1_76' title='bbox 130 775 338 815; x_wconf 84' lang='lat' dir='ltr'><strong>tantum.</strong></span> <span class='ocrx_word' id='word_1_77' title='bbox 365 769 618 833; x_wconf 89' lang='lat' dir='ltr'><strong>amplioris</strong></span> <span class='ocrx_word' id='word_1_78' title='bbox 666 769 830 835; x_wconf 76' lang='lat' dir='ltr'><strong>mythi</strong></span> <span class='ocrx_word' id='word_1_79' title='bbox 865 786 980 821; x_wconf 90' lang='lat' dir='ltr'><strong>esse.</strong></span> <span class='ocrx_word' id='word_1_80' title='bbox 1065 771 1230 831; x_wconf 87' lang='lat' dir='ltr'><strong>Quum</strong></span> <span class='ocrx_word' id='word_1_81' title='bbox 1269 789 1388 820; x_wconf 88' lang='lat' dir='ltr'><strong>vero</strong></span> <span class='ocrx_word' id='word_1_82' title='bbox 1426 771 1626 837; x_wconf 84' lang='lat' dir='ltr'><strong>mythus</strong></span> <span class='ocrx_word' id='word_1_83' title='bbox 1659 788 1684 819; x_wconf 89' lang='lat' dir='ltr'><strong>e</strong></span> <span class='ocrx_word' id='word_1_84' title='bbox 1716 771 1954 820; x_wconf 91' lang='lat' dir='ltr'><strong>memoria</strong></span> 
     </span>
     <span class='ocr_line' id='line_1_10' title="bbox 128 837 1957 906; baseline 0.002 -20"><span class='ocrx_word' id='word_1_85' title='bbox 128 837 390 887; x_wconf 87' lang='lat' dir='ltr'><strong>hominum</strong></span> <span class='ocrx_word' id='word_1_86' title='bbox 411 839 616 887; x_wconf 89' lang='lat' dir='ltr'><strong>amissus</strong></span> <span class='ocrx_word' id='word_1_87' title='bbox 641 849 794 902; x_wconf 90' lang='lat' dir='ltr'><strong>esset,</strong></span> <span class='ocrx_word' id='word_1_88' title='bbox 832 841 1139 889; x_wconf 85' lang='lat' dir='ltr'><strong>coniecturas</strong></span> <span class='ocrx_word' id='word_1_89' title='bbox 1157 849 1489 904; x_wconf 83' lang='lat' dir='ltr'><strong>tentaverunt,</strong></span> <span class='ocrx_word' id='word_1_90' title='bbox 1515 842 1694 906; x_wconf 90' lang='lat' dir='ltr'><strong>quibus</strong></span> <span class='ocrx_word' id='word_1_91' title='bbox 1718 860 1821 890; x_wconf 90' lang='lat' dir='ltr'><strong>non</strong></span> <span class='ocrx_word' id='word_1_92' title='bbox 1848 842 1957 890; x_wconf 88' lang='lat' dir='ltr'><strong>sine</strong></span> 
     </span>
     <span class='ocr_line' id='line_1_11' title="bbox 129 908 1957 977; baseline 0.002 -21"><span class='ocrx_word' id='word_1_93' title='bbox 129 908 476 958; x_wconf 75' lang='lat' dir='ltr'><strong>additamentis</strong></span> <span class='ocrx_word' id='word_1_94' title='bbox 513 918 787 974; x_wconf 87' lang='lat' dir='ltr'><strong>ornatuque</strong></span> <span class='ocrx_word' id='word_1_95' title='bbox 821 913 977 959; x_wconf 89' lang='lat' dir='ltr'><strong>famae</strong></span> <span class='ocrx_word' id='word_1_96' title='bbox 1022 912 1302 977; x_wconf 80' lang='lat' dir='ltr'><strong>posteritati</strong></span> <span class='ocrx_word' id='word_1_97' title='bbox 1337 912 1537 961; x_wconf 88' lang='lat' dir='ltr'><strong>traditis</strong></span> <span class='ocrx_word' id='word_1_98' title='bbox 1561 913 1799 977; x_wconf 90' lang='lat' dir='ltr'><strong>paulatim</strong></span> <span class='ocrx_word' id='word_1_99' title='bbox 1832 912 1957 960; x_wconf 87' lang='lat' dir='ltr'><strong>fides</strong></span> 
     </span>
     <span class='ocr_line' id='line_1_12' title="bbox 127 980 1956 1046; baseline 0.002 -19"><span class='ocrx_word' id='word_1_100' title='bbox 127 986 366 1044; x_wconf 84' lang='lat' dir='ltr'><strong>tanquam</strong></span> <span class='ocrx_word' id='word_1_101' title='bbox 416 980 783 1030; x_wconf 84' lang='lat' dir='ltr'><strong>narrationibus</strong></span> <span class='ocrx_word' id='word_1_102' title='bbox 818 981 1017 1030; x_wconf 86' lang='lat' dir='ltr'><strong>biblicis</strong></span> <span class='ocrx_word' id='word_1_103' title='bbox 1056 982 1170 1030; x_wconf 90' lang='lat' dir='ltr'><strong>data</strong></span> <span class='ocrx_word' id='word_1_104' title='bbox 1211 990 1311 1042; x_wconf 79' lang='lat' dir='ltr'><strong>est,</strong></span> <span class='ocrx_word' id='word_1_105' title='bbox 1347 990 1405 1030; x_wconf 91' lang='lat' dir='ltr'><strong>ut</strong></span> <span class='ocrx_word' id='word_1_106' title='bbox 1428 982 1665 1046; x_wconf 87' lang='lat' dir='ltr'><strong>denique,</strong></span> <span class='ocrx_word' id='word_1_107' title='bbox 1703 984 1870 1031; x_wconf 85' lang='lat' dir='ltr'><strong>forsan</strong></span> <span class='ocrx_word' id='word_1_108' title='bbox 1902 982 1956 1030; x_wconf 89' lang='lat' dir='ltr'><strong>in</strong></span> 
     </span>
     <span class='ocr_line' id='line_1_13' title="bbox 128 1050 1952 1117; baseline 0.001 -19"><span class='ocrx_word' id='word_1_109' title='bbox 128 1050 325 1099; x_wconf 84' lang='lat' dir='ltr'><strong>saeculo</strong></span> <span class='ocrx_word' id='word_1_110' title='bbox 373 1050 795 1114; x_wconf 85' lang='lat' dir='ltr'><strong>Ptolemaeorum,</strong></span> <span class='ocrx_word' id='word_1_111' title='bbox 842 1052 1117 1101; x_wconf 84' lang='lat' dir='ltr'><strong>Hellenista</strong></span> <span class='ocrx_word' id='word_1_112' title='bbox 1158 1053 1360 1117; x_wconf 89' lang='lat' dir='ltr'><strong>quidam</strong></span> <span class='ocrx_word' id='word_1_113' title='bbox 1390 1052 1602 1100; x_wconf 90' lang='lat' dir='ltr'><strong>Iudaeus</strong></span> <span class='ocrx_word' id='word_1_114' title='bbox 1642 1053 1952 1100; x_wconf 89' lang='lat' dir='ltr'><strong>coniecturas</strong></span> 
     </span>
     <span class='ocr_line' id='line_1_14' title="bbox 125 1119 1952 1188; baseline 0.002 -21"><span class='ocrx_word' id='word_1_115' title='bbox 125 1119 236 1168; x_wconf 90' lang='lat' dir='ltr'><strong>illas</strong></span> <span class='ocrx_word' id='word_1_116' title='bbox 276 1121 599 1186; x_wconf 87' lang='lat' dir='ltr'><strong>amplificatas</strong></span> <span class='ocrx_word' id='word_1_117' title='bbox 632 1131 780 1188; x_wconf 88' lang='lat' dir='ltr'><strong>atque</strong></span> <span class='ocrx_word' id='word_1_118' title='bbox 818 1130 1109 1185; x_wconf 86' lang='lat' dir='ltr'><strong>exornatas,</strong></span> <span class='ocrx_word' id='word_1_119' title='bbox 1155 1131 1212 1170; x_wconf 87' lang='lat' dir='ltr'><strong>ut</strong></span> <span class='ocrx_word' id='word_1_120' title='bbox 1246 1123 1515 1188; x_wconf 88' lang='lat' dir='ltr'><strong>prophetae</strong></span> <span class='ocrx_word' id='word_1_121' title='bbox 1550 1122 1754 1171; x_wconf 87' lang='lat' dir='ltr'><strong>Enocho</strong></span> <span class='ocrx_word' id='word_1_122' title='bbox 1789 1140 1817 1170; x_wconf 92' lang='lat' dir='ltr'><strong>a</strong></span> <span class='ocrx_word' id='word_1_123' title='bbox 1853 1124 1952 1171; x_wconf 88' lang='lat' dir='ltr'><strong>Deo</strong></span> 
     </span>
     <span class='ocr_line' id='line_1_15' title="bbox 125 1191 1954 1260; baseline 0.001 -22"><span class='ocrx_word' id='word_1_124' title='bbox 125 1191 390 1254; x_wconf 88' lang='lat' dir='ltr'><strong>revelatas,</strong></span> <span class='ocrx_word' id='word_1_125' title='bbox 429 1191 570 1240; x_wconf 90' lang='lat' dir='ltr'><strong>edere</strong></span> <span class='ocrx_word' id='word_1_126' title='bbox 593 1202 761 1257; x_wconf 89' lang='lat' dir='ltr'><strong>posset</strong></span> <span class='ocrx_word' id='word_1_127' title='bbox 788 1191 873 1260; x_wconf 81' lang='grc'><strong>15).</strong></span> <span class='ocrx_word' id='word_1_128' title='bbox 943 1194 1068 1241; x_wconf 91' lang='lat' dir='ltr'><strong>Nam</strong></span> <span class='ocrx_word' id='word_1_129' title='bbox 1092 1193 1319 1242; x_wconf 85' lang='lat' dir='ltr'><strong>hebraice</strong></span> <span class='ocrx_word' id='word_1_130' title='bbox 1341 1193 1479 1241; x_wconf 91' lang='lat' dir='ltr'><strong>hunc</strong></span> <span class='ocrx_word' id='word_1_131' title='bbox 1500 1192 1685 1241; x_wconf 90' lang='lat' dir='ltr'><strong>librum</strong></span> <span class='ocrx_word' id='word_1_132' title='bbox 1710 1192 1954 1258; x_wconf 89' lang='lat' dir='ltr'><strong>scriptum</strong></span> 
     </span>
    </p>

    <p class='ocr_par' dir='ltr' id='par_1_3' title="bbox 119 1260 2021 3088">
     <span class='ocr_line' id='line_1_16' title="bbox 125 1260 2021 1328; baseline 0.001 -19"><span class='ocrx_word' id='word_1_133' title='bbox 125 1260 311 1324; x_wconf 88' lang='lat' dir='ltr'><strong>fuisse,</strong></span> <span class='ocrx_word' id='word_1_134' title='bbox 334 1262 528 1310; x_wconf 85' lang='lat' dir='ltr'><strong>nullibi</strong></span> <span class='ocrx_word' id='word_1_135' title='bbox 549 1263 785 1326; x_wconf 88' lang='lat' dir='ltr'><strong>legimus,</strong></span> <span class='ocrx_word' id='word_1_136' title='bbox 820 1280 976 1328; x_wconf 88' lang='lat' dir='ltr'><strong>neque</strong></span> <span class='ocrx_word' id='word_1_137' title='bbox 995 1264 1048 1310; x_wconf 90' lang='lat' dir='ltr'><strong>in</strong></span> <span class='ocrx_word' id='word_1_138' title='bbox 1069 1264 1356 1328; x_wconf 85' lang='lat' dir='ltr'><strong>fragmentis</strong></span> <span class='ocrx_word' id='word_1_139' title='bbox 1391 1263 1655 1327; x_wconf 87' lang='lat' dir='ltr'><strong>vestigium</strong></span> <span class='ocrx_word' id='word_1_140' title='bbox 1683 1263 1952 1328; x_wconf 87' lang='lat' dir='ltr'><strong>deprendi-</strong></span> <span class='ocrx_word' id='word_1_141' title='bbox 2019 1263 2021 1265; x_wconf 69' lang='grc'><strong>’</strong></span> 
     </span>
     <span class='ocr_line' id='line_1_17' title="bbox 125 1333 1955 1399; baseline 0.001 -20"><span class='ocrx_word' id='word_1_142' title='bbox 125 1339 238 1391; x_wconf 81' lang='lat' dir='ltr'><strong>tur,</strong></span> <span class='ocrx_word' id='word_1_143' title='bbox 278 1349 376 1397; x_wconf 91' lang='lat' dir='ltr'><strong>quo</strong></span> <span class='ocrx_word' id='word_1_144' title='bbox 409 1333 684 1382; x_wconf 89' lang='lat' dir='ltr'><strong>versionem</strong></span> <span class='ocrx_word' id='word_1_145' title='bbox 724 1351 827 1382; x_wconf 88' lang='lat' dir='ltr'><strong>esse</strong></span> <span class='ocrx_word' id='word_1_146' title='bbox 872 1334 1184 1399; x_wconf 88' lang='lat' dir='ltr'><strong>comprobari</strong></span> <span class='ocrx_word' id='word_1_147' title='bbox 1227 1334 1406 1399; x_wconf 83' lang='lat' dir='ltr'><strong>possit:</strong></span> <span class='ocrx_word' id='word_1_148' title='bbox 1443 1334 1494 1381; x_wconf 87' lang='lat' dir='ltr'><strong>id</strong></span> <span class='ocrx_word' id='word_1_149' title='bbox 1524 1351 1646 1383; x_wconf 87' lang='lat' dir='ltr'><strong>vero</strong></span> <span class='ocrx_word' id='word_1_150' title='bbox 1668 1350 1694 1381; x_wconf 94' lang='lat' dir='ltr'><strong>e</strong></span> <span class='ocrx_word' id='word_1_151' title='bbox 1714 1333 1830 1381; x_wconf 88' lang='lat' dir='ltr'><strong>stilo</strong></span> <span class='ocrx_word' id='word_1_152' title='bbox 1857 1351 1955 1398; x_wconf 90' lang='lat' dir='ltr'><strong>ap-</strong></span> 
     </span>
     <span class='ocr_line' id='line_1_18' title="bbox 124 1403 1967 1474; baseline 0.001 -25"><span class='ocrx_word' id='word_1_153' title='bbox 124 1410 294 1467; x_wconf 87' lang='lat' dir='ltr'><strong>paret,</strong></span> <span class='ocrx_word' id='word_1_154' title='bbox 333 1410 586 1451; x_wconf 85' lang='lat' dir='ltr'><strong>auctorem</strong></span> <span class='ocrx_word' id='word_1_155' title='bbox 637 1404 758 1453; x_wconf 88' lang='lat' dir='ltr'><strong>libri</strong></span> <span class='ocrx_word' id='word_1_156' title='bbox 795 1403 1047 1453; x_wconf 75' lang='lat' dir='ltr'><strong>Iudaeum</strong></span> <span class='ocrx_word' id='word_1_157' title='bbox 1088 1405 1263 1465; x_wconf 86' lang='lat' dir='ltr'><strong>fuisse,</strong></span> <span class='ocrx_word' id='word_1_158' title='bbox 1302 1405 1386 1469; x_wconf 88' lang='lat' dir='ltr'><strong>qui</strong></span> <span class='ocrx_word' id='word_1_159' title='bbox 1418 1421 1642 1467; x_wconf 85' lang='lat' dir='ltr'><strong>graecam</strong></span> <span class='ocrx_word' id='word_1_160' title='bbox 1676 1404 1967 1474; x_wconf 79' lang='lat' dir='ltr'><strong>versionem¹</strong></span> 
     </span>
     <span class='ocr_line' id='line_1_19' title="bbox 124 1471 1955 1538; baseline -0.001 -16"><span class='ocrx_word' id='word_1_161' title='bbox 124 1471 184 1522; x_wconf 90' lang='lat' dir='ltr'><strong>V.</strong></span> <span class='ocrx_word' id='word_1_162' title='bbox 222 1473 276 1522; x_wconf 90' lang='grc' dir='ltr'><strong>Τ.</strong></span> <span class='ocrx_word' id='word_1_163' title='bbox 311 1473 511 1536; x_wconf 86' lang='lat' dir='ltr'><strong>legerit,</strong></span> <span class='ocrx_word' id='word_1_164' title='bbox 546 1490 675 1538; x_wconf 74' lang='lat' dir='ltr'><strong>ergo,</strong></span> <span class='ocrx_word' id='word_1_165' title='bbox 700 1475 936 1524; x_wconf 89' lang='lat' dir='ltr'><strong>Iudaeum</strong></span> <span class='ocrx_word' id='word_1_166' title='bbox 974 1476 1325 1523; x_wconf 76' lang='lat' dir='ltr'><strong>Hellenistam.</strong></span> <span class='ocrx_word' id='word_1_167' title='bbox 1373 1501 1441 1511; x_wconf 97' lang='lat'>—</span> <span class='ocrx_word' id='word_1_168' title='bbox 1487 1475 1631 1523; x_wconf 80' lang='lat' dir='ltr'><strong>Dixi:</strong></span> <span class='ocrx_word' id='word_1_169' title='bbox 1674 1476 1858 1535; x_wconf 77' lang='lat' dir='ltr'><strong>forsan</strong></span> <span class='ocrx_word' id='word_1_170' title='bbox 1898 1476 1955 1521; x_wconf 80' lang='lat' dir='ltr'><strong>in</strong></span> 
     </span>
     <span class='ocr_line' id='line_1_20' title="bbox 122 1543 1953 1609; baseline 0.001 -20"><span class='ocrx_word' id='word_1_171' title='bbox 122 1543 326 1590; x_wconf 76' lang='lat' dir='ltr'><strong>saeculo</strong></span> <span class='ocrx_word' id='word_1_172' title='bbox 361 1546 760 1593; x_wconf 82' lang='lat' dir='ltr'><strong>Ptolemaeorum</strong></span> <span class='ocrx_word' id='word_1_173' title='bbox 781 1545 816 1594; x_wconf 91' lang='lat' dir='ltr'><strong>i.</strong></span> <span class='ocrx_word' id='word_1_174' title='bbox 850 1561 891 1593; x_wconf 91' lang='lat' dir='ltr'><strong>e.</strong></span> <span class='ocrx_word' id='word_1_175' title='bbox 917 1545 1308 1593; x_wconf 88' lang='lat' dir='ltr'><strong>Ptolemaeorum</strong></span> <span class='ocrx_word' id='word_1_176' title='bbox 1343 1543 1588 1609; x_wconf 88' lang='lat' dir='ltr'><strong>priorum,</strong></span> <span class='ocrx_word' id='word_1_177' title='bbox 1626 1543 1953 1608; x_wconf 81' lang='lat' dir='ltr'><strong>Philadelphi,</strong></span> 
     </span>
     <span class='ocr_line' id='line_1_21' title="bbox 121 1612 1953 1680; baseline 0 -19"><span class='ocrx_word' id='word_1_178' title='bbox 121 1612 407 1678; x_wconf 88' lang='lat' dir='ltr'><strong>Euergetis,</strong></span> <span class='ocrx_word' id='word_1_179' title='bbox 447 1613 759 1680; x_wconf 89' lang='lat' dir='ltr'><strong>Philopatris.</strong></span> <span class='ocrx_word' id='word_1_180' title='bbox 829 1614 1116 1663; x_wconf 82' lang='lat' dir='ltr'><strong>Alexander</strong></span> <span class='ocrx_word' id='word_1_181' title='bbox 1150 1615 1281 1663; x_wconf 91' lang='lat' dir='ltr'><strong>enim</strong></span> <span class='ocrx_word' id='word_1_182' title='bbox 1305 1615 1597 1678; x_wconf 78' lang='lat' dir='ltr'><strong>Polylzistor</strong></span> <span class='ocrx_word' id='word_1_183' title='bbox 1633 1615 1766 1678; x_wconf 86' lang='lat' dir='ltr'><strong>apud</strong></span> <span class='ocrx_word' id='word_1_184' title='bbox 1796 1615 1953 1680; x_wconf 47' lang='lat' dir='ltr'><strong>Eusef</strong></span> 
     </span>
     <span class='ocr_line' id='line_1_22' title="bbox 123 1682 1951 1750; baseline -0.001 -19"><span class='ocrx_word' id='word_1_185' title='bbox 123 1682 261 1731; x_wconf 90' lang='lat' dir='ltr'><strong>bium</strong></span> <span class='ocrx_word' id='word_1_186' title='bbox 303 1684 364 1732; x_wconf 90' lang='lat' dir='ltr'><strong>de</strong></span> <span class='ocrx_word' id='word_1_187' title='bbox 394 1685 676 1750; x_wconf 87' lang='lat' dir='ltr'><strong>Praeparat.</strong></span> <span class='ocrx_word' id='word_1_188' title='bbox 694 1687 881 1750; x_wconf 90' lang='lat' dir='ltr'><strong>Evang.</strong></span> <span class='ocrx_word' id='word_1_189' title='bbox 907 1685 1023 1735; x_wconf 89' lang='lat' dir='ltr'><strong>libr.</strong></span> <span class='ocrx_word' id='word_1_190' title='bbox 1049 1687 1138 1736; x_wconf 85' lang='lat' dir='ltr'><strong>IX.</strong></span> <span class='ocrx_word' id='word_1_191' title='bbox 1168 1702 1209 1733; x_wconf 91' lang='lat' dir='ltr'><strong>c.</strong></span> <span class='ocrx_word' id='word_1_192' title='bbox 1240 1689 1320 1738; x_wconf 84' lang='lat'><strong>17.</strong></span> <span class='ocrx_word' id='word_1_193' title='bbox 1344 1693 1582 1745; x_wconf 79' lang='lat' dir='ltr'><strong>testatur,</strong></span> <span class='ocrx_word' id='word_1_194' title='bbox 1618 1685 1951 1748; x_wconf 76' lang='lat' dir='ltr'><strong>Eupolemam</strong></span> 
     </span>
     <span class='ocr_line' id='line_1_23' title="bbox 123 1753 1951 1822; baseline 0 -21"><span class='ocrx_word' id='word_1_195' title='bbox 123 1753 186 1801; x_wconf 87' lang='lat' dir='ltr'><strong>de</strong></span> <span class='ocrx_word' id='word_1_196' title='bbox 206 1754 411 1803; x_wconf 90' lang='lat' dir='ltr'><strong>Enocho</strong></span> <span class='ocrx_word' id='word_1_197' title='bbox 440 1756 710 1820; x_wconf 89' lang='lat' dir='ltr'><strong>scripsisse,</strong></span> <span class='ocrx_word' id='word_1_198' title='bbox 750 1774 862 1804; x_wconf 92' lang='lat' dir='ltr'><strong>eum</strong></span> <span class='ocrx_word' id='word_1_199' title='bbox 884 1756 1101 1822; x_wconf 90' lang='lat' dir='ltr'><strong>primum</strong></span> <span class='ocrx_word' id='word_1_200' title='bbox 1127 1755 1376 1804; x_wconf 85' lang='lat' dir='ltr'><strong>invenisse</strong></span> <span class='ocrx_word' id='word_1_201' title='bbox 1401 1754 1745 1818; x_wconf 72' lang='lat' dir='ltr'><strong>Astrologi-am,</strong></span> <span class='ocrx_word' id='word_1_202' title='bbox 1784 1762 1832 1802; x_wconf 89' lang='lat' dir='ltr'><strong>et</strong></span> <span class='ocrx_word' id='word_1_203' title='bbox 1855 1755 1951 1802; x_wconf 84' lang='lat' dir='ltr'><strong>At-</strong></span> 
     </span>
     <span class='ocr_line' id='line_1_24' title="bbox 119 1824 1951 1891; baseline -0.001 -19"><span class='ocrx_word' id='word_1_204' title='bbox 119 1825 324 1886; x_wconf 88' lang='lat' dir='ltr'><strong>lantem,</strong></span> <span class='ocrx_word' id='word_1_205' title='bbox 360 1842 508 1890; x_wconf 89' lang='lat' dir='ltr'><strong>quem</strong></span> <span class='ocrx_word' id='word_1_206' title='bbox 533 1827 709 1875; x_wconf 90' lang='lat' dir='ltr'><strong>Graeci</strong></span> <span class='ocrx_word' id='word_1_207' title='bbox 733 1827 1040 1891; x_wconf 88' lang='lat' dir='ltr'><strong>Astrologiae</strong></span> <span class='ocrx_word' id='word_1_208' title='bbox 1067 1826 1377 1874; x_wconf 87' lang='lat' dir='ltr'><strong>inventorem</strong></span> <span class='ocrx_word' id='word_1_209' title='bbox 1402 1826 1601 1887; x_wconf 87' lang='lat' dir='ltr'><strong>faciant,</strong></span> <span class='ocrx_word' id='word_1_210' title='bbox 1619 1825 1762 1872; x_wconf 90' lang='lat' dir='ltr'><strong>illum</strong></span> <span class='ocrx_word' id='word_1_211' title='bbox 1786 1824 1951 1890; x_wconf 87' lang='lat' dir='ltr'><strong>ipsum</strong></span> 
     </span>
     <span class='ocr_line' id='line_1_25' title="bbox 119 1894 1951 1963; baseline -0.001 -21"><span class='ocrx_word' id='word_1_212' title='bbox 119 1894 380 1949; x_wconf 82' lang='lat' dir='ltr'><strong>Enochum</strong></span> <span class='ocrx_word' id='word_1_213' title='bbox 405 1897 570 1944; x_wconf 83' lang='lat' dir='ltr'><strong>fuisse.</strong></span> <span class='ocrx_word' id='word_1_214' title='bbox 640 1897 704 1945; x_wconf 91' lang='lat' dir='ltr'><strong>Et</strong></span> <span class='ocrx_word' id='word_1_215' title='bbox 731 1898 969 1962; x_wconf 88' lang='lat' dir='ltr'><strong>Georgius</strong></span> <span class='ocrx_word' id='word_1_216' title='bbox 996 1898 1259 1963; x_wconf 84' lang='lat' dir='ltr'><strong>Syncellus</strong></span> <span class='ocrx_word' id='word_1_217' title='bbox 1283 1914 1391 1962; x_wconf 89' lang='lat' dir='ltr'><strong>pag.</strong></span> <span class='ocrx_word' id='word_1_218' title='bbox 1415 1899 1500 1949; x_wconf 85' lang='lat'><strong>33.</strong></span> <span class='ocrx_word' id='word_1_219' title='bbox 1534 1896 1591 1944; x_wconf 92' lang='lat' dir='ltr'><strong>D.</strong></span> <span class='ocrx_word' id='word_1_220' title='bbox 1616 1913 1642 1943; x_wconf 93' lang='lat' dir='ltr'><strong>e</strong></span> <span class='ocrx_word' id='word_1_221' title='bbox 1665 1895 1793 1943; x_wconf 91' lang='lat' dir='ltr'><strong>libro</strong></span> <span class='ocrx_word' id='word_1_222' title='bbox 1817 1895 1951 1942; x_wconf 89' lang='lat' dir='ltr'><strong>Eno-</strong></span> 
     </span>
     <span class='ocr_line' id='line_1_26' title="bbox 122 1964 1949 2032; baseline 0 -19"><span class='ocrx_word' id='word_1_223' title='bbox 122 1964 206 2013; x_wconf 91' lang='lat' dir='ltr'><strong>chi</strong></span> <span class='ocrx_word' id='word_1_224' title='bbox 257 1974 454 2030; x_wconf 85' lang='lat' dir='ltr'><strong>narrat,</strong></span> <span class='ocrx_word' id='word_1_225' title='bbox 508 1966 874 2032; x_wconf 89' lang='lat' dir='ltr'><strong>Archangelum</strong></span> <span class='ocrx_word' id='word_1_226' title='bbox 925 1968 1143 2016; x_wconf 86' lang='lat' dir='ltr'><strong>Urielem</strong></span> <span class='ocrx_word' id='word_1_227' title='bbox 1189 1968 1334 2015; x_wconf 90' lang='lat' dir='ltr'><strong>astris</strong></span> <span class='ocrx_word' id='word_1_228' title='bbox 1375 1965 1711 2032; x_wconf 86' lang='lat' dir='ltr'><strong>praepositum</strong></span> <span class='ocrx_word' id='word_1_229' title='bbox 1743 1964 1949 2013; x_wconf 91' lang='lat' dir='ltr'><strong>Enocho</strong></span> 
     </span>
     <span class='ocr_line' id='line_1_27' title="bbox 119 2035 1953 2103; baseline -0.001 -20"><span class='ocrx_word' id='word_1_230' title='bbox 119 2035 449 2100; x_wconf 85' lang='lat' dir='ltr'><strong>Astrologiam</strong></span> <span class='ocrx_word' id='word_1_231' title='bbox 480 2039 741 2089; x_wconf 88' lang='lat' dir='ltr'><strong>revelasse.</strong></span> <span class='ocrx_word' id='word_1_232' title='bbox 779 2066 848 2076; x_wconf 90' lang='lat'><strong>-—</strong></span> <span class='ocrx_word' id='word_1_233' title='bbox 885 2038 1166 2087; x_wconf 83' lang='lat' dir='ltr'><strong>Alexander</strong></span> <span class='ocrx_word' id='word_1_234' title='bbox 1188 2037 1473 2103; x_wconf 85' lang='lat' dir='ltr'><strong>Polyhistor</strong></span> <span class='ocrx_word' id='word_1_235' title='bbox 1497 2036 1629 2085; x_wconf 83' lang='lat' dir='ltr'><strong>vixit</strong></span> <span class='ocrx_word' id='word_1_236' title='bbox 1654 2043 1810 2084; x_wconf 89' lang='lat' dir='ltr'><strong>aetate</strong></span> <span class='ocrx_word' id='word_1_237' title='bbox 1838 2035 1953 2083; x_wconf 89' lang='lat' dir='ltr'><strong>Sul-</strong></span> 
     </span>
     <span class='ocr_line' id='line_1_28' title="bbox 120 2105 1952 2173; baseline -0.001 -19"><span class='ocrx_word' id='word_1_238' title='bbox 120 2107 199 2155; x_wconf 86' lang='lat' dir='ltr'><strong>lae</strong></span> <span class='ocrx_word' id='word_1_239' title='bbox 242 2105 480 2173; x_wconf 91' lang='lat' dir='ltr'><strong>(Suidas)</strong></span> <span class='ocrx_word' id='word_1_240' title='bbox 523 2108 656 2157; x_wconf 89' lang='lat' dir='ltr'><strong>circa</strong></span> <span class='ocrx_word' id='word_1_241' title='bbox 694 2127 807 2159; x_wconf 81' lang='lat' dir='ltr'><strong>ann.</strong></span> <span class='ocrx_word' id='word_1_242' title='bbox 842 2110 1166 2158; x_wconf 87' lang='lat' dir='ltr'><strong>centesimum</strong></span> <span class='ocrx_word' id='word_1_243' title='bbox 1212 2116 1327 2157; x_wconf 86' lang='lat' dir='ltr'><strong>ante</strong></span> <span class='ocrx_word' id='word_1_244' title='bbox 1363 2107 1478 2156; x_wconf 89' lang='lat' dir='ltr'><strong>Chr.</strong></span> <span class='ocrx_word' id='word_1_245' title='bbox 1512 2115 1643 2168; x_wconf 57' lang='lat' dir='ltr'><strong>nats,</strong></span> <span class='ocrx_word' id='word_1_246' title='bbox 1691 2105 1952 2170; x_wconf 86' lang='lat' dir='ltr'><strong>Eupolemi</strong></span> 
     </span>
     <span class='ocr_line' id='line_1_29' title="bbox 123 2176 1951 2245; baseline -0.001 -21"><span class='ocrx_word' id='word_1_247' title='bbox 123 2184 357 2239; x_wconf 89' lang='lat' dir='ltr'><strong>aetatem,</strong></span> <span class='ocrx_word' id='word_1_248' title='bbox 396 2195 693 2243; x_wconf 86' lang='lat' dir='ltr'><strong>quamquam</strong></span> <span class='ocrx_word' id='word_1_249' title='bbox 726 2179 964 2245; x_wconf 89' lang='lat' dir='ltr'><strong>Iosephus</strong></span> <span class='ocrx_word' id='word_1_250' title='bbox 997 2198 1108 2228; x_wconf 87' lang='lat' dir='ltr'><strong>eum</strong></span> <span class='ocrx_word' id='word_1_251' title='bbox 1145 2179 1331 2244; x_wconf 92' lang='lat' dir='ltr'><strong>pluries</strong></span> <span class='ocrx_word' id='word_1_252' title='bbox 1361 2179 1535 2226; x_wconf 91' lang='lat' dir='ltr'><strong>laudat</strong></span> <span class='ocrx_word' id='word_1_253' title='bbox 1563 2176 1842 2244; x_wconf 77' lang='lat' dir='ltr'><strong>(historiam</strong></span> <span class='ocrx_word' id='word_1_254' title='bbox 1862 2176 1951 2223; x_wconf 92' lang='lat' dir='ltr'><strong>Iu-</strong></span> 
     </span>
     <span class='ocr_line' id='line_1_30' title="bbox 123 2246 1951 2316; baseline -0.001 -21"><span class='ocrx_word' id='word_1_255' title='bbox 123 2248 358 2296; x_wconf 87' lang='lat' dir='ltr'><strong>daeorum</strong></span> <span class='ocrx_word' id='word_1_256' title='bbox 374 2249 678 2316; x_wconf 83' lang='lat' dir='ltr'><strong>scripserat),</strong></span> <span class='ocrx_word' id='word_1_257' title='bbox 701 2268 803 2298; x_wconf 89' lang='lat' dir='ltr'><strong>non</strong></span> <span class='ocrx_word' id='word_1_258' title='bbox 820 2251 1156 2315; x_wconf 85' lang='lat' dir='ltr'><strong>percognitam</strong></span> <span class='ocrx_word' id='word_1_259' title='bbox 1176 2249 1427 2298; x_wconf 89' lang='lat' dir='ltr'><strong>habemus.</strong></span> <span class='ocrx_word' id='word_1_260' title='bbox 1463 2251 1590 2295; x_wconf 89' lang='lat' dir='ltr'><strong>Ante</strong></span> <span class='ocrx_word' id='word_1_261' title='bbox 1607 2246 1951 2295; x_wconf 85' lang='lat' dir='ltr'><strong>Alexandrum</strong></span> 
     </span>
     <span class='ocr_line' id='line_1_31' title="bbox 123 2315 1949 2382; baseline -0.003 -16"><span class='ocrx_word' id='word_1_262' title='bbox 123 2334 237 2366; x_wconf 88' lang='lat' dir='ltr'><strong>eum</strong></span> <span class='ocrx_word' id='word_1_263' title='bbox 276 2318 462 2366; x_wconf 80' lang='lat' dir='ltr'><strong>vixisse</strong></span> <span class='ocrx_word' id='word_1_264' title='bbox 496 2336 694 2369; x_wconf 89' lang='lat' dir='ltr'><strong>necesse</strong></span> <span class='ocrx_word' id='word_1_265' title='bbox 738 2329 838 2382; x_wconf 86' lang='lat' dir='ltr'><strong>est,</strong></span> <span class='ocrx_word' id='word_1_266' title='bbox 878 2322 1046 2369; x_wconf 87' lang='lat' dir='ltr'><strong>forsan</strong></span> <span class='ocrx_word' id='word_1_267' title='bbox 1087 2321 1219 2368; x_wconf 88' lang='lat' dir='ltr'><strong>circa</strong></span> <span class='ocrx_word' id='word_1_268' title='bbox 1257 2338 1298 2370; x_wconf 84' lang='lat' dir='ltr'><strong>a·</strong></span> <span class='ocrx_word' id='word_1_269' title='bbox 1323 2320 1425 2372; x_wconf 87' lang='lat'><strong>150</strong></span> <span class='ocrx_word' id='word_1_270' title='bbox 1452 2325 1537 2366; x_wconf 84' lang='lat' dir='ltr'><strong>aut</strong></span> <span class='ocrx_word' id='word_1_271' title='bbox 1562 2322 1664 2371; x_wconf 81' lang='lat'><strong>200</strong></span> <span class='ocrx_word' id='word_1_272' title='bbox 1693 2324 1806 2363; x_wconf 88' lang='lat' dir='ltr'><strong>ante</strong></span> <span class='ocrx_word' id='word_1_273' title='bbox 1835 2315 1949 2362; x_wconf 91' lang='lat' dir='ltr'><strong>Chr.</strong></span> 
     </span>
     <span class='ocr_line' id='line_1_32' title="bbox 121 2385 1947 2456; baseline -0.002 -21"><span class='ocrx_word' id='word_1_274' title='bbox 121 2395 229 2437; x_wconf 88' lang='lat' dir='ltr'><strong>nat.</strong></span> <span class='ocrx_word' id='word_1_275' title='bbox 261 2415 331 2426; x_wconf 91' lang='lat'><strong>—-</strong></span> <span class='ocrx_word' id='word_1_276' title='bbox 367 2389 460 2436; x_wconf 91' lang='lat' dir='ltr'><strong>Illo</strong></span> <span class='ocrx_word' id='word_1_277' title='bbox 494 2407 612 2438; x_wconf 86' lang='lat' dir='ltr'><strong>vero</strong></span> <span class='ocrx_word' id='word_1_278' title='bbox 637 2398 860 2456; x_wconf 87' lang='lat' dir='ltr'><strong>tempore</strong></span> <span class='ocrx_word' id='word_1_279' title='bbox 889 2391 1107 2439; x_wconf 87' lang='lat' dir='ltr'><strong>narratio</strong></span> <span class='ocrx_word' id='word_1_280' title='bbox 1132 2391 1191 2438; x_wconf 87' lang='lat' dir='ltr'><strong>de</strong></span> <span class='ocrx_word' id='word_1_281' title='bbox 1216 2389 1432 2451; x_wconf 89' lang='lat' dir='ltr'><strong>artibus,</strong></span> <span class='ocrx_word' id='word_1_282' title='bbox 1470 2387 1675 2435; x_wconf 86' lang='lat' dir='ltr'><strong>Enocho</strong></span> <span class='ocrx_word' id='word_1_283' title='bbox 1702 2385 1947 2446; x_wconf 85' lang='lat' dir='ltr'><strong>revelatis,</strong></span> 
     </span>
     <span class='ocr_line' id='line_1_33' title="bbox 121 2458 1950 2524; baseline -0.002 -19"><span class='ocrx_word' id='word_1_284' title='bbox 121 2458 222 2506; x_wconf 83' lang='lat' dir='ltr'><strong>iam</strong></span> <span class='ocrx_word' id='word_1_285' title='bbox 261 2459 381 2506; x_wconf 90' lang='lat' dir='ltr'><strong>adeo</strong></span> <span class='ocrx_word' id='word_1_286' title='bbox 426 2461 718 2524; x_wconf 85' lang='lat' dir='ltr'><strong>pervulgata</strong></span> <span class='ocrx_word' id='word_1_287' title='bbox 743 2469 887 2522; x_wconf 76' lang='lat' dir='ltr'><strong>erat,</strong></span> <span class='ocrx_word' id='word_1_288' title='bbox 924 2469 983 2509; x_wconf 91' lang='lat' dir='ltr'><strong>ut</strong></span> <span class='ocrx_word' id='word_1_289' title='bbox 1012 2461 1315 2508; x_wconf 78' lang='lat' dir='ltr'><strong>etiam.inter</strong></span> <span class='ocrx_word' id='word_1_290' title='bbox 1339 2458 1625 2523; x_wconf 88' lang='lat' dir='ltr'><strong>peregrinos</strong></span> <span class='ocrx_word' id='word_1_291' title='bbox 1659 2462 1950 2517; x_wconf 86' lang='lat' dir='ltr'><strong>notesceret,</strong></span> 
     </span>
     <span class='ocr_line' id='line_1_34' title="bbox 123 2525 1956 2594; baseline -0.003 -17"><span class='ocrx_word' id='word_1_292' title='bbox 123 2546 240 2592; x_wconf 88' lang='lat' dir='ltr'><strong>ergo</strong></span> <span class='ocrx_word' id='word_1_293' title='bbox 278 2546 382 2576; x_wconf 90' lang='lat' dir='ltr'><strong>non</strong></span> <span class='ocrx_word' id='word_1_294' title='bbox 415 2531 544 2578; x_wconf 90' lang='lat' dir='ltr'><strong>fama</strong></span> <span class='ocrx_word' id='word_1_295' title='bbox 585 2532 794 2594; x_wconf 82' lang='lat' dir='ltr'><strong>linguae,</strong></span> <span class='ocrx_word' id='word_1_296' title='bbox 831 2531 933 2592; x_wconf 81' lang='lat' dir='ltr'><strong>sed,</strong></span> <span class='ocrx_word' id='word_1_297' title='bbox 974 2531 1029 2579; x_wconf 91' lang='lat' dir='ltr'><strong>ni</strong></span> <span class='ocrx_word' id='word_1_298' title='bbox 1053 2531 1215 2592; x_wconf 85' lang='lat' dir='ltr'><strong>fallor,</strong></span> <span class='ocrx_word' id='word_1_299' title='bbox 1250 2529 1422 2577; x_wconf 84' lang='lat' dir='ltr'><strong>eodem</strong></span> <span class='ocrx_word' id='word_1_300' title='bbox 1453 2528 1599 2590; x_wconf 90' lang='lat' dir='ltr'><strong>libro,</strong></span> <span class='ocrx_word' id='word_1_301' title='bbox 1638 2527 1778 2574; x_wconf 90' lang='lat' dir='ltr'><strong>cuius</strong></span> <span class='ocrx_word' id='word_1_302' title='bbox 1808 2525 1956 2573; x_wconf 84' lang='lat' dir='ltr'><strong>nobis</strong></span> 
     </span>
     <span class='ocr_line' id='line_1_35' title="bbox 121 2597 1952 2664; baseline -0.002 -18"><span class='ocrx_word' id='word_1_303' title='bbox 121 2617 282 2664; x_wconf 87' lang='lat' dir='ltr'><strong>pauca</strong></span> <span class='ocrx_word' id='word_1_304' title='bbox 317 2601 588 2663; x_wconf 87' lang='lat' dir='ltr'><strong>fragmenta</strong></span> <span class='ocrx_word' id='word_1_305' title='bbox 629 2610 819 2650; x_wconf 83' lang='lat' dir='ltr'><strong>servata</strong></span> <span class='ocrx_word' id='word_1_306' title='bbox 844 2609 975 2650; x_wconf 88' lang='lat' dir='ltr'><strong>sunt.</strong></span> <span class='ocrx_word' id='word_1_307' title='bbox 1014 2629 1082 2639; x_wconf 89' lang='lat'><em>-</em></span> <span class='ocrx_word' id='word_1_308' title='bbox 1122 2600 1269 2648; x_wconf 82' lang='lat' dir='ltr'><strong>Iudas</strong></span> <span class='ocrx_word' id='word_1_309' title='bbox 1307 2615 1505 2663; x_wconf 87' lang='lat' dir='ltr'><strong>quoque</strong></span> <span class='ocrx_word' id='word_1_310' title='bbox 1538 2598 1593 2645; x_wconf 89' lang='lat' dir='ltr'><strong>in</strong></span> <span class='ocrx_word' id='word_1_311' title='bbox 1627 2597 1834 2661; x_wconf 83' lang='lat' dir='ltr'><strong>epistola</strong></span> <span class='ocrx_word' id='word_1_312' title='bbox 1865 2613 1952 2642; x_wconf 89' lang='lat' dir='ltr'><strong>ca-</strong></span> 
     </span>
     <span class='ocr_line' id='line_1_36' title="bbox 122 2666 1951 2737; baseline -0.002 -20"><span class='ocrx_word' id='word_1_313' title='bbox 122 2669 311 2717; x_wconf 86' lang='lat' dir='ltr'><strong>tholica</strong></span> <span class='ocrx_word' id='word_1_314' title='bbox 339 2687 469 2722; x_wconf 79' lang='lat' dir='ltr'><strong>vers,</strong></span> <span class='ocrx_word' id='word_1_315' title='bbox 501 2671 578 2724; x_wconf 85' lang='lat'><strong>14.</strong></span> <span class='ocrx_word' id='word_1_316' title='bbox 604 2671 916 2737; x_wconf 86' lang='lat' dir='ltr'><strong>prophetiam</strong></span> <span class='ocrx_word' id='word_1_317' title='bbox 943 2671 1133 2720; x_wconf 86' lang='lat' dir='ltr'><strong>Enochi</strong></span> <span class='ocrx_word' id='word_1_318' title='bbox 1161 2679 1395 2735; x_wconf 90' lang='lat' dir='ltr'><strong>tanquam</strong></span> <span class='ocrx_word' id='word_1_319' title='bbox 1419 2669 1604 2716; x_wconf 88' lang='lat' dir='ltr'><strong>librum</strong></span> <span class='ocrx_word' id='word_1_320' title='bbox 1630 2666 1951 2726; x_wconf 89' lang='lat' dir='ltr'><strong>Canonicum‚</strong></span> 
     </span>
     <span class='ocr_line' id='line_1_37' title="bbox 125 2736 1952 2808; baseline -0.003 -21"><span class='ocrx_word' id='word_1_321' title='bbox 125 2748 258 2788; x_wconf 88' lang='lat' dir='ltr'><strong>certe</strong></span> <span class='ocrx_word' id='word_1_322' title='bbox 301 2741 558 2806; x_wconf 86' lang='lat' dir='ltr'><strong>antiquum</strong></span> <span class='ocrx_word' id='word_1_323' title='bbox 605 2743 800 2790; x_wconf 85' lang='lat' dir='ltr'><strong>laudat:</strong></span> <span class='ocrx_word' id='word_1_324' title='bbox 838 2741 1163 2808; x_wconf 86' lang='lat' dir='ltr'><strong>Prophetavit</strong></span> <span class='ocrx_word' id='word_1_325' title='bbox 1204 2750 1365 2787; x_wconf 88' lang='lat' dir='ltr'><strong>autem</strong></span> <span class='ocrx_word' id='word_1_326' title='bbox 1402 2739 1463 2801; x_wconf 89' lang='lat' dir='ltr'><strong>de</strong></span> <span class='ocrx_word' id='word_1_327' title='bbox 1501 2738 1580 2786; x_wconf 90' lang='lat' dir='ltr'><strong>his</strong></span> <span class='ocrx_word' id='word_1_328' title='bbox 1625 2738 1862 2803; x_wconf 84' lang='lat' dir='ltr'><strong>septimus</strong></span> <span class='ocrx_word' id='word_1_329' title='bbox 1891 2736 1952 2782; x_wconf 87' lang='lat' dir='ltr'><strong>ab</strong></span> 
     </span>
     <span class='ocr_line' id='line_1_38' title="bbox 122 2808 1950 2875; baseline -0.003 -17"><span class='ocrx_word' id='word_1_330' title='bbox 122 2810 312 2858; x_wconf 89' lang='lat' dir='ltr'><strong>Adamo</strong></span> <span class='ocrx_word' id='word_1_331' title='bbox 334 2811 564 2860; x_wconf 89' lang='lat' dir='ltr'><strong>Enochus</strong></span> <span class='ocrx_word' id='word_1_332' title='bbox 581 2813 779 2860; x_wconf 88' lang='lat' dir='ltr'><strong>dicens:</strong></span> <span class='ocrx_word' id='word_1_333' title='bbox 816 2814 977 2875; x_wconf 83' lang='lat' dir='ltr'><strong>„Ecce</strong></span> <span class='ocrx_word' id='word_1_334' title='bbox 995 2811 1140 2862; x_wconf 73' lang='lat' dir='ltr'><strong>‘venit</strong></span> <span class='ocrx_word' id='word_1_335' title='bbox 1154 2811 1395 2859; x_wconf 86' lang='lat' dir='ltr'><strong>Dominus</strong></span> <span class='ocrx_word' id='word_1_336' title='bbox 1418 2810 1469 2856; x_wconf 91' lang='lat' dir='ltr'><strong>in</strong></span> <span class='ocrx_word' id='word_1_337' title='bbox 1493 2808 1710 2856; x_wconf 83' lang='lat' dir='ltr'><strong>millibus</strong></span> <span class='ocrx_word' id='word_1_338' title='bbox 1738 2810 1950 2854; x_wconf 88' lang='lat' dir='ltr'><strong>Sancto-</strong></span> 
     </span>
     <span class='ocr_line' id='line_1_39' title="bbox 122 2877 1950 2944; baseline -0.004 -15"><span class='ocrx_word' id='word_1_339' title='bbox 122 2897 239 2932; x_wconf 86' lang='lat' dir='ltr'><strong>rum</strong></span> <span class='ocrx_word' id='word_1_340' title='bbox 254 2898 473 2942; x_wconf 88' lang='lat' dir='ltr'><strong>suorum,</strong></span> <span class='ocrx_word' id='word_1_341' title='bbox 495 2890 551 2930; x_wconf 89' lang='lat' dir='ltr'><strong>ut</strong></span> <span class='ocrx_word' id='word_1_342' title='bbox 574 2883 818 2931; x_wconf 90' lang='lat' dir='ltr'><strong>iudicium</strong></span> <span class='ocrx_word' id='word_1_343' title='bbox 842 2885 1167 2944; x_wconf 13' lang='lat' dir='ltr'><strong>seratvcontra</strong></span> <span class='ocrx_word' id='word_1_344' title='bbox 1190 2898 1375 2942; x_wconf 87' lang='lat' dir='ltr'><strong>omnes,</strong></span> <span class='ocrx_word' id='word_1_345' title='bbox 1401 2887 1447 2927; x_wconf 87' lang='lat' dir='ltr'><strong>et</strong></span> <span class='ocrx_word' id='word_1_346' title='bbox 1464 2887 1636 2943; x_wconf 88' lang='lat' dir='ltr'><strong>arguat</strong></span> <span class='ocrx_word' id='word_1_347' title='bbox 1657 2895 1823 2925; x_wconf 87' lang='lat' dir='ltr'><strong>omnes</strong></span> <span class='ocrx_word' id='word_1_348' title='bbox 1851 2877 1950 2922; x_wconf 83' lang='lat' dir='ltr'><strong>im-</strong></span> 
     </span>
     <span class='ocr_line' id='line_1_40' title="bbox 124 2947 1953 3019; baseline -0.002 -22"><span class='ocrx_word' id='word_1_349' title='bbox 124 2951 236 3016; x_wconf 89' lang='lat' dir='ltr'><strong>pios</strong></span> <span class='ocrx_word' id='word_1_350' title='bbox 273 2951 334 2999; x_wconf 86' lang='lat' dir='ltr'><strong>de</strong></span> <span class='ocrx_word' id='word_1_351' title='bbox 364 2953 592 3002; x_wconf 87' lang='lat' dir='ltr'><strong>omnibus</strong></span> <span class='ocrx_word' id='word_1_352' title='bbox 619 2954 847 3018; x_wconf 88' lang='lat' dir='ltr'><strong>operibus</strong></span> <span class='ocrx_word' id='word_1_353' title='bbox 886 2953 1184 3019; x_wconf 82' lang='lat' dir='ltr'><strong>impietatis,</strong></span> <span class='ocrx_word' id='word_1_354' title='bbox 1223 2969 1343 3015; x_wconf 85' lang='lat' dir='ltr'><strong>quae</strong></span> <span class='ocrx_word' id='word_1_355' title='bbox 1364 2952 1513 3015; x_wconf 90' lang='lat' dir='ltr'><strong>impie</strong></span> <span class='ocrx_word' id='word_1_356' title='bbox 1547 2957 1776 3012; x_wconf 86' lang='lat' dir='ltr'><strong>egerunt,</strong></span> <span class='ocrx_word' id='word_1_357' title='bbox 1816 2956 1864 2994; x_wconf 88' lang='lat' dir='ltr'><strong>et</strong></span> <span class='ocrx_word' id='word_1_358' title='bbox 1891 2947 1953 2994; x_wconf 90' lang='lat' dir='ltr'><strong>de</strong></span> 
     </span>
     <span class='ocr_line' id='line_1_41' title="bbox 128 3017 1949 3088; baseline -0.004 -19"><span class='ocrx_word' id='word_1_359' title='bbox 128 3021 356 3069; x_wconf 87' lang='lat' dir='ltr'><strong>omnibus</strong></span> <span class='ocrx_word' id='word_1_360' title='bbox 393 3024 592 3087; x_wconf 78' lang='lat' dir='ltr'><strong>rigidis,</strong></span> <span class='ocrx_word' id='word_1_361' title='bbox 630 3042 755 3088; x_wconf 88' lang='lat' dir='ltr'><strong>quae</strong></span> <span class='ocrx_word' id='word_1_362' title='bbox 787 3025 942 3073; x_wconf 88' lang='lat' dir='ltr'><strong>locuti</strong></span> <span class='ocrx_word' id='word_1_363' title='bbox 965 3031 1084 3072; x_wconf 87' lang='lat' dir='ltr'><strong>sunt</strong></span> <span class='ocrx_word' id='word_1_364' title='bbox 1102 3029 1274 3071; x_wconf 90' lang='lat' dir='ltr'><strong>contra</strong></span> <span class='ocrx_word' id='word_1_365' title='bbox 1299 3039 1410 3069; x_wconf 87' lang='lat' dir='ltr'><strong>eum</strong></span> <span class='ocrx_word' id='word_1_366' title='bbox 1433 3028 1718 3085; x_wconf 88' lang='lat' dir='ltr'><strong>peccatores</strong></span> <span class='ocrx_word' id='word_1_367' title='bbox 1751 3017 1949 3081; x_wconf 78' lang='lat' dir='ltr'><strong>impii.”</strong></span> 
     </span>
    </p>
   </div>
   <div class='ocr_carea' id='block_1_3' title="bbox 185 3109 1957 3503">
    <p class='ocr_par' dir='ltr' id='par_1_4' title="bbox 185 3109 1957 3501">
     <span class='ocr_line' id='line_1_42' title="bbox 185 3109 1952 3176; baseline -0.007 -13"><span class='ocrx_word' id='word_1_368' title='bbox 185 3118 263 3172; x_wconf 85' lang='lat'><strong>15)</strong></span> <span class='ocrx_word' id='word_1_369' title='bbox 293 3117 341 3160; x_wconf 90' lang='lat' dir='ltr'><strong>Si</strong></span> <span class='ocrx_word' id='word_1_370' title='bbox 363 3119 472 3161; x_wconf 90' lang='lat' dir='ltr'><strong>hanc</strong></span> <span class='ocrx_word' id='word_1_371' title='bbox 507 3120 630 3163; x_wconf 89' lang='lat' dir='ltr'><strong>huius</strong></span> <span class='ocrx_word' id='word_1_372' title='bbox 669 3120 924 3163; x_wconf 82' lang='lat' dir='ltr'><strong>narrationis</strong></span> <span class='ocrx_word' id='word_1_373' title='bbox 961 3119 1168 3174; x_wconf 81' lang='lat' dir='ltr'><strong>originem</strong></span> <span class='ocrx_word' id='word_1_374' title='bbox 1199 3131 1369 3160; x_wconf 78' lang='lat' dir='ltr'><strong>mecum</strong></span> <span class='ocrx_word' id='word_1_375' title='bbox 1385 3115 1534 3172; x_wconf 86' lang='lat' dir='ltr'><strong>ponis,</strong></span> <span class='ocrx_word' id='word_1_376' title='bbox 1561 3113 1711 3157; x_wconf 86' lang='lat' dir='ltr'><strong>nimius</strong></span> <span class='ocrx_word' id='word_1_377' title='bbox 1730 3112 1808 3154; x_wconf 91' lang='lat' dir='ltr'><strong>tibi</strong></span> <span class='ocrx_word' id='word_1_378' title='bbox 1831 3109 1952 3176; x_wconf 75' lang='lat' dir='ltr'><strong>vide-—</strong></span> 
     </span>
     <span class='ocr_line' id='line_1_43' title="bbox 239 3171 1951 3233; baseline -0.007 -15"><span class='ocrx_word' id='word_1_379' title='bbox 239 3175 356 3218; x_wconf 90' lang='lat' dir='ltr'><strong>bitur</strong></span> <span class='ocrx_word' id='word_1_380' title='bbox 379 3176 585 3233; x_wconf 88' lang='lat' dir='ltr'><strong>Iosephus</strong></span> <span class='ocrx_word' id='word_1_381' title='bbox 607 3178 802 3233; x_wconf 83' lang='lat' dir='ltr'><strong>Scaliger</strong></span> <span class='ocrx_word' id='word_1_382' title='bbox 823 3178 892 3232; x_wconf 89' lang='lat' dir='ltr'><strong>(in</strong></span> <span class='ocrx_word' id='word_1_383' title='bbox 915 3177 1046 3219; x_wconf 83' lang='lat' dir='ltr'><strong>Notis</strong></span> <span class='ocrx_word' id='word_1_384' title='bbox 1074 3176 1128 3218; x_wconf 82' lang='lat' dir='ltr'><strong>ad</strong></span> <span class='ocrx_word' id='word_1_385' title='bbox 1150 3175 1311 3218; x_wconf 88' lang='lat' dir='ltr'><strong>Euseb.</strong></span> <span class='ocrx_word' id='word_1_386' title='bbox 1328 3188 1427 3230; x_wconf 82' lang='lat' dir='ltr'><strong>pag.</strong></span> <span class='ocrx_word' id='word_1_387' title='bbox 1453 3171 1578 3226; x_wconf 75' lang='lat'><strong>245.)</strong></span> <span class='ocrx_word' id='word_1_388' title='bbox 1603 3172 1647 3213; x_wconf 87' lang='lat' dir='ltr'><strong>in</strong></span> <span class='ocrx_word' id='word_1_389' title='bbox 1674 3185 1725 3212; x_wconf 87' lang='lat' dir='ltr'><strong>ea</strong></span> <span class='ocrx_word' id='word_1_390' title='bbox 1746 3174 1951 3233; x_wconf 43' lang='lat' dir='ltr'><strong>perstruit</strong></span> 
     </span>
     <span class='ocr_line' id='line_1_44' title="bbox 240 3228 1957 3290; baseline -0.006 -16"><span class='ocrx_word' id='word_1_391' title='bbox 240 3231 405 3288; x_wconf 69' lang='lat' dir='ltr'><strong>gendat</strong></span> <span class='ocrx_word' id='word_1_392' title='bbox 435 3238 531 3284; x_wconf 86' lang='lat' dir='ltr'><strong>„tot</strong></span> <span class='ocrx_word' id='word_1_393' title='bbox 542 3233 648 3276; x_wconf 84' lang='lat' dir='ltr'><strong>enim</strong></span> <span class='ocrx_word' id='word_1_394' title='bbox 669 3240 768 3276; x_wconf 89' lang='lat' dir='ltr'><strong>sunt</strong></span> <span class='ocrx_word' id='word_1_395' title='bbox 788 3235 832 3276; x_wconf 93' lang='lat' dir='ltr'><strong>in</strong></span> <span class='ocrx_word' id='word_1_396' title='bbox 851 3235 949 3285; x_wconf 87' lang='lat' dir='ltr'><strong>illa,</strong></span> <span class='ocrx_word' id='word_1_397' title='bbox 981 3247 1157 3290; x_wconf 87' lang='lat' dir='ltr'><strong>quorum</strong></span> <span class='ocrx_word' id='word_1_398' title='bbox 1183 3233 1335 3288; x_wconf 81' lang='lat' dir='ltr'><strong>piget,</strong></span> <span class='ocrx_word' id='word_1_399' title='bbox 1356 3231 1503 3272; x_wconf 80' lang='lat' dir='ltr'><strong>taedet</strong></span> <span class='ocrx_word' id='word_1_400' title='bbox 1528 3228 1767 3284; x_wconf 87' lang='lat' dir='ltr'><strong>pudetque,</strong></span> <span class='ocrx_word' id='word_1_401' title='bbox 1797 3230 1844 3266; x_wconf 89' lang='lat' dir='ltr'><strong>ut</strong></span> <span class='ocrx_word' id='word_1_402' title='bbox 1870 3236 1957 3264; x_wconf 70' lang='lat' dir='ltr'><strong>nist-</strong></span> 
     </span>
     <span class='ocr_line' id='line_1_45' title="bbox 239 3280 1953 3345; baseline -0.006 -14"><span class='ocrx_word' id='word_1_403' title='bbox 239 3287 389 3331; x_wconf 87' lang='lat' dir='ltr'><strong>scirem</strong></span> <span class='ocrx_word' id='word_1_404' title='bbox 422 3291 676 3334; x_wconf 80' lang='lat' dir='ltr'><strong>Iudaeorum</strong></span> <span class='ocrx_word' id='word_1_405' title='bbox 702 3306 788 3334; x_wconf 84' lang='lat' dir='ltr'><strong>esse</strong></span> <span class='ocrx_word' id='word_1_406' title='bbox 817 3291 1016 3342; x_wconf 79' lang='lat' dir='ltr'><strong>mentiri,</strong></span> <span class='ocrx_word' id='word_1_407' title='bbox 1050 3305 1105 3332; x_wconf 85' lang='lat' dir='ltr'><strong>ne</strong></span> <span class='ocrx_word' id='word_1_408' title='bbox 1132 3289 1266 3344; x_wconf 86' lang='lat' dir='ltr'><strong>digna</strong></span> <span class='ocrx_word' id='word_1_409' title='bbox 1289 3287 1459 3343; x_wconf 86' lang='lat' dir='ltr'><strong>quidem</strong></span> <span class='ocrx_word' id='word_1_410' title='bbox 1484 3285 1740 3327; x_wconf 76' lang='lat' dir='ltr'><strong>censuissem</strong></span> <span class='ocrx_word' id='word_1_411' title='bbox 1761 3296 1867 3336; x_wconf 84' lang='lat' dir='ltr'><strong>quae</strong></span> <span class='ocrx_word' id='word_1_412' title='bbox 1892 3280 1953 3345; x_wconf 72' lang='lat' dir='ltr'><strong>le-</strong></span> 
     </span>
     <span class='ocr_line' id='line_1_46' title="bbox 239 3338 1953 3401; baseline -0.006 -15"><span class='ocrx_word' id='word_1_413' title='bbox 239 3340 482 3399; x_wconf 84' lang='lat' dir='ltr'><strong>g&#39;erentur.&#39;’</strong></span> <span class='ocrx_word' id='word_1_414' title='bbox 513 3371 570 3378; x_wconf 89' lang='lat'><strong>-—</strong></span> <span class='ocrx_word' id='word_1_415' title='bbox 599 3349 710 3391; x_wconf 86' lang='lat' dir='ltr'><strong>Num</strong></span> <span class='ocrx_word' id='word_1_416' title='bbox 749 3349 904 3391; x_wconf 88' lang='lat' dir='ltr'><strong>multae</strong></span> <span class='ocrx_word' id='word_1_417' title='bbox 926 3346 1192 3391; x_wconf 80' lang='lat' dir='ltr'><strong>narrationes</strong></span> <span class='ocrx_word' id='word_1_418' title='bbox 1218 3343 1512 3401; x_wconf 72' lang='lat' dir='ltr'><strong>Mythologiae</strong></span> <span class='ocrx_word' id='word_1_419' title='bbox 1534 3342 1731 3382; x_wconf 84' lang='lat' dir='ltr'><strong>Graecae</strong></span> <span class='ocrx_word' id='word_1_420' title='bbox 1758 3344 1802 3379; x_wconf 85' lang='lat' dir='ltr'><strong>et</strong></span> <span class='ocrx_word' id='word_1_421' title='bbox 1826 3338 1953 3378; x_wconf 79' lang='lat' dir='ltr'><strong>Chn-</strong></span> 
     </span>
     <span class='ocr_line' id='line_1_47' title="bbox 241 3397 1955 3501; baseline -0.005 -58"><span class='ocrx_word' id='word_1_422' title='bbox 241 3401 414 3501; x_wconf 50' lang='lat' dir='ltr'><strong>Etganael</strong></span> <span class='ocrx_word' id='word_1_423' title='bbox 439 3403 523 3445; x_wconf 84' lang='lat' dir='ltr'><strong>alio</strong></span> <span class='ocrx_word' id='word_1_424' title='bbox 553 3405 676 3449; x_wconf 87' lang='lat' dir='ltr'><strong>modo</strong></span> <span class='ocrx_word' id='word_1_425' title='bbox 710 3412 830 3449; x_wconf 82' lang='lat' dir='ltr'><strong>ortae</strong></span> <span class='ocrx_word' id='word_1_426' title='bbox 861 3405 976 3458; x_wconf 81' lang='lat' dir='ltr'><strong>sint,</strong></span> <span class='ocrx_word' id='word_1_427' title='bbox 1007 3404 1160 3462; x_wconf 86' lang='lat' dir='ltr'><strong>quibus</strong></span> <span class='ocrx_word' id='word_1_428' title='bbox 1187 3407 1238 3447; x_wconf 79' lang='lat' dir='ltr'><strong>ut</strong></span> <span class='ocrx_word' id='word_1_429' title='bbox 1274 3401 1465 3458; x_wconf 77' lang='lat' dir='ltr'><strong>antiquis</strong></span> <span class='ocrx_word' id='word_1_430' title='bbox 1493 3397 1625 3453; x_wconf 83' lang='lat' dir='ltr'><strong>vulgo</strong></span> <span class='ocrx_word' id='word_1_431' title='bbox 1643 3409 1753 3438; x_wconf 85' lang='lat' dir='ltr'><strong>nunc</strong></span> <span class='ocrx_word' id='word_1_432' title='bbox 1787 3406 1955 3451; x_wconf 83' lang='lat' dir='ltr'><strong>quoque</strong></span> 
     </span>
    </p>

    <p class='ocr_par' dir='ltr' id='par_1_5' title="bbox 301 3461 522 3503">
     <span class='ocr_line' id='line_1_48' title="bbox 301 3461 522 3503; baseline 0.005 -1"><span class='ocrx_word' id='word_1_433' title='bbox 301 3472 365 3502; x_wconf 85' lang='lat' dir='ltr'><strong>em</strong></span> <span class='ocrx_word' id='word_1_434' title='bbox 415 3461 522 3503; x_wconf 63' lang='lat' dir='ltr'><strong>ant?</strong></span> 
     </span>
    </p>
   </div>
  </div>
 </body>
</html>
