2222 3938
635 207 736 261 ET
773 208 1362 265 ANNOTATIONES.
1789 203 1914 263 375

79 336 188 386 rius
211 342 260 386 et
284 334 370 384 lib.
398 339 447 389 3.
488 341 595 401 cap.
627 340 681 390 ’3.
723 337 1012 388 Chronicon
1043 340 1169 389 illud
1207 337 1418 392 παλαιὸν
1451 340 1510 389 ab
1537 338 1757 390 Authore
1783 342 1909 390 cita·
1928 345 1986 391 V.
2019 346 2075 391 16

78 415 188 455 tum
221 423 325 454 non
357 414 432 454 est
457 406 798 471 Manethonis‚
836 411 900 459 ob
935 427 1257 461 numerorum
1289 419 1340 460 et
1371 420 1615 462 annorum
1649 413 1911 462 conflictus

77 477 209 526 inter
229 485 498 542 utrumque
525 477 886 527 declarandos
870 498 926 528 m
955 482 1293 546 sequentibus.
1740 495 1747 505 s

214 545 488 618 Ἡφαίστου
509 543 685 616 χρόνος
711 544 804 600 οὐκ
830 551 1004 617 savia]
1041 552 1358 602 Manethonis
1385 553 1674 602 Chronicon
1697 553 1912 603 Vulcani

74 624 284 666 aetatem
308 617 507 667 exhibet
529 619 756 685 superius
775 638 886 686 pag.
916 626 998 676 18.
1030 631 1077 671 et
1104 629 1182 677 19.

196 684 375 748 Ήλιος
407 687 680 753 Ἡφαίστου
717 690 1081 758 ἕβασίλευσεν.]
1134 694 1298 743 Etiam
1341 712 1432 760 pro
1481 693 1655 742 diebus
1699 695 1910 761 sumptis
1940 699 1992 742 P.
2017 700 2071 747 17

72 757 209 806 hisce
235 759 377 807 annis
399 759 550 808 alium
591 765 674 814 86.
704 779 962 811 annorum.
980 764 1082 811 Soli
1112 765 1354 829 Aegyptio
1391 783 1417 812 a
1445 765 1749 814 Manethone
1784 783 1911 815 con-

73 845 323 878 cessorum
347 846 611 879 numerum
637 841 923 896 portentosa
947 833 1071 882 haec
1093 852 1287 882 sumina
1317 836 1532 887 excedit.

215 899 332 951 Θεοὶ
353 895 583 966 duodena]
620 904 866 952 Maimum
889 905 1134 967 gentium:
1176 923 1388 970 qu01u1n
1417 924 1504 954 sex
1529 907 1778 954 duntaxat
1802 907 1910 955 Ma-

70 969 260 1019 netho
244 988 299 1018 m
326 987 469 1019 suum
499 973 804 1036 diagramma
826 976 1014 1023 retulit.

205 1039 458 1108 “Ἠμίθειοι
497 1045 715 1110 βασιλεῖς
752 1041 923 1112 ὀκτώ]
962 1044 1219 1108 Totidem,
1258 1053 1511 1111 expuncto
1540 1040 1781 1112 scelerato
1804 1047 1910 1111 Ty-

70 1110 251 1177 phone.
274 1129 384 1178 pag.
413 1117 493 1166 19.
519 1123 747 1163 numerat
765 1116 1024 1178 Manetho,
1063 1124 1111 1164 et
1136 1134 1308 1164 eorum
1330 1125 1513 1165 aetates
1537 1117 1600 1165 ad
1627 1117 1760 1165 solos
1789 1118 1908 1170 214.

68 1199 224 1230 annos
248 1182 484 1248 provehit
507 1186 726 1250 Scaliger
746 1185 955 1253 ἡμίθεοι
980 1182 1040 1239 ν’.
1069 1188 1300 1254 scripsit,
1345 1187 1686 1236 characterum
1713 1207 1762 1254 η.
1789 1195 1838 1235 et
1862 1206 1907 1237 ν.

0 1260 2 1262 ’
67 1252 394 1302 similitudine
419 1254 635 1304 delusus.

0 1392 2 1394 Ι
162 1324 387 1375 Γενεαὶ
424 1344 467 1375 ιε
466 1322 515 1390 ’.]
553 1327 757 1392 Repono
792 1329 1076 1379 δυναστεῖαι
1116 1324 1188 1380 ιε’.
1223 1329 1494 1378 Confestim
1528 1328 1770 1408 siquidem
1797 1345 1906 1376 sex-

65 1401 118 1442 ta
145 1394 336 1443 decima
360 1405 691 1446 memoratur·
728 1405 778 1447 et
806 1416 918 1447 cum
948 1401 1119 1465 plures
1145 1401 1247 1448 sint
1271 1399 1438 1468 γενεαὶ
1461 1400 1511 1446 in
1534 1398 1707 1463 quavis
1735 1399 1908 1462 Dyna-

69 1465 193 1527 stia,
239 1482 335 1530 pro
369 1466 573 1530 singulis
609 1469 862 1533 Dynastiis
891 1487 995 1518 non
1034 1470 1270 1519 videntur
1307 1470 1531 1534 singulae
1567 1469 1908 1533 generationes

70 1535 404 1600 assignandae.
490 1537 688 1587 Author
711 1539 846 1588 infra
888 1560 992 1590 των
1025 1538 1120 1609 γὰρ
1145 1542 1200 1592 ἐν
1223 1547 1329 1599 τοῖς
1349 1540 1480 1608 τρισὶ
1505 1538 1677 1606 τόμοις
1702 1535 1810 1606 ριγ’.
1831 1558 1906 1606 γε-

4 1669 10 1679 .
68 1611 199 1657 νεῶν
251 1607 308 1658 ἐν
348 1608 661 1670 δυναστείαις
698 1605 755 1662 λ’.
806 1611 1058 1674 scribens,
1107 1612 1476 1676 generationem
1518 1619 1568 1659 et
1614 1610 1906 1675 Dynastiam

66 1678 235 1742 aperte
261 1677 587 1727 discriminat.

208 1751 441 1799 Κυνικοῦ
474 1746 695 1808 κύκλου.]
742 1750 811 1797 Ut
846 1750 1090 1798 sacrificia
1128 1752 1234 1799 Diis
1273 1751 1444 1800 offerri
1471 1751 1638 1811 solita,
1674 1767 1779 1797 non
1804 1766 1904 1798 uno

64 1827 288 1884 tempore
313 1819 548 1883 statisque
576 1820 767 1868 dierum
793 1820 965 1884 horis,
1002 1822 1087 1869 sed
1117 1840 1207 1886 per
1230 1824 1394 1871 varias
1422 1822 1541 1868 anni
1570 1827 1904 1885 tempestates,

65 1907 123 1937 ac
157 1890 403 1953 singulos,
439 1907 542 1938 non
576 1891 679 1938 dies
713 1899 937 1955 tantum,
979 1892 1065 1940 sed
1101 1901 1148 1939 et
1181 1893 1280 1940 diei
1313 1893 1611 1958 quadrantes
1649 1892 1904 1956 persolve·

63 1968 212 2023 rent,
250 1960 367 2007 solis
394 1962 512 2013 365.
541 1961 714 2009 diebus
734 1962 922 2027 absque
947 1963 1238 2026 quadrantis
1263 1963 1538 2044 appendice
1563 1979 1744 2009 annum
1772 1980 1906 2009 com-

62 2031 187 2098 poni
225 2031 498 2079 voluerunt
527 2031 786 2097 Aegyptii·
838 2049 940 2097 quo
969 2033 1124 2082 fiebat
1161 2041 1220 2082 ut
1262 2035 1442 2082 omisso
1478 2033 1767 2081 intercalari
1804 2032 1900 2088 die,

64 2101 270 2165 singulis
293 2101 525 2149 trienniis
551 2102 862 2151 vertentibus
891 2103 1014 2152 anni
1048 2104 1343 2170 Aegyptiaci
1371 2113 1523 2168 caput
1555 2103 1732 2151 Iuliani
1759 2103 1906 2182 prin-

66 2172 253 2237 cipium
276 2189 374 2219 uno
398 2172 476 2219 die
502 2180 865 2236 praeverteret,
905 2192 963 2220 ac
986 2175 1189 2222 tandem
1214 2183 1328 2240 post
1359 2174 1512 2226 1460.
1533 2191 1690 2220 annos
1716 2174 1903 2220 Ullius—

64 2259 163 2308 que
199 2241 510 2307 principium
549 2243 613 2289 ad
641 2251 822 2290 metam
855 2245 987 2291 unde
1021 2246 1239 2308 primum
1279 2251 1595 2305 excurrerat,
1631 2250 1900 2291 revertere-

63 2322 174 2361 tur:
226 2312 363 2376 quod
392 2313 691 2359 Censorinus
727 2314 897 2376 paucis
925 2314 1167 2363 exhibuit.
1242 2314 1599 2378 Aegyptiorum
1638 2329 1796 2360 annus
1823 2313 1900 2359 ci·-

64 2384 180 2431 vilis
214 2382 364 2430 habet
393 2383 496 2429 dies
522 2384 642 2435 365.
671 2383 780 2430 sine
814 2384 921 2431 ullo
945 2383 1248 2434 intercalari.
1318 2385 1491 2448 Itaque
1516 2382 1898 2448 quadriennium

67 2454 200 2518 apud
234 2471 316 2501 eos
342 2470 442 2500 uno
479 2453 677 2501 circiter
715 2453 794 2501 die
829 2454 995 2503 minus
1029 2462 1132 2516 est,
1184 2471 1332 2519 quam
1366 2455 1596 2502 naturale
1625 2453 1897 2517 quadrien-

65 2525 235 2574 nium:
285 2540 442 2588 eoque
473 2523 533 2570 fit
559 2531 614 2571 ut
647 2540 778 2572 anno
810 2524 962 2577 1461.
999 2524 1062 2572 ad
1093 2525 1226 2572 idem
1252 2525 1543 2574 revolvatur
1568 2524 1895 2590 principium.

66 2595 196 2655 Quia
219 2611 338 2643 vero
363 2593 603 2659 periodus
631 2611 875 2642 annorum
906 2594 1194 2644 huiusmodi
1223 2596 1373 2649 1460.
1403 2595 1536 2644 circa
1562 2595 1706 2643 Canis
1728 2603 1896 2644 ortum

16 2709 21 2714 .
64 2665 241 2733 p1imis
273 2664 579 2751 temporibus
619 2665 785 2730 coepit
818 2664 1042 2724 1nst1tu1,
1104 2665 1407 2714 canicularis
1434 2682 1632 2731 quoque
1656 2665 1895 2732 periodus

65 2738 171 2786 sive
195 2732 418 2795 Κυνικός
449 2730 633 2795 κύκλος
664 2735 884 2798 audivit,
927 2754 955 2783 a
984 2737 1112 2785 Cane
1143 2737 1320 2802 sydere
1348 2737 1605 2800 exoriens,
1644 2744 1694 2785 et
1715 2736 1768 2783 in
1798 2738 1896 2783 Ca-

64 2825 176 2856 nem
202 2806 456 2854 desinens:
495 2806 554 2853 de
582 2824 681 2870 quo
706 2773 952 2855 videndus
976 2807 1187 2855 Allatius
1214 2808 1275 2855 de
1300 2808 1452 2856 Mens.
1478 2808 1648 2872 Temp.
1677 2824 1784 2872 cap.
1817 2807 1895 2859 14-

67 2886 117 2927 et
145 2878 375 2926 Petavius
410 2876 471 2924 de
496 2877 639 2927 Doct.
663 2878 834 2940 Temp.
863 2878 1114 2942 prioribus
1139 2878 1226 2926 lib.
1252 2882 1302 2931 3.
1328 2895 1470 2942 capp.
1500 2886 1548 2926 et
1575 2878 1748 2943 quinto
1777 2895 1895 2926 sex—

66 2957 216 3012 toque
237 2947 321 2995 lib.
349 2947 399 3000 5.
426 2947 672 2995 Auctarii:
711 2948 889 3012 quibus
914 2949 1038 2996 locis
1072 2957 1283 3013 uterque
1308 2949 1363 2995 in
1386 2949 1685 3012 Scaligerum
1713 2949 1773 2996 de
1799 2950 1895 2994 So-

67 3018 232 3066 thiaca
266 3018 371 3066 sive
399 3018 681 3066 Caniculari
706 3019 916 3106 periodo
944 3020 1069 3066 falso
1098 3020 1417 3068 disserentem
1450 3019 1629 3084 pagina
1654 3019 1893 3067 Notarum

70 3089 190 3142 248.
210 3086 288 3134 his
308 3087 487 3139 verbis.
559 3092 738 3139 Σῶθιν
761 3086 855 3156 τὴν
883 3084 960 3139 '1oe
978 3085 1170 3154 Ἰναχου
1197 3108 1229 3135 ι
1220 3090 1447 3137 ocabant
1468 3090 1736 3155 Aegyptii.-
1776 3091 1893 3135 item.

71 3154 351 3222 Σωθιακην
383 3158 648 3225 περίοδον,
694 3161 844 3221 Ἰοῦς,
894 3162 998 3209 sive
1037 3160 1193 3209 Isidis*
1226 3163 1709 3226 peregrinationem,
1766 3176 1893 3222 quae

70 3231 225 3276 etiam
258 3229 472 3288 refertur
501 3246 535 3275 a
557 3231 849 3277 Prometheo
879 3230 1024 3294 apud
1040 3231 1234 3319 Aes-cle?
1240 3233 1362 3280 lam.
1442 3230 1692 3281 Videntur
1724 3230 1890 3290 Amy-

10 3360 12 3362 ·
62 3302 166 3364 pm·
191 3315 442 3345 annorum
474 3302 806 3348 certissimam
838 3301 1076 3365 epocham
1111 3297 1210 3354 ἆπὸ
1238 3306 1328 3365 τῆς
1351 3305 1625 3364 Σωθιακῆς
1653 3294 1890 3363 περιόδου

70 3371 253 3434 repetit
256 3371 377 3429 isse,
429 3377 487 3415 ut
530 3374 798 3434 manff'esco
835 3372 1100 3437 colligitur
1139 3391 1195 3422 ex
1227 3374 1468 3422 Clemente
1507 3368 1889 3419 Alexandrino.-

70 3458 191 3504 quae
214 3456 346 3486 mere
369 3439 529 3487 anilia.

196 3505 278 3560 'Ev
306 3509 462 3560 ἔτεσιν
493 3504 643 3576 υμγ’.]
684 3510 939 3559 Annorum
973 3511 1248 3560 centuriam
1279 3528 1427 3558 unam
1459 3509 1540 3559 vel
1569 3509 1774 3558 alteram
1804 3506 1886 3555 hie
