2112 3854
691 174 1047 230 DISSERTA
1057 175 1205 230 ΤΙΟ.
1784 167 1866 230 43

44 303 112 354 ab
145 303 437 353 bominibus·
480 321 540 352 ne
580 303 874 352 inhabitata
909 305 1108 371 quidem
1133 309 1332 371 fuerit3
1382 312 1431 357 et
1479 307 1613 373 quod
1659 324 1868 372 regnum

31 374 366 439 -Nembrodis‚
404 375 582 424 Genesi
615 383 852 439 testante,
888 378 1106 442 primum
1136 395 1344 444 regnum
1373 387 1534 429 terrae
1570 378 1719 428 fuisse
1744 397 1870 429 nar-

42 453 195 497 retur.

181 515 338 564 Huius
362 516 650 579 sententiae,
686 515 911 565 homines
934 526 1048 566 ante
1081 519 1321 568 diluvium
1345 520 1401 568 in
1421 519 1516 569 hac
1541 527 1711 569 nostra
1737 526 1871 568 terra

43 602 147 636 non
170 585 441 650 habitasse,
477 587 758 636 testimonia
796 588 1037 653 producit
1062 591 1303 654 Georgius
1328 591 1383 642 ἔκ
1403 595 1566 657 τετῆς
1588 592 1733 651 θείας
1754 610 1871 658 γρα-

45 659 150 722 φῆς
180 655 267 707 καὶ
302 657 356 708 ἔκ
388 676 540 708 τινων
571 662 828 726 πατρικῶν
864 664 1150 728 μαρτυριῶν
1182 677 1292 726 pag.
1336 662 1417 715 14.
1459 663 1518 711 D.
1560 669 1609 711 et
1644 678 1754 726 pag.
1786 661 1869 714 15.

15 726 304 793 ·Scriptura
344 728 472 776 enim
516 729 684 778 divina
720 729 871 778 dicit:
925 731 1024 793 „Et
1061 730 1203 779 eiecit
1242 732 1488 781 Adamum
1522 740 1573 781 et
1604 731 1871 780 collocavit

35 812 157 846 ⁴eum
191 792 429 850 ἀπέναντι
462 803 556 850 τοῦ
587 801 922 868 παραδείσου,
960 818 1126 849 coram
1159 802 1420 866 Paradiso,
1454 803 1498 852 i.
1532 820 1575 853 e.
1607 819 1767 868 prope
1806 801 1870 849 ad

42 867 345 918 Paradisum.
415 870 690 935 Babylonia
723 878 886 919 autem
915 879 963 919 et
987 879 1153 919 nostra
1171 879 1310 932 *terra
1334 874 1565 923 universa
1582 890 1758 937 magno
1784 872 1872 920 in-

42 939 254 988 tervallo
306 939 460 988 distat
495 941 556 988 ab
598 942 655 989 in
687 943 925 990 orientem
960 959 1102 990 versa
1146 943 1325 1005 Edem,
1360 943 1417 990 in
1455 961 1550 1008 qua
1582 943 1871 992 Paradisum

42 1022 148 1058 esse
194 1009 416 1060 dicimus.
489 1011 651 1076 Atque
685 1020 744 1060 ut
779 1012 931 1060 huius
966 1012 1090 1060 dicti
1109 1020 1284 1061 testem
1308 1014 1521 1079 aliquem
1549 1018 1651 1065 τῶν
1678 1008 1871 1077 &wepd-

43 1098 147 1146 ρων
168 1077 504 1139 διδασκάλων,
543 1083 805 1131 doctorum
834 1083 1037 1132 numine
1064 1083 1360 1132 adflatorum
1382 1085 1747 1152 producamus,
1783 1083 1872 1130 ad-

7 1149 110 1217 -Sit
149 1150 294 1199 nobis
336 1150 367 1204 ὅ
401 1157 544 1214 θεῖος
581 1149 822 1222 Ἑφραῖμ,
883 1153 921 1220 ἦ
970 1145 1610 1222 ω’κεανόβρυτοςῆκλῶσσα,
1664 1153 1875 1201 divinas

40 1220 320 1286 Ephraem‚
355 1222 526 1288 lingua
562 1225 652 1272 illa
693 1242 874 1273 oceano
919 1225 1224 1289 eloquentiae
1264 1226 1539 1274 scaturiens
1560 1224 1663 1291 ²³),
1699 1225 1783 1290 qui
1816 1224 1872 1272 in

41 1292 353 1340 orationibus
376 1294 664 1358 dogmaticis
687 1296 748 1343 de
776 1295 1008 1343 Paradiso
1031 1295 1127 1344 hoc
1151 1303 1298 1361 pacto
1324 1296 1479 1346 dicit:

185 1363 428 1412 Omnibus
460 1365 807 1414 altitudinibus
845 1366 1066 1414 amoenis
1109 1367 1258 1414 altior
1297 1374 1371 1414 est
1397 1365 1683 1427 Paradisus;
1722 1364 1873 1413 dilu-

40 1432 116 1482 vii
136 1450 291 1498 aquae
318 1434 381 1481 ad
405 1435 510 1484 eius
537 1437 729 1485 radices
751 1445 946 1485 tantum
969 1437 1268 1501 pertinuere.
1329 1437 1564 1485 Homines
1591 1452 1711 1484 vero
1738 1435 1873 1483 dilu-

39 1503 126 1553 vio
160 1504 467 1569 antiquiores
508 1506 640 1555 inter
681 1509 934 1556 Oceanum
965 1515 1013 1555 et
1052 1508 1340 1555 Paradisum
1376 1507 1690 1554 habitarunt:
1730 1505 1873 1553 Caini

41 1574 235 1623 soboles
273 1575 329 1622 in
355 1583 488 1624 terra
510 1578 621 1626 Nod
641 1578 674 1626 i.
706 1595 748 1627 e.
774 1578 990 1626 tremula
1015 1576 1094 1639 24)
1115 1596 1127 1638 3
1165 1577 1259 1625 filii
1282 1577 1419 1624 Sethi
1442 1578 1496 1624 in
1520 1584 1652 1624 terra
1679 1576 1875 1638 altiore,

40 1655 104 1693 ne
119 1682 133 1708 ,
169 1644 247 1693 uti
272 1645 332 1693 ab
356 1646 544 1696 Adamo
569 1647 693 1696 iussi
716 1656 885 1711 erant,
923 1664 1037 1696 cum
1063 1647 1205 1695 Caini
1228 1647 1511 1696 fratricidae
1536 1646 1704 1694 sobole
1730 1663 1873 1693 com·-

40 1716 380 1769 miscerentur.
455 1719 595 1766 Caini
634 1719 827 1767 soboles
867 1726 973 1767 erat
1012 1718 1218 1767 humilis
1254 1726 1470 1766 staturae
1503 1725 1712 1783 propter
1743 1732 1875 1764 exe—

43 1786 315 1835 crationem
350 1788 403 1836 in
422 1789 659 1854 Cainum,
694 1790 787 1838 filii
815 1789 953 1838 Sethi
989 1797 1132 1838 erant
1161 1789 1392 1853 Gigantes
1423 1796 1484 1836 et·
1506 1796 1742 1852 tanquam
1775 1803 1876 1834 an·-

40 1857 138 1922 geli
172 1857 262 1906 nei
294 1857 348 1905 in
391 1860 491 1907 alta
526 1860 725 1924 regione
745 1859 838 1927 2⁵).
910 1860 1068 1909 Filiae
1100 1877 1218 1909 vero
1260 1859 1396 1907 Caini
1420 1859 1482 1907 ad
1510 1876 1595 1907 eos
1619 1859 1875 1924 profectae

39 1927 243 1977 musicis
275 1926 411 1978 tibiis
443 1938 491 1979 et
523 1931 710 1997 cinyris
747 1931 1057 1980 deducerunt
1091 1948 1172 1980 eos
1207 1930 1268 1979 de
1287 1931 1489 1994 regione
1514 1931 1629 1989 alta,
1664 1929 1870 1992 illisque

39 2006 348 2066 nupserunt:
390 2018 447 2049 ac
474 2011 723 2050 crescente
757 2003 919 2066 legum
947 2009 1198 2050 contemtu
1234 2009 1460 2049 exortum
1487 2008 1560 2048 est
1608 1999 1875 2047 diluvium.

39 2069 105 2118 Et
140 2070 312 2118 eduxit
336 2071 468 2120 Deus
500 2090 665 2121 arcam
698 2074 827 2122 Nobis
851 2073 906 2121 in
941 2081 1158 2121 montem
1186 2071 1401 2134 Aravat,
1441 2078 1489 2119 et
1514 2070 1695 2119 dehinc
1725 2069 1873 2117 habi-

39 2147 213 2190 tarunt
233 2140 460 2192 homines
485 2142 582 2192 hac
603 2146 659 2193 in
681 2152 832 2194 terra.
889 2145 968 2192 Ex
995 2161 1094 2208 quo
1122 2150 1275 2209 patet,
1311 2151 1493 2191 terram
1522 2159 1657 2190 nunc
1683 2141 1872 2188 cultam

38 2219 165 2260 tunc
199 2212 440 2261 incultam
474 2214 648 2264 fuisse:
686 2233 803 2263 nam
846 2214 1184 2263 misericordia
1217 2213 1304 2261 Dei
1335 2213 1623 2261 habitarunt
1648 2210 1874 2259 homines

40 2289 157 2330 ante
191 2281 439 2331 diluvium
478 2284 534 2332 in
565 2286 848 2350 regionibus
871 2303 1030 2351 prope
1056 2285 1120 2332 ad
1147 2284 1429 2333 Paradisum
1458 2284 1554 2346 (εἷς
1575 2278 1636 2332 τοὶ
1660 2281 1875 2346 πλησίον

39 2355 132 2403 τοῦ
163 2354 491 2419 παραδείσου)
524 2355 657 2405 inter
695 2358 949 2405 Oceanum
986 2364 1035 2403 et
1073 2355 1376 2403 Paradisum.
1449 2354 1613 2417 Caligo
1641 2369 1758 2400 vero
1788 2367 1875 2397 ex·-

38 2422 209 2485 terior‚
231 2423 292 2472 de
317 2441 412 2488 qua
435 2425 660 2475 Christus
687 2427 824 2490 dicit,
852 2427 984 2474 intra
1005 2426 1292 2491 paradisum
1317 2432 1406 2474 est.
1454 2423 1715 2472 Paradisus
1740 2421 1875 2468 enim

40 2510 157 2542 cum
203 2494 403 2543 Oceano
436 2502 601 2545 totum
645 2498 814 2546 orbem
845 2504 1092 2546 terrarum
1141 2495 1194 2542 in
1218 2495 1405 2543 circulo
1435 2494 1614 2555 ambit,
1651 2492 1706 2540 in
1728 2491 1874 2557 plaga

41 2564 272 2613 orientali
305 2566 460 2614 Edem
510 2575 609 2631 est,
657 2576 706 2616 et
733 2567 924 2617 lumina
959 2567 1087 2614 Solis
1120 2567 1385 2630 Lunaeque
1417 2563 1552 2612 intra
1580 2563 1871 2612 Paradisum

42 2634 278 2684 oriuntur
313 2644 460 2702 atque
501 2655 558 2687 eo
595 2647 854 2704 peragrato
887 2645 1029 2686 extra
1067 2637 1318 2685 occidunt.
1353 2634 1439 2686 καὶ
1463 2632 1524 2686 τοὶ
1551 2634 1681 2699 ἑξῆς.

169 2706 235 2754 Iis
266 2707 421 2771 igitur
455 2710 543 2774 qui
563 2727 667 2758 non
689 2709 969 2775 'pertinaces
990 2715 1104 2756 sunt
1131 2707 1257 2775 (τοῖς
1279 2701 1554 2771 εὖπειθὲσι)
1579 2705 1701 2753 haec
1728 2702 1873 2752 suffi-

43 2793 156 2825 cere
182 2777 423 2836 arbitror,
459 2788 516 2829 ut
534 2780 597 2829 iis
623 2797 908 2846 persuasum
927 2779 1015 2841 sit,
1051 2777 1275 2827 homines
1300 2785 1414 2826 ante
1438 2776 1686 2826 diluvium
1712 2775 1873 2823 Ocea-

41 2864 164 2895 num
186 2848 318 2896 inter
340 2857 388 2897 et
414 2851 701 2899 Paradisum
728 2851 1022 2900 habitasse.”

182 2918 425 2984 Magnam,
465 2922 540 2970 uti
567 2924 787 2988 apparet,
825 2921 1171 2970 auctoritatem
1206 2918 1446 2983 Georgius
1474 2916 1752 2984 Ephraemo
1774 2914 1874 2963 tri-

42 2987 181 3051 buit,
225 2988 296 3037 ita
326 2998 386 3039 ut
425 2991 572 3041 iuxta
607 3010 798 3041 sacram
840 2992 1138 3058 scripturam
1168 2989 1509 3039 testimonium
1548 2988 1653 3037 eius
1687 2993 1873 3053 ponat3

100 3154 182 3211 23)
212 3155 430 3211 Georgius
462 3158 689 3215 Nyssenus
718 3158 763 3201 in
799 3157 990 3201 oratione
1027 3155 1198 3200 funebri
1221 3155 1506 3213 Ephraemum
1533 3152 1679 3197 laudat
1699 3167 1747 3195 re
1769 3164 1875 3193 vera

158 3214 379 3257 Ecclesiae
420 3218 673 3273 Euphraten
688 3247 702 3268 ‚
733 3215 854 3258 cuius
896 3215 1019 3272 aquis
1050 3215 1233 3270 irrigata
1272 3213 1610 3256 Christianorum
1650 3207 1873 3275 multitudo

157 3271 397 3327 centuplum
417 3273 519 3316 fidei
543 3275 728 3316 fructum
752 3273 961 3330 producit.
1044 3270 1124 3326 24)
1154 3273 1225 3315 Ne
1249 3284 1339 3313 cum
1366 3271 1512 3312 Goaro
1541 3268 1705 3310 inseras
1725 3281 1872 3332 ugxtcp-

157 3341 242 3371 κει.
367 3330 448 3386 25)
486 3331 672 3375 Adamus
702 3330 747 3373 in
779 3330 989 3372 Talmude
1022 3334 1246 3382 narratur,
1288 3332 1509 3383 antequam
1544 3327 1814 3381 peccaverit,
1843 3335 1870 3363 a

158 3389 278 3426 terra
291 3397 425 3440 usque
448 3389 505 3431 ad
527 3389 688 3432 coelum
703 3387 975 3444 pertinuisse.
996 3385 1252 3440 (Deuteron.
1283 3382 1326 3430 4.
1355 3385 1452 3444 32.)
1511 3384 1742 3434 Postquam
1765 3391 1868 3420 vero

159 3440 323 3484 decima
339 3441 458 3488 vitae
481 3446 587 3489 hora
609 3444 890 3503 peccavisset,
920 3446 1251 3488 Deum‘manum
1271 3442 1312 3488 ei
1331 3441 1590 3499 imposuisse,
1617 3437 1689 3480 Ps.
1706 3436 1800 3481 139.
1825 3435 1867 3479 5.

158 3498 188 3541 ἰ.
215 3512 255 3541 e.
278 3512 371 3542 eum
393 3501 568 3547 minoris
592 3507 786 3547 staturae
802 3501 974 3546 fecisse.
