2222 3938
314 177 440 237 498
902 178 903 181 '
940 183 1523 240 EMENDATIONES

315 319 409 383 qui
447 314 818 383 dereliquerunt
853 318 1022 365 Deum
1060 331 1240 376 suum,
1290 322 1337 360 et
1381 311 1725 363 adoraverunt
1764 316 1902 362 Deos
1938 316 2148 378 alienos-3

303 406 404 453 pro
434 406 530 453 qao
556 390 730 435 scelere
758 386 872 433 dati
900 395 1022 433 sunt
1051 387 1106 431 in
1126 383 1368 449 gladium
1400 393 1492 435 etc.
1533 402 1646 434 cum
1679 385 1915 435 videlicet
1944 386 2149 435 abducti

309 460 365 507 in
389 459 758 524 captivitatem,
796 458 860 504 ad
893 458 1146 504 idolorum
1177 456 1364 503 cultum
1393 456 1622 522 deinceps
1661 473 1765 506 non
1806 457 2148 506 deflexerunt:

310 530 455 578 Prius
472 530 641 592 itaque
667 527 894 592 corrupti
922 527 1086 575 cultus
1101 527 1191 588 rei,
1216 528 1351 573 Data·
1374 536 1495 572 sunt
1517 529 1572 573 in
1593 526 1848 592 gladium3
1877 537 1921 573 et
1938 530 1993 574 in
2006 531 2149 593 rapi-

310 618 451 662 nam,
474 609 519 645 et
543 600 597 645 in
620 600 965 660 confusionem
985 599 1212 643 inimicis
1225 598 1336 642 suis
1350 616 1366 645 .·
1390 597 1597 644 Demum
1611 597 1781 646 Iudith
1797 597 1984 646 virtute
2005 616 2032 646 a
2055 616 2149 664 pe·-

309 671 470 719 riculo
490 668 777 716 imminente
797 668 1010 727 liberati,
1036 667 1235 713 nullum
1259 674 1486 714 exterum
1503 684 1666 731 regem
1682 668 1876 733 experti
1899 676 2033 731 sunt,
2057 671 2149 734 qai

301 739 626 805 perturbaret
645 739 821 800 Israel,
845 746 1023 803 etpost
1041 745 1247 784 mortem
1262 735 1440 784 Iudith
1464 740 1616 785 anni-9
1638 739 1844 786 multis:
1874 739 2032 787 donec
2047 743 2148 787 An-

309 809 597 858 tiochorum
632 809 860 873 tyrannis
896 826 978 857 eos
1015 807 1199 856 afflixit
1222 807 1578 856 vehementius.
1661 809 1903 857 Addenda
1933 811 1989 857 in
2015 809 2147 858 hanc

312 880 519 929 eandem
550 888 765 928 mentem
800 879 859 926 ab
886 878 1111 927 Authore
1133 879 1342 926 inferius
1371 879 1597 943 exposita
1621 896 1730 944 pag.
1756 883 1877 934 251.
1900 879 1959 929 A.

448 949 504 1001 ‘O
531 949 585 1000 ἐκ
608 954 698 1016 τῆς
726 946 907 1015 δούλης
931 949 1014 1015 ἔτη
1041 944 1157 1015 μδ’.]
1202 949 1420 1013 Scaliger
1453 967 1567 997 cum
1593 950 1806 999 Eusebio
1833 951 1916 1017 ἔτη
1949 947 2034 1002 λδ’.
2063 967 2149 999 se-

312 1021 487 1085 quenti
507 1038 705 1085 quoque
733 1021 1004 1085 Tarquinio
1029 1023 1113 1074 35.
1141 1020 1345 1067 ascribit
1370 1037 1480 1086 pag.
1504 1021 1590 1074 42.
1626 1038 1801 1069 verum
1835 1038 1898 1069 ex
1930 1021 2147 1070 Eusebio

310 1091 633 1156 Hieronymi,
676 1091 819 1139 cuius
849 1092 1065 1139 calculos
1099 1091 1413 1155 frequentius
1450 1091 1660 1155 deserit,
1694 1099 1849 1157 prout
1886 1093 2148 1157 utriusque

309 1163 442 1211 facta
470 1163 775 1227 comparatio
804 1161 1038 1211 declarat.

456 1247 568 1298 Τοῦ
591 1244 646 1298 δὲ
668 1241 858 1312 κόσμου
881 1241 1098 1314 fimas]
1136 1245 1432 1311 Tarquinius
1458 1245 1659 1295 Priscus
1685 1245 1744 1294 ab
1772 1244 1905 1294 orbis
1937 1244 2148 1294 conditu

310 1318 465 1373 4876.
500 1318 729 1380 regnavit
757 1317 899 1365 annis
934 1320 1020 1370 37.
1048 1317 1112 1365 ad
1135 1318 1392 1381 vulgarem
1426 1317 1594 1382 itaque
1620 1324 1903 1366 correctum
1933 1316 2092 1371 4913.
2117 1332 2147 1364 a

310 1406 412 1454 quo
436 1389 637 1436 Servius
663 1389 840 1436 Tullus
873 1404 1082 1452 regnum
1106 1387 1320 1439 orditur.

456 1455 596 1519 Τινὲς
622 1456 927 1524 βούλονται]
966 1459 1139 1523 Signat
1173 1457 1462 1507 Chronicon
1493 1457 1889 1508 Alexandrinum
1921 1473 2034 1524 pag.
2057 1455 2144 1511 84.

309 1537 359 1579 et
389 1546 438 1578 se
510 1565 525 1580 .

442 1546 559 1650 (ἐπὶ
584 1595 640 1649 τὸ
664 1594 754 1650 κδ’.
781 1597 923 1664 ἔτος]
962 1598 1248 1647 Vertentem
1269 1606 1318 1646 et
1342 1598 1641 1649 absolutum.

436 1667 563 1735 ’Έτη
590 1667 681 1735 μὲν
705 1669 930 1736 γίνονται
954 1664 1091 1735 σκς’.]
1133 1669 1393 1734 Tarquinii
1420 1671 1634 1736 Superbi
1658 1677 1861 1735 quartus
1889 1687 2039 1736 supra
2062 1669 2146 1719 vi—

312 1740 547 1789 cesimum
570 1741 742 1788 mundi
768 1741 926 1794 4980.
961 1740 1151 1805 reperit
1175 1740 1507 1789 incidentem:
1547 1742 1767 1806 adeoque
1802 1742 1988 1792 Romae
2019 1758 2145 1789 con-

310 1811 422 1860 ditu
443 1811 507 1857 ad
526 1810 704 1858 mundi
727 1810 882 1863 4755.
907 1828 1061 1875 prave
1084 1811 1276 1876 scripto
1305 1828 1415 1876 pag.
1448 1813 1564 1865 195.
1592 1813 1644 1864 B.
1674 1813 1751 1860 nil
1787 1811 1971 1860 mirum
2006 1811 2049 1859 si
2081 1811 2146 1859 ad

308 1879 608 1945 regifugium
638 1897 798 1944 usque
823 1881 915 1927 soli
947 1878 1061 1931 σκε’.
1090 1881 1188 1929 hoc
1215 1888 1288 1928 est
1313 1882 1432 1935 225.
1456 1883 1724 1931 videantur
1742 1882 2028 1944 desiderari,
2060 1882 2145 1946 qui

310 1969 375 1999 ex
410 1950 622 2016 privatis
653 1967 828 2014 regum
862 1951 1067 2006 summis
1094 1969 1120 1999 a
1145 1951 1322 1999 mundi
1348 1952 1504 2005 4754.
1531 1953 1593 1999 ad
1626 1954 1781 2006 4981.
1814 1960 2146 2000 numerantur

311 2023 435 2076 227.
472 2021 607 2069 Haec
628 2020 802 2069 homas
832 2021 1054 2069 omnium
1071 2059 1084 2083 ,
1123 2039 1246 2086 quas
1268 2021 1505 2069 Historici
1528 2022 1723 2086 regibus
1755 2024 2028 2071 Romanam
2051 2040 2144 2071 ur-

309 2092 424 2140 bem
468 2091 930 2140 administrantibus
974 2091 1251 2156 assignent,
1308 2092 1513 2140 minima
1552 2100 1641 2143 est.
1729 2094 1961 2142 Studium
1999 2111 2145 2142 omne

310 2179 691 2227 supremamque
718 2161 1025 2225 diligentiam
1045 2162 1112 2221 jn
1149 2179 1203 2209 ea
1236 2161 1299 2209 ad
1331 2162 1459 2211 diem
1493 2179 1650 2227 usque
1685 2163 1920 2212 ultimum
1951 2165 2146 2212 consti-

309 2233 497 2281 tuenda
521 2240 804 2297 posuerunt
836 2232 1068 2295 Sigonius
1094 2240 1143 2280 et
1171 2233 1412 2281 Onufrius
1430 2271 1443 2294 ‚
1483 2251 1607 2298 quos
1631 2233 1856 2282 imitatus
1883 2235 2019 2282 omni
2053 2235 2146 2283 lit-

309 2311 531 2351 terarum
556 2320 733 2367 genere
761 2304 992 2351 excultus
1016 2303 1250 2351 Petavius
1275 2303 1360 2351 lib.
1385 2308 1464 2356 10.
1490 2305 1551 2352 de
1570 2305 1712 2355 Doct.
1743 2306 1912 2370 Temp.
1935 2322 2040 2370 cap.
2059 2311 2143 2359 21.

312 2390 377 2422 ex
412 2374 478 2421 eis
517 2381 567 2422 et
590 2374 700 2422 aliis
738 2375 1074 2422 Romanarum
1107 2390 1275 2422 rerum
1310 2375 1670 2440 scriptoribus,
1710 2376 1844 2439 quod
1870 2375 2145 2424 humanum

309 2444 514 2493 vaenari
538 2451 703 2509 potest
723 2443 974 2508 ingenium
1000 2462 1091 2492 suo
1122 2445 1289 2493 labore
1317 2452 1364 2491 et
1388 2446 1635 2494 industria
1664 2453 1826 2494 totum
1850 2446 2143 2510 assequitur.

312 2515 493 2575 Quoad
518 2514 792 2563 Authorem
823 2515 1047 2564 observo,
1089 2519 1134 2568 1.
1159 2516 1327 2579 Regno
1353 2517 1556 2564 Romuli
1586 2516 1839 2564 communi
1861 2517 2145 2565 Historico-

310 2602 428 2634 rum
463 2586 696 2650 suffragio
736 2584 879 2633 annis
905 2589 989 2639 38.
1015 2586 1296 2646 attributis,
1334 2587 1436 2634 eius
1461 2604 1590 2635 anno
1618 2590 1698 2640 13.
1730 2588 1937 2635 Romam
1964 2588 2144 2635 funda-

310 2663 415 2703 tam
448 2658 658 2719 referre,
697 2656 919 2720 adeoque
957 2657 1016 2704 ab
1057 2656 1161 2704 eius
1202 2656 1407 2704 conditu
1434 2658 1563 2706 solos
1591 2658 1675 2711 25.
1707 2667 1862 2706 annos
1885 2674 1948 2705 ex
1977 2675 2034 2705 eo
2059 2674 2143 2706 re·-

309 2727 602 2777 censendOS.
639 2733 688 2781 2.
713 2727 901 2775 Numae
927 2726 1252 2791 quadraginta
1288 2735 1337 2775 et
1370 2744 1525 2776 unum
1538 2760 1556 2790 ‚·
1586 2735 1695 2776 tum
1722 2727 1832 2789 hic,
1868 2734 1974 2775 tum
2006 2728 2142 2793 apud

307 2795 578 2845 Eusebium
597 2797 884 2857 numerari,
921 2797 1099 2845 unicus
1122 2805 1289 2845 tamen
1315 2798 1400 2845 ille
1426 2798 1852 2863 quadragesimum
1882 2815 2140 2864 superans,

308 2867 649 2930 interregnum
675 2875 790 2932 post
815 2876 1042 2932 ereptum
1065 2869 1335 2916 Romulum
1360 2876 1407 2916 et
1433 2870 1642 2917 Numam
1669 2885 1830 2931 regem
1854 2870 2140 2934 proclama-

307 2945 418 2984 tum
456 2937 588 3000 apud
618 2938 742 2985 alios
779 2939 1021 2988 emetitur.
1069 2942 1121 2992 3.
1161 2941 1301 2986 Anco
1324 2939 1505 2987 Martio
1532 2939 1659 2986 solos
1685 2942 1767 2992 23.
1795 2947 1844 2986 et
1864 2940 2138 3006 Tarquinio

308 3010 395 3061 37.
428 3007 597 3055 tribui.
671 3008 747 3055 Ex
784 3009 965 3072 quibus
998 3009 1080 3065 fit,
1121 3017 1179 3057 ut
1211 3026 1324 3056 cum
1357 3008 1583 3073 plerique
1619 3008 1946 3074 ChronoIogi,
1987 3011 2139 3078 (inter

311 3094 438 3143 quos
459 3077 676 3143 reperias
711 3077 1007 3144 Eusebium)
1044 3081 1224 3126 Romae
1250 3079 1506 3126 conditum
1532 3097 1558 3126 a
1591 3079 1753 3143 primo
1784 3081 1981 3129 Romuli
2005 3099 2136 3130 anno

308 3155 627 3210 recenseant,
673 3155 781 3195 tum
817 3149 944 3197 Anci
975 3149 1140 3198 Martii
1182 3165 1336 3195 annos
1363 3149 1446 3201 24.
1489 3157 1537 3196 et
1572 3150 1830 3214 Tarquinii
1863 3152 2020 3200 Prisci
2047 3155 2133 3205 38.

308 3227 594 3267 numerent:
631 3219 889 3284 propriam
916 3236 1156 3267 summam
1178 3218 1462 3283 quindecim
1486 3220 1625 3267 annis
1649 3222 2016 3287 Syncellianam
2044 3238 2137 3270 su·-

311 3306 487 3355 perare
508 3289 720 3339 videant.
782 3289 908 3336 Solis
935 3289 1311 3354 quatuordecim
1335 3290 1530 3337 excedit
1551 3289 1681 3338 hanc
1703 3292 2006 3342 Eusebiana:
2033 3299 2136 3340 tre-

314 3360 475 3408 decim
499 3360 734 3421 nimirum
757 3376 820 3407 ex
846 3360 1249 3426 Romuliregno,
1289 3366 1338 3407 et
1366 3360 1520 3408 altero
1555 3378 1618 3409 ex
1650 3363 1811 3411 Servii
1834 3364 1968 3412 Tulli
2000 3364 2135 3412 Tar-

313 3430 571 3495 quiniique
595 3438 817 3496 tempore
840 3430 1082 3478 collectis:
1120 3429 1299 3477 horum
1326 3430 1508 3495 quippe
1530 3432 1744 3498 spatium
1769 3441 1845 3483 est
1870 3435 2006 3502 apud
2024 3434 2133 3482 Eu-

309 3499 498 3549 sebium
529 3506 612 3556 69.
645 3502 782 3568 apud
805 3501 1092 3567 Syncellum
1112 3503 1199 3556 68.
1229 3517 1489 3552 annorum.
