2112 3854
238 194 321 257 70
1052 197 1277 254 GOARI
1342 260 1349 263 J

237 333 354 382 liter
402 337 668 396 excerpta,
702 335 753 377 et
787 343 900 377 cum
936 328 1216 394 apographo
1259 300 1408 394 Regio
1445 327 1640 377 fidelius
1685 331 1999 404 comparata
2013 329 2059 378 si

238 401 532 464 reddiderO,
583 400 646 448 ad
684 399 900 447 auctoris
937 406 1150 450 mentem
1187 400 1526 464 lectorumque
1587 395 1854 448 editionem
1881 399 2060 450 huius·-

240 473 376 522 modi
427 470 836 537 praestolantium
867 468 1135 535 plurimum
1171 478 1248 518 1110
1292 468 1519 518 tribuisse
1556 476 1721 531 131110,
1760 476 1809 517 et
1848 471 2061 535 suscepti

242 543 407 592 oneris
431 549 623 607 partem
645 539 931 608 exsolvisse,
968 557 1073 588 non
1100 541 1350 605 exemplar
1382 540 1502 589 adeo
1539 556 1685 603 quam
1723 539 2062 605 apographum

241 613 449 678 Regium
483 611 536 660 in
576 604 869 674 antigrapho
902 610 1041 659 fideli
1082 611 1412 675 evulgandum
1452 610 1635 658 curavi.
1707 609 1930 658 Lacunas
1958 627 2063 658 eam

244 684 307 732 ob
343 699 476 744 rem,
525 681 675 729 verba
712 680 1001 730 deformiter
1035 647 1362 746 transpoosita,
1415 680 1634 728 defectus
1675 681 1814 728 nullo
1856 679 1941 729 vel
1963 681 2063 730 levi

243 754 414 802 labore
451 750 782 816 reparandos,
822 751 877 800 in
908 751 1123 800 numeris
1159 750 1598 811 hallucinationes,
1634 767 1783 799 voces
1818 749 2064 813 barbaras,

247 821 625 886 orthographiae
648 821 787 869 illata
810 822 1044 886 vulnera,
1079 823 1329 886 graviores
1354 819 1660 870 amanuensis
1685 837 1873 869 errores
1889 857 1903 883 ,
1941 838 2065 886 quos

245 893 601 959 apographum,
637 899 696 940 ut
719 892 816 955 legi
839 900 1017 958 potest,
1042 893 1247 955 obtulit,
1284 893 1338 940 in
1364 890 1708 956 antigraphum
1732 899 1779 940 et
1801 891 2067 940 editionem

243 964 433 1031 pariter
473 962 786 1027 recipiendos
821 964 1051 1014 decrevi:
1087 972 1146 1012 ut
1180 979 1237 1011 eo
1277 963 1464 1027 gratior
1501 970 1763 1027 appareret
1789 963 2065 1030 SyncelluS,

247 1051 347 1101 quo
372 1034 729 1083 inemendatior
742 1041 788 1081 et
811 1034 1117 1100 incomptior
1135 1033 1382 1100 prodiret:
1420 1050 1534 1080 nam
1567 1032 1865 1097 quandoque

638 1103 923 1169 Incomptae
959 1105 1087 1153 collo
1123 1107 1198 1153 sic
1228 1105 1460 1170 placuere
1494 1119 1681 1152 comae.

245 1175 314 1224 Et
336 1173 502 1222 naevis
527 1191 885 1239 nonnunquam
907 1176 1069 1240 pictae
1090 1174 1296 1223 tabellae
1318 1182 1456 1222 tanta
1479 1173 1588 1221 laus
1607 1172 1836 1235 accessit,
1869 1180 1928 1221 ut
1951 1172 2069 1222 abs-

250 1261 347 1310 que
385 1244 485 1292 illis
526 1251 574 1293 et
616 1245 761 1293 faciei
790 1245 1049 1307 venustas,
1087 1253 1135 1293 et
1166 1245 1284 1293 artis
1310 1244 1372 1291 ad
1400 1250 1727 1309 prototypum
1761 1243 1945 1292 veritas
1977 1243 2070 1291 im-

247 1314 461 1380 probata
483 1322 715 1365 maneret.
787 1315 989 1364 Mendas
1020 1322 1184 1363 tamen
1206 1314 1316 1362 illas
1336 1314 1531 1362 stellula
1553 1314 1685 1362 inter
1706 1321 1874 1374 textus
1895 1314 2071 1363 seriem

251 1383 472 1432 confixas
490 1421 502 1444 ,
540 1384 768 1432 adiacens
801 1387 1009 1434 verbum
1046 1385 1256 1449 virgulis
1294 1385 1543 1432 inclusum
1563 1421 1576 1447 ,
1613 1385 1696 1433 vel
1733 1384 1843 1450 pari
1873 1384 2071 1432 stellula

244 1454 532 1518 marginalis
563 1455 804 1503 correctio
832 1456 1103 1505 adnotata
1088 1474 1143 1503 111
1171 1455 1424 1504 meliorem
1449 1471 1647 1503 sensum
1667 1454 1908 1503 restituit:
1946 1469 2072 1519 quae

248 1525 294 1574 si
319 1524 584 1589 prolixiori
619 1525 862 1573 sententia
890 1535 1085 1574 textum
1112 1527 1407 1591 interpolet,
1443 1525 1526 1574 vel
1552 1525 1733 1572 clarius
1760 1525 2072 1588 explananda

250 1611 474 1643 sermone
511 1594 728 1661 indigeat
765 1596 1037 1655 diffusiori,
1088 1612 1239 1659 quae,
1277 1596 1507 1659 inquam,
1544 1592 1831 1643 huiusmodi
1865 1601 1964 1656 est,
2007 1611 2072 1643 ne

248 1665 519 1728 marginem
546 1665 692 1712 nimis
721 1673 924 1728 oneret,
959 1666 1041 1716 vel
1062 1666 1298 1713 leviorem
1323 1672 1533 1730 occupet
1553 1665 1746 1728 locum,
1785 1673 1833 1713 et
1855 1632 2072 1713 001111111-

250 1737 338 1784 dat
376 1735 629 1798 ordinem,
664 1735 729 1783 ad
763 1743 906 1784 notas
951 1736 1257 1784 commodius
1285 1735 1582 1784 remittitur.
1622 1753 1685 1784 ex
1728 1753 1828 1809 quo
1865 1737 2070 1820 factum,

249 1814 313 1860 111,
338 1805 774 1870 interpolationum
808 1815 1140 1870 notarumque
1179 1806 1326 1854 simul
1350 1805 1685 1854 admixtarum
1712 1809 1962 1876 συναγογῇ
1991 1822 2072 1870 ge-

250 1876 415 1924 minus
441 1875 525 1923 1110
547 1876 726 1923 titulus
749 1876 1046 1941 praemissus
1066 1876 1327 1924 habeatur.
1365 1875 1757 1925 Emendationes
1777 1886 1822 1925 et
1837 1876 2072 1925 Annota-

252 1949 423 1999 tiones.
496 1946 819 2011 Frequentius
845 1955 1008 1995 tamen
1035 1948 1275 2012 expetitas
1304 1947 1463 1995 fateor
1491 1949 1819 1995 correctiones
1846 1964 1949 1995 non
1978 1948 2072 1996 ad-

250 2018 430 2077 iectas,
467 2018 603 2085 quod
637 2017 857 2081 consilii,
896 2035 998 2069 non
1032 2017 1320 2066 oscitantiae
1353 2034 1504 2083 opus,
1541 2019 1676 2082 quod
1711 2017 1949 2066 nimirum
1974 2034 2072 2067 nu-

249 2087 400 2135 meris
427 2087 803 2136 succedentibus
835 2089 1181 2154 apponendae,
1217 2087 1374 2157 priori
1396 2088 1478 2139 vel
1501 2089 1645 2136 etiam
1674 2088 1814 2136 alteri
1836 2088 2072 2152 annexae,

251 2158 423 2206 eodem
442 2157 629 2206 indicio
659 2159 1012 2208 continuentur
1033 2159 1089 2207 in
1112 2158 1333 2223 reliquis,
1358 2166 1408 2206 et
1431 2159 1571 2208 velut
1594 2158 1797 2224 reliquis
1821 2159 2077 2224 appositae?

249 2234 415 2284 mente
442 2229 644 2276 omnino
667 2237 957 2280 teneantur...
978 2228 1056 2278 Ad
1081 2229 1401 2278 correctionis
1418 2236 1585 2278 textus
1610 2230 1704 2277 alia
1719 2246 1797 2278 me
1824 2229 2072 2278 addidisse

249 2315 356 2347 non
380 2297 570 2346 inficias
588 2298 717 2348 iero:
741 2300 911 2349 titulos
922 2299 1157 2349 videlicet
1169 2301 1435 2348 nonnullos
1457 2300 1673 2362 ornatui,
1700 2300 1780 2348 vel
1793 2298 2071 2348 adhibendo

245 2368 527 2417 ‘discrimini
545 2369 884 2419 inservientes
913 2371 979 2420 Hi
994 2371 1057 2419 ad
1069 2371 1168 2419 MS.
1183 2371 1449 2435 marginem
1463 2370 1660 2436 reperti,
1681 2369 1733 2418 in
1749 2369 1867 2419 editi
1880 2377 2074 2419 textum

255 2440 512 2487 commode
534 2440 805 2505 deportati,
851 2449 935 2489 aut
968 2459 1071 2489 non
1096 2449 1344 2494 exstantes
1368 2457 1431 2489 ex
1455 2441 1762 2490 necessitatis
1790 2439 1956 2489 officio
1987 2441 2074 2488 in?-

253 2509 405 2556 trusi:
441 2508 591 2558 huius
625 2519 786 2559 autem
822 2513 905 2560 vel
935 2512 1070 2560 illius
1102 2512 1291 2576 generis
1331 2512 1610 2576 quicunque
1645 2511 1852 2574 fuerint,
1891 2527 1954 2560 ex
1984 2528 2072 2559 so-

256 2578 348 2626 ciis
373 2580 828 2629 annotatiunculis
813 2599 867 2629 111
889 2581 997 2647 ipso
1019 2600 1155 2646 marg
1157 2583 1236 2630 ine
1261 2583 1626 2645 dignoscuntur.
1674 2581 1901 2630 Editione
1921 2591 2070 2646 porro

246 2649 376 2710 ista,
417 2666 530 2698 cum
562 2650 845 2699 authentico
877 2653 1027 2716 Regio
1068 2660 1293 2700 accurate
1321 2653 1529 2715 collata,
1572 2651 1729 2700 codex
1755 2652 2071 2718 postmodum

248 2727 467 2784 ruterque
504 2737 616 2769 cum
655 2721 992 2784 Scaligerianis
1022 2723 1268 2787 excerptis
1305 2739 1408 2770 non
1445 2721 1782 2788 perfunctorie
1812 2739 2072 2788 compara-

254 2797 355 2839 tus.
433 2790 593 2838 Habet
643 2808 762 2840 vero
801 2793 1013 2855 Scaliger
1047 2793 1247 2840 Eusebii
1265 2828 1279 2854 ,
1327 2809 1451 2856 quae
1497 2792 1709 2854 iudicat,
1758 2792 2007 2858 Excerpta
2042 2801 2071 2840 a

259 2860 435 2907 Graeci
466 2868 631 2909 textus
655 2862 896 2910 Thesauri
918 2870 1195 2928 temporum
1220 2878 1327 2927 pag.
1349 2866 1398 2916 3.
1433 2861 1495 2909 ad
1514 2864 1779 2911 secundam
1812 2879 1962 2928 supra
1996 2879 2070 2911 se-

259 2932 638 2994 ptuagesimam:
679 2933 764 2996 qui
790 2932 1013 2997 sequitur
1035 2933 1235 2982 Eusebii
1262 2932 1534 2981 Chronicus
1555 2934 1723 2981 Canon
1750 2933 1936 2982 Graece'
1951 2933 2071 2982 red-²

259 3000 394 3046 (litus
424 3001 621 3064 Georgii
650 3002 878 3065 imitatio,
903 3011 951 3052 et
975 3004 1167 3052 Eusebii
1186 3002 1458 3064 translatio,
1485 3021 1589 3050 non
1616 3003 1812 3052 Eusebii
1840 3020 1902 3051 ex
1916 3003 2070 3052 Geor-

255 3069 335 3132 gio
369 3080 600 3135 excerpta
638 3073 935 3122 sinceriora:
988 3073 1208 3122 Africani
1236 3074 1476 3121 nonnulla
1512 3073 1695 3122 ibidem
1729 3073 1903 3135 obvia,
1955 3090 2068 3123 cum

256 3140 390 3187 inter
411 3141 680 3190 Eusebiana
714 3144 921 3206 passim,
957 3152 1067 3192 tum
1097 3144 1310 3192 maxime
1341 3150 1508 3191 textus
1538 3143 1713 3192 Graeci
1736 3160 1844 3208 pag.
1875 3143 1996 3198 355.
2019 3150 2069 3192 et

257 3211 635 3259 succedentibus
675 3222 1128 3276 repraesentantur:
1172 3214 1362 3277 reliqua
1396 3214 1594 3277 Georgii
1627 3214 1828 3261 nomine
1864 3214 2068 3278 scripta,

255 3281 338 3328 vel
357 3280 548 3329 Aniano
585 3289 634 3328 et
657 3283 914 3331 Panodoro
948 3292 1081 3333 certo
1110 3284 1434 3333 adscribenda
1457 3284 1589 3332 inter
1623 3283 2069 3333 animadversiones

255 3352 466 3413 sparsim
496 3352 656 3400 reiicit
677 3353 917 3416 Scaliger:
956 3362 1101 3417 atque
1124 3354 1223 3417 ita,
1262 3355 1394 3418 quod
1428 3354 1570 3402 aiunt
1606 3353 1831 3434 Physici,
1870 3353 2069 3420 Syncel-

253 3420 373 3467 113111
405 3422 566 3485 operis
598 3423 847 3470 materiam
885 3424 1095 3487 primam
1127 3432 1403 3487 scrutatur,
1438 3431 1780 3490 repertamque
1812 3423 1868 3472 in
1901 3430 2066 3489 partes

254 3490 373 3541 alias
406 3508 467 3543 ex
506 3491 655 3544 animi
682 3493 804 3542 bene
828 3494 1014 3562 placito
1043 3495 1311 3544 distribuit.
1381 3495 1527 3552 Haud
1556 3494 1781 3561 equidem
1805 3495 1949 3560 plura
1971 3492 2070 3541 dis·
