2222 3938
585 183 637 236 A
671 180 1089 238 SCALIGERO’
1121 181 1422 241 VITIATI.
1790 174 1916 233 317

86 313 270 374 θείαις.
315 308 441 360 ibid.
476 304 642 376 οἰήσει
680 305 902 373 σοφουςε
952 308 1040 360 1Πο
1071 282 1278 363 barbare
1313 305 1670 380 οἶησισόφους,
1707 319 1757 361 et
1793 312 1920 362 infe·

85 386 191 435 rius
216 378 518 448 οἰησισὸφοι.

224 453 337 518 Pag.
374 452 459 505 35.
502 449 880 516 depravationes
917 450 975 499 in
1007 452 1142 502 notis
1179 453 1245 502 atl
1284 453 1489 504 eandem
1525 452 1757 520 paginam
1792 453 1920 502 rese-

14 591 17 595 ,
79 531 278 574 rantur.

224 594 336 656 Pag.
374 594 458 645 38.
498 590 552 638 C.
589 593 743 659 νῆρος
769 591 924 640 vertit
957 593 1012 640 in
1046 598 1212 661 νἐἴρος
1236 611 1347 660 pag.
1381 600 1550 643 textus
1581 590 1846 641 Eusebiani
1868 592 1920 646 5.

84 665 145 714 D.
164 680 312 728 quem
338 655 642 729 Μεγάλαρον
676 662 899 711 dilucide
933 663 1072 727 lego,
1110 665 1283 712 scribit
1308 666 1393 713 ille
1430 659 1754 751 Μεγάλανον.
1795 662 1921 710 ibid.

83 730 417 821 Ἐνεύβουλον
453 733 643 796 pariter
685 741 846 782 mutat
890 734 947 781 in
992 730 1326 802 Ἑνᾶβουλον,
1384 743 1434 784 et
1469 731 1826 802 Εὕεδωρέσχου
1865 733 1921 781 111

83 799 411 870 Ἀεδωρέσχου
439 801 562 851 ibid.

226 877 338 938 Pag.
375 877 460 927 39
511 874 567 921 Β.
613 875 817 938 πρῶτον
850 871 1089 941 γενέσθαι
1127 871 1371 940 βασιλέων
1402 871 1636 942 ’Ἀλωρον
1668 874 1723 926 ἐκ
1755 875 1935 940 Βαβυ-.

85 947 246 1006 λωνος
283 944 579 994 Χαλδαίωνε
627 943 714 991 1110
759 946 869 992 1000
915 945 1087 994 citato.
1139 964 1339 1035 πρωτον
1385 944 1628 1030 γενέσθαι
1675 945 1918 1028 βασιλέων

70 1013 298 1103 ”Αλωρον
348 1013 403 1066 ἐκ
441 1016 743 1097 Βαβυλωνος
791 1017 1061 1066 Χαλδαῖον.
1113 1016 1166 1062 C.
1217 1011 1320 1066 εἶτα
1355 1013 1500 1095 ἄρξαι
1545 1010 1917 1098 Ευεδώρεσχον.

83 1087 217 1134 idem
258 1079 380 1152 ἦρξε
414 1079 733 1172 Ἇεδώραχος.
777 1086 837 1132 D.
885 1081 1196 1168 Λαραγχων,
1237 1087 1440 1151 reponit
1473 1081 1740 1151 Λαρᾶχων.
1791 1084 1917 1134 thid.

85 1159 372 1240 βασιλεῦσαι
395 1153 449 1206 δὲ
472 1150 625 1205 αὐτὸν
647 1152 830 1221 ὄγδοον
860 1150 1048 1222 σάρους
1071 1153 1115 1207 ι’.
1138 1156 1304 1204 reddit
1323 1157 1408 1204 ille
1433 1159 1723 1223 βασιλευσαι
1745 1154 1798 1206 δὲ
1822 1173 1918 1206 σα-

86 1247 207 1294 ρους
232 1221 314 1292 ιη’.
351 1225 482 1274 Hinc
508 1225 664 1273 lineas
692 1233 907 1289 quatuor
928 1235 1058 1275 totas
1074 1263 1089 1291 ‚
1125 1227 1305 1292 quibus
1330 1244 1493 1276 nonus
1515 1235 1564 1276 et
1591 1227 1813 1276 decimus
1836 1243 1917 1276 re-

84 1315 166 1362 ges
193 1296 565 1357 exprimuntur,
603 1296 861 1360 expungit.

225 1369 338 1431 Pag.
373 1367 457 1420 40.
501 1367 764 1417 εἰδωλείων
792 1366 1008 1431 Scaliger
1036 1384 1193 1433 prave
1222 1363 1441 1419 εἰδώλων
1456 1384 1585 1452 pag
1617 1371 1665 1422 6
1694 1367 1748 1415 Β.
1778 1366 1914 1418 υἱοῦ.

87 1446 136 1486 et
161 1437 215 1489 ἐκ
249 1438 423 1500 λέξεως
448 1437 723 1502 expunxit,
761 1444 810 1485 et
835 1455 1034 1486 sensum
1063 1439 1304 1515 corrupit.
1312 1433 1595 1521 Αἰγύπτου
1623 1437 1840 1487 mutavit
1859 1438 1914 1485 in

86 1509 397 1576 Αἰγυπτίων.
428 1509 485 1558 D.
511 1504 649 1573 παρὰ
675 1502 884 1568 τούτοις.
919 1510 1047 1557 8001.
1074 1529 1208 1577 παρα
1233 1504 1444 1569 τούτους
1470 1509 1666 1558 vitiose.

228 1581 340 1643 Pag.
375 1581 460 1630 41.
493 1578 550 1627 A.
601 1573 779 1646 ασπβ’.
818 1578 955 1639 ε’τους
988 1581 1206 1643 Scaliger
1244 1580 1471 1627 Animad.
1501 1596 1608 1643 pag.
1636 1578 1757 1632 247.
1789 1597 1914 1644 plo-

78 1650 196 1731 ¹pria
227 1650 448 1698 nwlinewa
482 1648 684 1712 reponit
719 1664 895 1733 ,ἀσπη.
931 1649 1053 1701 thid.
1093 1649 1175 1701 ἐπὶ
1212 1653 1306 1700 τοῦ
1338 1653 1619 1700 καθολικοῦ
1650 1653 1914 1714 χιλιοστοῦ,

88 1723 192 1787 ipse
219 1719 300 1772 ἐπὶ
331 1722 423 1771 τοῦ
444 1722 727 1769 καθολικοῦ
754 1714 894 1787 ανη’.
931 1727 980 1767 et
1014 1721 1375 1784 Egregoronum
1418 1720 1707 1768 descensum
1744 1738 1916 1770 secun·

46 1822 51 1826 -
88 1793 207 1840 dum
230 1792 340 1839 vice
367 1789 518 1854 primi
541 1797 893 1854 repraesentat.
924 1791 979 1840 B.
1014 1790 1093 1876 ἔτη
1121 1787 1228 1842 616'.
1255 1789 1339 1842 καὶ
1360 1787 1534 1856 ἥμισυ.
1568 1787 1623 1842 τὸ
1644 1785 1799 1856 ἥμισυ
1821 1792 1917 1840 hae
1979 1833 1981 1836 .

87 1870 206 1910 nota
235 1869 303 1916 Q
349 1862 593 1923 signatum
620 1862 830 1924 pr'iaeter
833 1862 886 1910 it.
928 1862 979 1912 C.
1020 1856 1117 1913 οἷπὸ
1149 1881 1250 1912 των
1276 1857 1545 1928 ω’νιωρων,
1585 1862 1720 1940 quod
1743 1862 1916 1927 legen-

89 1934 210 1982 dum
234 1925 366 1996 ωνη’.
400 1927 544 1998 ὥρων
570 1947 657 1977 suo
689 1932 797 1978 1000
826 1932 1053 1995 declaro,
1092 1934 1304 1981 mutavit
1335 1933 1441 1998 ipse
1471 1949 1617 1996 quam
1646 1932 1918 1999 improprie

87 2004 141 2052 111
170 2002 436 2054 ἐνιαυσίων
471 2000 633 2084 ω’ρων.
668 2001 792 2053 ibid.
820 1997 988 2071 any'.
1021 2003 1108 2054 καὶ
1148 2000 1305 2069 ἥμισυ
1331 2003 1442 2069 ε’τη,
1479 2003 1587 2067 ipse
1615 2012 1841 2052 erranter
1867 2012 1917 2053 et

87 2079 313 2122 truncate
351 2092 520 2141 αηνγ
556 2071 656 2136 ἔτη.
727 2072 825 2119 Η10
859 2090 1036 2137 por-10,
1075 2083 1231 2140 prout
1267 2074 1452 2138 ubique
1487 2075 1640 2121 ferme
1673 2074 1729 2122 in
1757 2075 1914 2138 Notis,

91 2146 276 2192 Canon.
299 2143 421 2205 Isag.
444 2150 494 2190 et
522 2142 582 2189 (10
607 2143 812 2192 Emend.
842 2145 1012 2210 Temp.
1039 2146 1270 2211 operibus
1303 2144 1601 2194 vocabulum
1627 2142 1916 2212 σεληνιακὸν

88 2215 143 2263 in
169 2214 336 2262 minus
365 2213 753 2260 Grammaticum
781 2212 1075 2279 σεληναϊκόν
1103 2223 1415 2264 transmutat.

227 2283 463 2346 Pag.44.
505 2284 560 2334 1).
598 2277 862 2347 Ἀβυδινοῦ
883 2284 996 2346 περὶ
1022 2305 1124 2335 των
1150 2282 1329 2336 αὐτων.
1368 2285 1584 2348 Scaliger
1614 2291 1781 2333 textus
1805 2285 1912 2333 Eu·-

90 2353 279 2403 sebiani
314 2370 422 2417 pag.
451 2356 529 2406 13.
563 2351 618 2403 ἐκ
651 2356 753 2402 τῶν
773 2348 1055 2419 Ἀβυδηνοῦ
1076 2350 1911 2439 Ἀσσυριακῶν.1ὒι”α’.εἷναιτύρ-

91 2439 171 2476 σιν
195 2419 435 2490 ἠλίβατον
460 2423 593 2470 idem
616 2423 873 2487 pueriliter
907 2422 1037 2476 εἶναι
1059 2421 1268 2492 πύργων
1291 2422 1464 2492 τύρσιν
1488 2421 1742 2491 ἠλίβατον.
1793 2427 1913 2475 Post

90 2496 267 2543 ultima
290 2494 437 2543 110103
457 2493 718 2546 44.νο1110
747 2494 999 2559 subiungit
1021 2496 1116 2543 alia
1146 2496 1349 2569 Iosephi
1370 2496 1463 2544 1100
1495 2497 1663 2544 eadem
1691 2512 1802 2561 pag.
1829 2513 1914 2545 30-

90 2566 259 2631 001103
283 2565 444 2652 posita
470 2564 614 2612 litera
647 2564 704 2612 B.
744 2566 770 2616 ὅ
805 2563 859 2616 δὲ
883 2562 1032 2627 τόπος
1070 2566 1124 2617 ἐν
1154 2569 1193 2637 ᾠ
1228 2563 1432 2654 πύργον
1456 2561 1783 2636 ωκοδόμησαν
1813 2570 1912 2618 νῦν

92 2633 338 2702 Βαβυλων
363 2639 583 2686 καλεῖται
629 2631 713 2684 διοὶ
737 2655 833 2700 την
860 2633 1095 2703 σύγχυσιν
1120 2641 1211 2688 τοῦ
1234 2637 1347 2720 περὶ
1371 2656 1466 2702 την
1499 2633 1754 2689 διάλεκτον
1781 2657 1915 2706 πρω-

91 2725 178 2757 τον
201 2707 454 2774 ἐναργοῦς.
488 2703 709 2772 Ἑβραῖοι
731 2704 825 2773 γοὲρ
849 2704 940 2757 τόν
952 2704 1202 2773 σύγχυσιν
1225 2704 1391 2774 Βαβελ
1410 2711 1633 2759 καλοῦσι.

230 2779 341 2841 Pag.
377 2776 463 2830 45.
499 2776 558 2825 A.
598 2777 729 2824 orbis
767 2777 989 2826 universi
1026 2778 1142 2826 filiis
1173 2779 1332 2826 tribus
1365 2779 1498 2826 facta
1529 2796 1554 2826 a
1581 2779 1685 2826 Noe
1711 2777 1912 2841 divisio,

91 2814 564 2910 eadema⁰Sca1igero
588 2848 717 2895 refer
723 2855 805 2896 tur
818 2856 984 2896 textus
1001 2849 1262 2897 Eusebiani
1283 2866 1393 2915 pag.
1413 2853 1494 2903 1Ο.
1519 2849 1823 2914 titulumque
1849 2848 1910 2896 ab

93 2934 151 2966 eo
176 2918 349 2966 fictum
381 2915 418 2983 ’ἦ
446 2914 691 2984 διασπορα
722 2918 775 2971 ἒν
807 2925 915 2979 ταῖς
938 2917 1148 2986 ημέραις
1170 2939 1258 2970 του
1301 2919 1480 2970 Φαλὲκ.
1516 2921 1793 2984 aliumque,
1830 2937 1914 2986 με·

94 3004 261 3067 ρισμος
288 2991 381 3055 γῆς
420 2988 618 3052 accipit.
691 2989 869 3038 Statim
902 3007 930 3037 a
956 2990 1122 3038 verbis
1158 2993 1225 3059 τῷ
1255 2985 1439 3059 βφοβῖ
1471 2995 1562 3042 τοῦ
1589 2985 1778 3057 κόσμου
1805 3006 1912 3037 eam

94 3058 434 3122 exscripturus
459 3076 487 3105 a
516 3059 615 3107 MS.
653 3058 706 3107 in
737 3058 871 3108 hunc
905 3061 1111 3109 modum
1148 3061 1326 3110 variat.
1373 3064 1445 3131 τῷ
1472 3057 1655 3130 βφοβ’.
1691 3061 1785 3111 ε’τει
1818 3061 1912 3111 τοῦ

93 3123 286 3192 κόσμου
310 3123 426 3185 7(>λ’.
454 3127 546 3179 ἔτει
571 3132 662 3180 τοῦ
694 3134 811 3181 Νῶε
837 3150 962 3182 κατα
1001 3137 1150 3182 θεῖον
1176 3113 1421 3196 δηλονότι
1437 3129 1683 3214 χρησμον,
1719 3128 1912 3195 ἐμέρισε

95 3201 214 3247 Νωε
247 3203 351 3257 τοῖς
382 3198 541 3264 τρισιν
566 3199 697 3259 υἱοῖς
730 3196 887 3251 αὐτοῦ
898 3220 1003 3288 την
1031 3206 1133 3268 γῆν
1165 3198 1310 3252 οὕτω.
1346 3203 1404 3251 Β.
1427 3203 1591 3251 verbis
1621 3197 1714 3265 τήν
1741 3218 1791 3249 τε
1811 3203 1910 3248 Συ-

94 3267 235 3350 ρίαν,
272 3268 333 3315 (10
368 3284 458 3315 suo
488 3271 696 3334 apponit
726 3267 763 3335 ἡ
794 3270 879 3321 καὶ
898 3266 1112 3323 Ἰουδαία
1141 3271 1328 3339 λέγεται
1368 3272 1474 3338 (καὶ
1500 3292 1593 3358 γαρ
1629 3273 1681 3321 οἱ
1707 3266 1912 3319 παλαιοὶ

94 3333 293 3404 Συρους
315 3356 434 3396 τους
463 3341 826 3401 Παλαιστίνους
856 3335 1128 3408 ωνόμαζον)
1154 3342 1278 3393 ibid.
1306 3342 1486 3393 ἔδωκεν
1512 3362 1573 3392 τα
1604 3337 1723 3404 πρὸς
1744 3334 1910 3389 νότον.

93 3424 201 3472 ¹Pse
227 3408 382 3494 ἕδωκξ
399 3426 492 3472 την
521 3429 647 3476 προς
679 3407 845 3462 νότον.
882 3410 1008 3459 ibid.
1034 3431 1089 3464 το
1112 3417 1294 3474 Γειων,
1332 3420 1494 3460 mutat
1516 3412 1570 3459 in
1600 3405 1752 3458 Psoi-m
1782 3407 1906 3459 ibid.
1937 3407 1989 3452 P.
2012 3410 2099 3455 518

91 3496 154 3528 τα
192 3498 319 3548 προς
348 3475 530 3546 ἄρκτον
566 3478 651 3530 καὶ
687 3478 907 3547 δυσμας,
951 3480 1058 3548 ipse
1093 3480 1155 3533 τοὶ
1200 3480 1322 3551 πρὸς
1369 3480 1553 3547 ἄρκτον
1598 3472 1805 3543 δυσμας.
1856 3479 1908 3527 C.
