2112 3854
725 185 1148 240 PRAEFATIO.
1767 177 1803 235 6
1814 177 1843 234 l

5 343 8 346 ·
32 319 372 381 &numeratum
406 325 451 364 et
477 327 643 365 eorum
671 324 894 381 tempora
926 324 971 363 et
1007 332 1169 365 annos
1198 319 1394 382 egregio
1424 313 1596 363 ordine
1627 312 1852 381 dc’gessic.

33 390 317 438 Enimvero
349 403 465 434 cum
496 389 632 435 vitae
657 389 865 434 termino
894 397 1216 451 praerepta-5⁸,
1257 387 1330 434 ad
1352 388 1672 451 propositum
1689 387 1850 450 finem

37 476 138 513 non
161 460 387 522 potuerit
421 475 550 522 opus
582 460 831 522 inceptum
853 456 1149 521 perducere,
1185 456 1299 520 sed,
1338 467 1395 504 ut
1416 458 1850 521 praemonuimus,

33 530 238 592 scriptis
274 526 585 576 solummodo
622 546 749 593 quae
773 527 1086 575 Diocletiani
1118 531 1379 594 attingunt
1415 535 1654 587 aetatem,
1690 531 1853 575 vitam

32 599 168 648 hanc
189 599 452 646 mortalem
483 597 724 660 deseruit,
763 606 809 644 et
842 615 954 644 cum
981 607 1115 646 recta
1137 598 1250 662 fide
1281 596 1355 646 ad
1378 600 1656 646 Dominum
1678 600 1855 662 profe-

34 677 179 731 ctus,
231 669 375 717 nobis
407 669 546 716 velut
585 668 938 716 sincerioribus
973 672 1184 731 amicis,
1237 667 1378 733 quod
1398 671 1585 733 fuerat
1625 670 1850 729 molitus,

35 756 162 804 opus
182 740 523 804 imperfectum
547 740 707 786 simul
727 740 956 804 reliquit,
995 749 1043 786 ec
1078 749 1162 801 ut,
1202 758 1333 803 quae
1358 738 1729 801 desiderantur,
1765 739 1854 786 ab·

35 810 332 858 solveremus
369 810 603 874 praebuit
650 819 1026 875 argumentum.
1122 810 1199 857 An
1255 809 1454 858 Eusebii
1507 810 1854 858 tantummodo

36 880 339 944 exscriptor,
396 897 460 927 an
500 898 602 929 non
656 881 821 946 potius
867 897 1128 943 germanus
1168 878 1599 944 Chronographiae
1639 880 1855 945 scriptor

37 950 274 1014 Georgius
312 951 602 1015 SyncelluS,
653 951 735 1015 qui
772 951 909 1016 quasi
950 967 1013 999 ex
1051 951 1201 998 ubere
1236 959 1395 1014 segete
1436 967 1589 998 messe
1627 951 1855 1013 collecta,

36 1037 138 1069 non
166 1036 230 1068 ex
255 1037 356 1069 uno
395 1021 480 1070 vel
515 1022 789 1082 nonnullis,
821 1022 905 1070 sed
927 1038 990 1069 ex
1015 1029 1275 1069 auctorum
1305 1021 1502 1086 copioso
1528 1037 1746 1083 numere,
1787 1019 1856 1081 ὥς

38 1086 204 1152 οὐδεὶς
227 1089 374 1152 ἄλλος
397 1095 497 1142 τῶν
521 1089 616 1157 πρὸ
648 1087 806 1143 αὐτοῦ
818 1131 833 1155 ,
870 1092 1131 1158 proprium
1159 1091 1364 1158 ἐκλογῆς
1398 1091 1626 1139 volumen
1654 1108 1855 1156 compo-

36 1161 172 1210 suit'?
211 1162 351 1210 Certe
370 1162 485 1226 styli
517 1163 808 1222 diversitas,
844 1180 947 1210 non
965 1163 1175 1228 simplex
1203 1162 1572 1227 compositionis
1598 1162 1736 1223 ordo,
1764 1178 1857 1211 va·-

34 1232 161 1281 riata
187 1249 385 1297 quoque
405 1233 709 1298 frequentius
731 1234 969 1297 temporis
995 1233 1288 1281 numerandi
1316 1233 1467 1293 ratio,
1507 1240 1732 1280 auctores
1768 1250 1857 1297 pa..

35 1303 158 1352 riter
193 1303 441 1365 diverSOS,
478 1320 582 1351 non
617 1320 772 1350 unum
803 1303 1001 1351 Eusebii
1031 1303 1258 1350 manibus
1293 1309 1543 1351 versatum
1577 1319 1729 1367 opus,
1766 1301 1857 1352 sed.

35 1372 223 1429 variata
267 1373 567 1438 scriptorum
604 1380 953 1435 monumenta,
1003 1390 1127 1438 quae
1163 1372 1254 1420 sibi
1288 1374 1572 1420 adiumento
1615 1373 1857 1436 Georgius

37 1438 475 1509 adscivit‚'palam
513 1452 752 1508 arguunt3
790 1444 911 1492 adeo
937 1451 995 1492 ut
1032 1461 1134 1491 non
1168 1443 1238 1490 ita
1267 1454 1475 1491 concors
1503 1450 1551 1490 et
1576 1443 1668 1490 sibi
1697 1444 1859 1490 simile

35 1531 126 1580 per
152 1521 442 1563 contextum
475 1531 670 1562 omnem
695 1531 798 1562 sese
829 1515 1010 1562 referat
1045 1512 1240 1562 Eusebii
1281 1513 1588 1575 Chronicon‚
1628 1530 1772 1574 quam
1801 1514 1858 1561 in
1926 1519 1930 1521 ’

36 1584 344 1650 proferendis
368 1584 612 1649 prioribus
637 1583 959 1646 Genearchis,
998 1583 1189 1631 diluvio
1217 1583 1540 1632 describendo
1556 1620 1571 1644 ,
1608 1584 1742 1630 Noea
1767 1601 1858 1648 po..

18 1655 259 1703 'steritate
292 1655 617 1715 recensenda,
652 1655 735 1704 vel
778 1654 1036 1703 [sraelitici
1074 1653 1251 1719 populi
1286 1655 1338 1702 in
1378 1655 1599 1717 Aegypto
1638 1654 1728 1700 sub
1769 1654 1859 1701 iu.-

38 1724 262 1789 dicibus‚
319 1726 412 1774 sub
465 1725 676 1789 Regibus
729 1726 988 1774 tractanda
1035 1721 1278 1786 Historia,
1339 1725 1613 1772 Gentilium
1663 1741 1859 1788 quoque

39 1795 288 1858 omnium,
357 1796 800 1844 Assamonaeorum
817 1834 830 1859 ,
895 1796 1230 1844 Romanorum
1292 1795 1582 1844 ordinandis
1635 1794 1855 1859 imperiis

39 1866 279 1931 Georgius
313 1866 560 1915 scribendi
597 1883 772 1931 genere
811 1867 1120 1931 discerpens,
1161 1874 1209 1914 et
1255 1883 1282 1912 a
1326 1883 1428 1914 sese
1460 1863 1858 1930 deprehendatur

38 1937 245 1986 alienus.
315 1937 436 1985 Eam
459 1938 520 1986 ob
547 1954 651 1985 rem
678 1938 928 2001 ingentem
954 1937 1073 1986 licet
1098 1936 1363 1985 Eusebiani
1389 1935 1622 1984 Chronici
1652 1943 1857 2000 partem,

38 2025 144 2056 non
175 2015 339 2055 totum
371 2025 500 2073 opus
525 2009 738 2056 Eusebia·
771 2007 979 2056 totidem
1011 2008 1202 2070 verbis,
1239 2015 1296 2056 ut
1332 2007 1506 2055 lectori
1543 2007 1757 2070 Scaliger
1782 2004 1858 2071 1⁷)

37 2078 276 2144 imponit,
313 2078 368 2125 in
403 2096 492 2127 sua
515 2078 761 2127 Chronica
785 2080 1051 2143 Georgium
1073 2078 1396 2127 transfudisse
1426 2095 1529 2126 non
1558 2078 1743 2126 invitus
1779 2077 1862 2124 sa-

39 2157 168 2210 tear;
214 2149 457 2213 integram
495 2157 659 2198 tamen
699 2150 900 2214 Georgii
931 2150 1202 2198 Historiam
1240 2149 1448 2198 Eusebio
1481 2148 1859 2210 refundendam,

40 2219 276 2282 Scaligeri
293 2228 527 2285 excerpta
541 2221 752 2270 Eusebio
777 2237 994 2285 quaeque
1017 2220 1346 2281 inscribenda,
1372 2228 1420 2267 et
1439 2236 1499 2267 ex
1517 2219 1713 2280 Georgii
1734 2218 1860 2266 scri-

40 2289 417 2356 ptisEusebium
434 2307 574 2354 posse
592 2290 876 2340 redivivum
902 2291 1129 2354 excitari,
1158 2308 1251 2338 nec
1274 2290 1502 2355 probabit
1516 2290 1750 2351 Scaliger,
1766 2304 1859 2336 nec

43 2360 246 2409 credent
268 2360 466 2408 eruditi.
520 2362 617 2409 Sed
638 2378 731 2410 nec
757 2370 957 2410 centum
989 2379 1051 2410 ex
1076 2362 1302 2428 partibus
1332 2361 1614 2408 mutilatum
1645 2358 1860 2420 Eusebii‚

43 2431 188 2496 quale
208 2438 384 2493 exstat,
409 2430 705 2494 Chronicon‚
732 2433 853 2481 adeo
878 2439 935 2480 ut
955 2450 1044 2480 nec
1070 2435 1336 2479 centesima
1356 2433 1465 2477 eius
1484 2432 1702 2493 supersit
1711 2447 1858 2494 pars,

42 2518 138 2550 nec
171 2499 368 2548 crudeli
398 2509 575 2565 genere
607 2502 886 2550 laceratam
911 2502 1117 2552 Cedreni
1141 2502 1474 2550 Historiarum
1499 2501 1770 2565 Synopsin,
1810 2506 1861 2547 et

43 2572 394 2636 carnficinam
416 2571 754 2621 breviator-um
773 2590 990 2639 passam,
1027 2589 1185 2638 neque
1210 2572 1431 2634 Georgii,
1470 2588 1614 2635 quem
1636 2571 1862 2619 manibus

40 2650 279 2704 tenemus,
301 2650 494 2691 textum
517 2643 588 2691 sic
615 2646 866 2706 mutilum,
895 2651 954 2692 ut
987 2661 1049 2692 ex
1075 2661 1130 2692 eo
1169 2643 1314 2708 plura
1343 2642 1685 2699 desiderentur
1712 2657 1860 2706 quam

42 2713 309 2779 supersint,
329 2730 434 2761 non
451 2715 727 2780 respuenda
744 2714 1160 2763 demonstratione
1179 2714 1394 2777 Scaliger
1418 2712 1701 2763 declarabit.
1738 2711 1860 2759 Sci-

41 2781 164 2832 licet*
184 2791 300 2832 ante
330 2784 550 2850 positum
571 2786 630 2832 ab
656 2785 862 2834 Eusebio
889 2784 1113 2833 Abrahae
1144 2785 1356 2832 natalem
1379 2800 1592 2844 annum,
1630 2782 1859 2848 quamvis

42 2853 98 2902 in
119 2854 221 2902 eius
242 2853 492 2903 Chronico
510 2855 721 2919 Canone,
737 2873 861 2922 quae
886 2856 945 2904 de
961 2855 1359 2904 Genearcharum
1383 2853 1487 2902 Noe
1511 2853 1859 2919 posteriorum,

45 2931 96 2974 et
130 2924 342 2990 Aegypti
369 2926 616 2991 Dynastiis
653 2944 716 2975 ex
753 2944 809 2975 eo
834 2927 1096 2992 Syncellus
1122 2933 1292 2974 noster
1323 2925 1638 2973 transscribit
1663 2919 1759 2993 1⁸),
1796 2921 1861 2970 iis

43 2995 132 3060 qui
159 3004 425 3061 supersunt
444 2997 700 3046 codicibus
723 2997 1004 3046 nullatenus
1028 3004 1325 3058 occurrunt,
1365 2995 1535 3059 ecquis
1558 3001 1721 3042 tamen
1747 2993 1860 3041 ideo

47 3073 247 3114 centum
290 3066 519 3132 partibus
560 3067 823 3116 Eusebium
858 3076 1173 3129 truncatum,
1222 3083 1314 3114 nec
1347 3067 1441 3114 nisi
1472 3065 1609 3114 velut
1641 3063 1861 3112 excussis

44 3135 196 3184 ramis
223 3137 563 3185 tenuissimum
597 3138 842 3204 stipitem,
879 3139 947 3187 ita
970 3138 1172 3187 resectis
1208 3136 1405 3185 Eusebii
1431 3143 1861 3184 monumentorum

45 3206 437 3269 venustioribus,
489 3208 652 3276 utqsic
697 3210 886 3271 dicam,
924 3209 1170 3274 partibus,
1207 3207 1411 3256 horrida
1456 3214 1674 3267 tantum,
1711 3204 1861 3263 nuda,

47 3283 97 3323 et
126 3276 420 3340 squallentia
443 3277 546 3325 eius
575 3295 684 3326 ossa
706 3280 880 3327 relicta
905 3280 1048 3328 nobis
1077 3277 1435 3327 affirmaverit?
1479 3277 1788 3340 Assyriorum
1813 3281 1863 3323 et

44 3346 390 3414 Sycioniorum
434 3347 630 3414 imperii
676 3350 913 3412 exordia,
960 3349 1317 3417 Aegyptiorum
1359 3347 1618 3413 Dynastias
1656 3345 1857 3411 primas,

105 3498 183 3556 17)
212 3499 499 3544 Animadvers.
522 3499 563 3542 in
588 3499 748 3545 Euseb.
774 3515 875 3559 pag.
903 3500 1002 3547 241.
1124 3501 1201 3554 18)
1235 3501 1341 3555 Pag.
1367 3500 1423 3545 55
1446 3502 1490 3541 et
1511 3511 1632 3557 seqq.
