2222 3938
315 179 446 241 ,512
941 190 1519 249 EMENDATIONES

317 322 383 372 ad
416 322 758 391 Olympiadem
797 326 914 377 129
953 320 1274 385 Nicomedes,
1311 322 1505 387 inquit,
1542 324 1652 373 Rex
1683 324 1964 388 Bithyniae
1989 323 2151 374 Asta-

318 412 436 442 cum
468 396 639 443 urbem
662 394 919 458 amplians·
946 394 1017 441 N
1012 391 1299 440 comediam
1324 397 1656 458 nuncupavit.
1728 395 2011 444 Chronicon
2026 396 2151 445 Ale-

316 466 498 515 xandr.
555 467 616 514 ab
666 466 947 530 Interprete
1004 464 1198 512 Radero
1262 466 1578 514 emendatum
1631 467 1838 515 eandem
1881 466 2151 515 lectionem

352 537 512 585 robat.

315 553 349 603 P
467 601 705 665 Τοῦλλος
703 601 948 669 ’Τπατος.]
985 603 1221 668 Ignorant
1256 604 1456 653 annales
1485 605 1694 654 Romani
1717 606 1918 655 Tullum
1945 607 2151 656 Consu-

313 679 414 727 lem
429 678 696 740 Syracusas
724 676 1023 741 capientem:
1047 676 1319 726 Δουῖλλιον
1345 675 1520 723 se1ibit
1545 678 1760 741 Scaliger
1772 679 1888 726 Not
1903 695 2013 742 pag.
2031 679 2149 732 259.

317 766 433 797 cum
454 747 711 795 Metellum
732 763 973 811 reponere
997 745 1258 796 debuisset.
1329 746 1572 794 Eusebius
1604 749 1666 795 ad
1691 747 1975 812 Olympiad.
2000 751 2115 802 132.

457 819 571 880 Pag.
609 822 728 870 276.
769 818 1068 884 Γαλιαρίους
1104 819 1373 875 καλοῦντες
1410 812 1642 884 αὐτούς]
1691 819 1890 867 Falsum
1932 826 2029 879 est,
2081 818 2152 866 ait

317 889 497 937 citatus
523 889 768 951 Scaliger,
807 889 939 935 ullos
963 887 1188 935 homines
1214 888 1267 934 in
1291 887 1422 935 bello
1458 896 1653 952 captos,
1693 897 1742 937 et
1770 890 1825 937 in
1861 889 2150 937 servitutem

316 959 572 1021 redactos,
611 977 638 1006 a
665 959 901 1007 Romanis
935 958 1177 1006 Gallarios
1212 958 1372 1006 dictos
1406 958 1574 1008 fuisse.
1649 959 1835 1008 Asserit
1854 968 2020 1007 tamen
2045 959 2150 1007 eius

314 1030 584 1079 Eusebius:
622 1037 671 1076 et
698 1030 1026 1090 Gallinarios‚
1066 1046 1156 1094 per
1189 1028 1495 1088 ludibrium,
1532 1037 1591 1076 ut
1627 1031 1778 1078 victis
1812 1030 2032 1080 victores
2065 1031 2151 1077 in-

317 1102 503 1149 sultare
546 1109 908 1157 consuescunt,
960 1101 1130 1147 Gallos
1181 1099 1350 1164 potuit
1398 1099 1654 1148 aestimare
1684 1101 1860 1150 dictos.
1940 1100 2150 1166 Scripsit

316 1171 435 1220 alibi
455 1171 745 1221 modestius.
817 1173 934 1218 Hoc
959 1172 1199 1235 nuspiam
1227 1171 1382 1234 legere
1406 1173 1626 1218 memini.

459 1236 871 1307 Αὕτοματιστής.]
909 1242 1126 1305 Scaliger
1152 1236 1496 1306 αὕτοματίτης.
1536 1235 1816 1323 αὐτόματος
1842 1239 2038 1305 quidem
2072 1240 2149 1290 di-

317 1312 484 1373 citur,
523 1330 550 1359 a
583 1329 679 1376 quo
709 1309 1047 1399 αὕτοματίζω,
1083 1319 1131 1359 et
1159 1311 1337 1360 deinde
1362 1305 1740 1376 αυτοματιστής.

457 1378 782 1450 Ἀρκεσιλας.]
822 1383 1007 1432 Vocem
1025 1377 1266 1441 Ἀλκέτας.
1303 1382 1515 1430 Librarii
1536 1381 1662 1430 vitio
1688 1381 1924 1446 scriptam
1949 1381 2152 1431 damnat

316 1453 559 1503 Eusebius
583 1454 647 1502 ad
679 1454 1026 1519 Olympiadem
1052 1458 1166 1507 127.
1201 1453 1408 1500 Polemo
1420 1452 1765 1516 Philosophus
1787 1454 2018 1515 moritur,
2029 1461 2151 1517 post

320 1543 468 1590 quem
491 1524 754 1572 Arcesilas
781 1535 826 1571 et
858 1525 1033 1573 Crates
1058 1524 1190 1571 clari
1217 1523 1477 1575 habentur.

457 1594 686 1660 Ῥωμαῖοι
709 1593 1025 1661 διαφόρους]
1063 1594 1182 1643 Loci
1214 1593 1365 1643 liuius
1405 1593 1684 1643 emendatio
1708 1592 1954 1656 Scaligero
1984 1591 2151 1642 debita

317 1681 382 1714 ex
408 1666 608 1714 Eusebii
631 1667 830 1750 scriptis
857 1668 913 1714 ad
946 1665 1294 1731 Olympiadem
1318 1669 1433 1718 128.

459 1731 896 1802 Ἀρχιερατευσεν““
870 1758 895 1788 o
914 1732 1101 1801 Ἰησοῦς
1127 1733 1235 1796 υἱὸς
1248 1733 1445 1803 Σιροῖχ]
1485 1735 1646 1783 Iesum
1671 1732 2003 1782 Ecclesiastici
2025 1732 2150 1782 scri-

316 1813 517 1873 ptorem
558 1807 773 1854 Simonis
815 1815 1039 1872 tempore
1078 1807 1262 1855 vixisse
1311 1807 1534 1869 agnoscit
1579 1805 1864 1854 Chronicon
1904 1804 2149 1854 Alexand.

316 1894 430 1943 pag
460 1877 579 1930 410
604 1876 682 1925 his
708 1878 898 1925 verbis:
918 1874 1019 1966 ‹fss’
1031 1872 1306 1962 “dqxceosfig
1335 1877 1387 1928 ἐν
1409 1874 1726 1942 Ιερουσαλημ
1749 1876 1924 1958 Σίμων
1952 1874 2032 1939 ἔτη
2056 1870 2150 1940 κβ’.

317 1966 444 1999 κατα
477 1967 659 1998 τουτον
688 1942 881 2033 Ἰησοῦς
907 1946 933 1997 ὅ
961 1951 1053 1998 τοῦ
1092 1944 1250 2013 Σιροῖχ
1281 1944 1376 2011 τήν
1400 1946 1714 2012 καλουμένην
1742 1941 2036 2011 Παναρετον
2062 1960 2151 1995 σο-

316 2020 448 2082 φίαν
476 2013 747 2080 συνταξας,
787 2013 949 2068 αὐτου
980 2036 1070 2068 του
1108 2019 1340 2082 Σίμωνος
1364 2014 1758 2082 ἐμνημόνευσεν,
1796 2014 2150 2065 Pontificatum

315 2088 615 2137 Iudaeorum
636 2088 856 2136 tenuisse
882 2091 1113 2152 ignorant
1137 2087 1373 2136 histoiiae
1398 2105 1592 2150 sacrae,
1628 2087 1748 2135 licet
1775 2103 1800 2134 c
1825 2085 2149 2134 Pontificibus

316 2158 608 2222 sanguinem
640 2159 844 2206 duxisse
868 2176 971 2207 non
996 2158 1310 2206 inficientur:
1351 2158 1584 2223 quocirca
1611 2159 1705 2205 nec
1730 2157 1869 2205 illius
1893 2156 2028 2218 anni,
2056 2173 2150 2205 nec

320 2247 568 2278 annorum
613 2247 725 2277 cum
765 2237 921 2278 aetate
952 2229 1127 2277 mundi
1163 2246 1432 2276 consensus
1483 2228 1870 2290 examinandus,
1920 2224 2044 2291 quos
2088 2227 2149 2274 ab

316 2301 551 2365 imperito
593 2300 819 2348 Librario
857 2317 1183 2366 personarum
1229 2299 1433 2347 nomine
1478 2306 1670 2347 mutato
1719 2305 2018 2347 memoratos
2056 2297 2148 2346 de-

313 2378 595 2419 monstrare
621 2388 1039 2436 supervacaneum
1066 2378 1113 2418 et
1132 2370 1328 2418 inutile.
1401 2370 1588 2419 Vitium
1616 2370 1784 2436 potius
1806 2368 2146 2418 resecandum.

316 2442 610 2491 Perturbata
637 2442 960 2490 seditionibus
988 2442 1285 2490 Iudaeorum
1308 2441 1607 2506 Republica,
1645 2449 1695 2489 et
1726 2456 1896 2488 eorum
1925 2438 2148 2487 Ecclesia

315 2528 580 2561 sacrorum
610 2513 835 2562 virorum
854 2513 1117 2561 sceleribus
1147 2512 1200 2559 in
1237 2528 1438 2577 pessum
1468 2511 1703 2570 abeunte,
1743 2528 1855 2559 cum
1888 2507 2148 2558 ambitioni

314 2583 558 2632 avaritiae
584 2584 771 2649 rapinis
799 2584 1120 2632 Pontificatus
1147 2590 1196 2630 et
1219 2599 1313 2631 res.
1336 2582 1629 2631 sacratiores
1661 2582 2022 2642 obiicerentur3
2061 2579 2148 2644 qui

317 2669 347 2700 a
391 2654 696 2702 Sacerdotali
736 2657 972 2718 sanguine
1007 2653 1177 2715 alieni,
1217 2654 1384 2718 quales
1414 2654 1690 2716 Menelaus,
1729 2660 1775 2700 et
1806 2649 2146 2716 Lysimachus,

315 2724 541 2788 pecuniis
574 2732 623 2772 et
644 2741 909 2774 munerum
931 2725 1194 2788 largitione
1230 2724 1359 2772 viam
1390 2723 1480 2772 sibi
1502 2724 1565 2771 ad
1596 2722 1982 2772 sacratissimum
2010 2722 2146 2770 Pon-

315 2792 464 2841 tificii
492 2794 681 2859 apicem
713 2804 1046 2861 paraverunt,
1083 2795 1234 2844 iidem
1259 2812 1285 2843 e
1313 2795 1610 2843 Pontificum
1630 2794 1771 2854 albo,
1811 2809 1902 2840 ceu
1927 2790 2148 2858 propha-

315 2880 524 2921 norum,
563 2866 931 2931 sacrilegorum,
970 2875 1017 2914 et
1042 2865 1364 2914 moechorum
1391 2873 1507 2913 nota
1528 2865 1759 2913 inurendi
1782 2861 1969 2927 potius,
1997 2879 2146 2926 quam

318 2935 646 2984 sacerdotum
673 2938 957 2986 nominibus
982 2936 1265 2985 honorandi
1295 2935 1622 2999 Chronologis
1655 2933 1907 3000 plerisque
1940 2949 2146 2997 expun-

317 3005 467 3069 gendi
493 3006 587 3054 visi
611 3015 754 3055 sunt:
799 3009 1048 3068 Quocirca
1073 3008 1174 3056 illis
1204 3006 1480 3073 praeteritis
1497 3044 1510 3068 ‚
1549 3014 1597 3054 et
1622 3005 1762 3069 quasi
1793 3020 1819 3052 e
1842 3004 2143 3052 Pontificum

315 3075 496 3123 ordine
521 3076 748 3139 deiectis,
793 3097 818 3126 a
844 3080 1044 3127 Simone
1061 3079 1194 3126 inter
1212 3076 1476 3126 Pontifices
1501 3076 1822 3137 duodecimo,
1861 3074 1924 3123 ad
1942 3081 2142 3122 sextum

319 3146 566 3194 decimum
611 3147 779 3195 Iudam
826 3166 933 3214 pag·
968 3153 1089 3203 287.
1128 3148 1185 3200 Α.
1223 3154 1579 3208 memoratum,
1631 3147 1764 3195 solos
1807 3153 1907 3194 tres
1951 3145 2143 3192 medios

317 3216 591 3266 Authorem
629 3218 844 3266 arbitror
882 3219 1212 3281 recensuisse,
1269 3217 1352 3281 qui
1395 3218 1702 3265 Sacerdotali
1741 3216 1847 3265 sive
1879 3214 2141 3263 Pontificio

321 3289 560 3351 sanguine
587 3288 729 3350 clari,
770 3290 832 3336 ad
858 3307 964 3337 eam
987 3289 1272 3353 dignitatem
1301 3300 1356 3335 eo
1376 3289 1574 3336 nomine
1600 3297 1649 3336 et
1673 3288 1782 3336 iure
1804 3284 2014 3352 provehi
2038 3300 2143 3332 me-

318 3367 565 3407 rerentur.
639 3359 819 3408 Deletis
843 3359 997 3423 igitur
1037 3376 1063 3407 e
1090 3359 1382 3407 Praesulum
1407 3359 1644 3407 laterculo
1662 3398 1676 3423 ,
1710 3357 1932 3407 Menelao
1966 3362 2014 3403 et
2037 3355 2142 3419 Ly-

321 3429 572 3491 simacho,
622 3438 736 3494 post
775 3430 1024 3478 Simonem
1061 3429 1410 3477 duodecimum
1451 3430 1742 3477 Pontificem
1779 3435 1880 3476 tres
1925 3425 2142 3474 eiusdem

321 3500 534 3549 Simonis
554 3500 700 3567 filios,
739 3501 915 3552 Oniam
937 3500 1170 3553 videlicet
1192 3500 1296 3551 eius
1318 3500 1533 3551 nominis
1550 3500 1754 3552 tertium
1766 3515 1782 3559 3
1819 3498 1995 3560 Iesum,
2019 3494 2138 3544 alias
