2196 3912
558 182 1116 240 CHRONOGRAPH.
1153 183 1294 238 CAN
1301 181 1416 238 ΟΝ.
1766 174 1893 232 283

7 342 9 344 v
72 314 333 376 devincto,
372 311 566 380 (primis
604 310 733 359 enim
758 328 787 358 a
811 312 1188 362 Resurrectione
1212 311 1472 362 Dominica
1507 310 1757 360 mensibus
1778 311 1893 359 nul-

70 386 151 433 lus
176 384 461 432 institutum
485 380 698 446 dixerit)
722 381 1035 446 Hymenaeus
1062 402 1231 432 eorum
1256 392 1532 450 postremus
1569 381 1712 429 annis
1760 382 1895 429 duo-

71 455 233 504 decim
258 454 378 514 solis
398 454 457 502 ab
472 453 640 501 eodem
658 453 871 516 Georgio
893 455 1106 519 acceptis
1119 455 1580 518 Hierosolymorum
1600 451 1898 501 Antistitum

68 524 366 573 laterculum
386 540 475 590 per
494 523 628 571 haud
651 523 801 570 breve
824 524 1037 587 spatium
1062 526 1203 573 nullo
1225 525 1459 572 Antistite
1486 524 1788 571 demonstrat
1812 540 1897 571 oc·-

72 602 337 660 cupatum3
377 595 464 659 qui
490 610 630 642 error
659 595 715 640 in
740 593 964 642 Authore
1002 613 1106 642 non
1148 595 1307 643 obiter
1343 593 1761 660 praetereundus,
1796 594 1896 642 nisi

68 665 307 714 maiorem
334 665 535 728 dixero,
574 663 709 726 quod
731 663 1001 728 Hymenaei
1033 665 1251 713 eiusdem
1282 664 1695 732 (reclamantibus
1721 663 1777 711 in
1802 664 1898 711 ad-

67 752 271 784 versum
294 734 537 791 Eusebio,
573 734 879 799 Nicephoro‚
917 743 965 782 et
986 735 1323 800 Theophane)
1359 752 1514 782 annos
1545 735 1690 782 foeda
1737 734 1898 781 muti-

2 815 14 823 ‘
67 806 254 854 latione
275 794 493 854 effecerit
510 802 781 853 breviores.
852 805 1164 870 Nicephorus
1190 805 1432 869 siquidem
1456 804 1728 853 voluminis
1751 805 1896 865 istius

67 876 247 943 pagina
269 877 387 932 410.
415 874 473 926 A.
501 883 602 923 tres
640 892 790 940 supra
820 875 1001 938 viginti
1036 883 1276 923 memorat
1295 876 1591 941 Hymenaei:
1637 874 1897 939 Theopha-

68 963 156 996 nes
182 962 244 993 ex
273 945 495 994 omnium
517 943 635 993 MM.
664 947 748 995 SS.
772 946 1056 994 testimonio
1081 953 1311 993 numerat
1333 946 1420 998 24.
1444 946 1507 992 ad
1533 962 1715 992 annum
1741 950 1897 999 2777.

66 1034 181 1084 pag.
209 1015 262 1068 4.
294 1017 351 1065 A.
375 1015 509 1063 idem
533 1015 713 1063 iterum
738 1019 825 1068 28.
861 1023 1082 1064 recenset
1107 1016 1170 1065 ad
1195 1032 1381 1063 annum
1407 1018 1564 1069 2788.
1586 1015 1640 1062 in
1665 1016 1783 1065 MM.
1814 1018 1897 1066 SS.

67 1086 295 1154 pluribus
311 1124 325 1148 ‚
363 1103 487 1150 quae
511 1086 566 1133 in
590 1086 723 1133 notis
745 1094 1097 1135 memorantur.
1166 1086 1395 1150 Assignat
1419 1085 1661 1132 Eusebius
1701 1086 1823 1134 duos
1849 1095 1901 1135 et

66 1157 274 1220 triginta
296 1157 352 1204 in
377 1156 639 1204 Chronicis
658 1193 672 1219 ‚
709 1173 735 1202 a
760 1157 1013 1205 Valeriani
1050 1157 1242 1204 scilicet
1269 1161 1351 1210 12.
1388 1163 1437 1203 et
1468 1155 1651 1203 Christi
1679 1159 1800 1210 268.
1836 1157 1901 1205 ad

66 1226 368 1276 Diocletiani
396 1232 476 1280 12.
499 1235 548 1274 et
576 1225 758 1274 Christi
778 1231 899 1281 299.
971 1228 1049 1275 Ex
1069 1227 1372 1274 inconstanti
1410 1242 1733 1274 numerorum
1775 1243 1902 1275 con-

4 1306 11 1309 ⁴
69 1299 202 1362 gerie
227 1298 335 1362 quis
357 1297 564 1345 caeteris
586 1297 769 1344 certior
801 1297 1133 1359 designandus
1157 1314 1285 1362 pene
1308 1297 1571 1346 incertum.
1645 1298 1771 1343 Sane
1798 1300 1900 1363 qui,

67 1376 126 1417 ut
158 1385 269 1416 sum
306 1368 585 1433 praefatus,
623 1383 809 1414 annum
834 1368 1002 1415 Iacobi
1033 1368 1251 1433 primum
1285 1367 1348 1415 ad
1374 1366 1556 1420 Christi
1581 1367 1778 1413 Domini
1809 1371 1897 1423 34,

69 1455 134 1487 ex
161 1438 396 1487 Authoris
421 1437 556 1486 dicto
582 1453 690 1501 pag.
715 1440 838 1491 328.
864 1438 917 1487 Β.
944 1437 1275 1503 deputaverit,
1313 1444 1362 1485 et
1387 1453 1450 1484 ex
1471 1436 1648 1484 iudicii
1670 1439 1900 1488 consulto

71 1505 206 1577 (quis
231 1509 362 1557 enim
389 1525 416 1555 a
446 1507 664 1572 Spiritus
693 1509 739 1558 S.
764 1507 819 1554 in
840 1507 1107 1572 Apostolos
1131 1509 1318 1572 illapsu
1347 1506 1511 1554 Iacobi
1536 1507 1900 1571 promotionem

69 1581 238 1628 statim
262 1579 557 1643 completam
581 1575 845 1643 existimet)
873 1595 1062 1634 annum
1076 1577 1368 1641 cogitaverit
1386 1577 1647 1624 obeuntem
1656 1592 1671 1635 3
1708 1578 1901 1644 Hyme-

68 1650 182 1698 naei
233 1648 611 1710 duodecimum,
661 1654 720 1694 ut
752 1647 807 1694 in
843 1648 1033 1696 Christi
1067 1649 1186 1702 275.
1240 1649 1530 1708 obeuntem,
1585 1647 1658 1693 ita
1690 1647 1746 1695 in
1783 1655 1901 1704 276.

67 1720 325 1770 ineuntem
356 1718 612 1766 incurrere
658 1733 721 1764 ex
761 1717 936 1766 ordine
979 1717 1344 1783 deprehendet:
1384 1717 1465 1764 cui
1504 1734 1566 1764 ex
1601 1716 1903 1784 Theophane

72 1791 272 1854 Georgii
301 1789 646 1837 continuatore
668 1788 809 1835 annis
831 1790 949 1836 totis
976 1796 1191 1853 quatuor
1213 1795 1261 1836 et
1279 1787 1459 1851 viginti
1483 1787 1726 1851 ascriptis,
1765 1790 1902 1838 eius-

71 1861 184 1910 dem
213 1861 415 1908 tertium
440 1859 686 1906 decimum
710 1858 766 1905 in
790 1858 1087 1907 Diocletiani
1120 1858 1343 1923 primum
1367 1858 1540 1905 mundi
1566 1863 1720 1911 2777.
1753 1860 1903 1908 Chri-

22 1951 25 1953 ·
71 1931 135 1979 sti
172 1935 291 1986 277.
329 1947 391 1978 ex
415 1927 730 1994 Theophanis
774 1937 1010 1995 computo
1047 1929 1294 1991 incidere,
1345 1935 1396 1976 et
1433 1927 1635 1990 Georgii
1682 1930 1900 1980 calculos

72 2018 188 2051 cum
222 1999 537 2067 Theophanis
569 2005 804 2066 computo
840 1999 1159 2050 concordiam
1191 1999 1318 2049 inire
1355 2015 1500 2064 posse
1535 1998 1755 2061 facilem,
1809 2002 1900 2051 de·-

74 2078 255 2120 cernet.

115 2214 224 2251 Anni
245 2223 396 2248 amun·
450 2213 558 2249 Armi
583 2212 691 2249 chri-
754 2213 923 2252 Romam·
946 2215 1071 2261 Impe-
1110 2213 1349 2250 Iudaeorum
1379 2212 1461 2249 Re-
1491 2210 1668 2257 Romae,
1702 2212 1845 2249 Antio-

141 2271 183 2309 di
206 2271 383 2308 conditu.
532 2270 600 2307 cti.
829 2278 998 2309 ratores.
1249 2281 1334 2316 ges.
1492 2268 1630 2313 chiae,
1663 2269 1844 2305 Alexan-

1492 2324 1634 2368 ariae,
1676 2329 1715 2360 et
1750 2327 1846 2363 Hie-

1535 2381 1820 2424 rosolymorum

1550 2437 1776 2483 Pontifices.

189 2603 323 2657 5541
533 2603 599 2654 41
910 2606 945 2654 2
1289 2601 1322 2650 3
1515 2619 1664 2654 nomae
1683 2619 1825 2665 primus

1510 2676 1722 2722 Episcopus
1744 2679 1819 2714 PE-

1503 2742 1602 2768 'rmss
1624 2733 1731 2770 annis
1752 2735 1809 2772 25.

189 2826 329 2880 5542
531 2826 602 2877 42
915 2829 948 2877 3
1291 2822 1325 2872 4
1505 2830 1731 2867 Antiochiae
1751 2831 1832 2878 pri-

1514 2898 1596 2922 mus
1622 2888 1835 2934 Episcopus

1501 2944 1675 2980 Evomus
1700 2956 1764 2981 an.
1786 2946 1843 2980 29.

1494 3028 1749 3064 Alexandriae
1767 3030 1843 3075 pri-

1512 3096 1594 3122 mus
1617 3086 1827 3132 Episcopus

1544 3143 1713 3182 Murcus
1733 3154 1804 3179 au-

1607 3199 1668 3238 nis
1692 3200 1743 3236 16.

195 3267 333 3320 5543
539 3271 607 3320 43
917 3272 949 3321 4
1296 3268 1328 3321 5

196 3338 335 3391 5544
538 3340 608 3390 44
920 3338 949 3387 5
1297 3343 1331 3391 6

196 3409 335 3462 5545
539 3408 607 3460 45
919 3412 950 3459 6
1298 3412 1331 3459 7
