2222 3938
655 193 754 248 ET
790 191 1379 249 ANNOTATIONES.
1801 180 1925 243 465

69 383 73 388 ⁸
107 321 316 391 ὑστερεῖ,
342 320 507 382 Quoto
531 318 691 386 spatio
720 338 783 370 ex
807 321 1067 371 subductis
1085 323 1273 387 Regum
1300 328 1349 370 et
1366 322 1722 388 Prytaneorum
1748 320 1927 371 annis?

109 388 219 454 υιξ.
246 392 420 456 utique
437 401 485 441 et
520 409 624 439 non
655 388 783 456 νμζ.
829 393 1091 442 Conclusio
1123 393 1247 441 haec
1266 393 1430 442 verbis
1457 391 1662 458 paginae
1691 408 1931 457 praesen-

109 463 176 511 tis
215 463 476 528 postremis
523 461 780 510 manifesta
819 463 1136 528 relinquitur.
1223 463 1506 512 Caeterum:
1553 463 1670 509 Hoc
1707 461 1935 510 Diodori

101 534 468 597 fragmentum,
503 532 679 580 scribit
708 534 924 596 Scaliger
946 534 1201 583 Animatlv.
1223 534 1403 598 pagina
1418 533 1538 588 255.
1561 531 1790 581 debemus
1811 535 1933 582 Eu-

110 603 260 652 sebio.
331 605 495 667 Longe
517 604 715 667 quidem
742 605 922 652 certius
947 605 1158 667 Georgio
1186 605 1416 667 Syncello
1441 603 1740 653 asseruisset.

250 671 527 739 Εὔδαμος]
563 673 808 723 Emendat
827 676 1012 740 stylum
1034 675 1286 723 Librarius
1303 692 1358 740 p-
1387 678 1502 729 180.
1523 675 1581 723 A.
1605 681 1654 722 et
1678 692 1727 740 p.
1750 675 1858 727 185.
1872 673 1933 722 D.

111 751 162 793 et
189 744 365 792 scribit
388 741 645 808 Εὔδημος.

247 809 595 880 Ἀριστομέδης
621 813 703 880 ἔτη
726 809 807 878 λ’.]
844 813 923 861 Ex
960 814 1220 878 utriusque
1252 831 1363 879 pag.
1388 813 1514 862 locis
1545 812 1756 862 laudatis
1779 827 1938 879 repo-

113 883 213 932 suit
231 879 583 950 Ἀριστομήδης
609 884 691 949 ἔτη
717 879 798 956 λεί.

253 955 504 1018 Pag..180.
540 953 694 1004 Εἰσὶν
721 955 815 1004 οὖν
856 953 961 1004 οἵδε
999 951 1254 1018 βασιλεῖς]
1280 955 1466 1001 Textus
1487 953 1786 1002 laterculum
1800 969 1939 1001 men-

115 1024 317 1085 dosum,
355 1042 441 1085 eo,
480 1025 615 1088 quod
641 1024 704 1072 ad
725 1024 993 1089 marginem
1024 1024 1322 1088 apponitur,
1358 1024 1583 1087 restitui,
1621 1023 1837 1072 eiusdem
1865 1022 1938 1071 ti-

112 1095 248 1143 tulus
274 1096 568 1143 manifestat.

255 1161 453 1231 Βάκχης
480 1161 586 1232 λε’.]
623 1164 835 1213 Librarii
871 1181 1036 1225 error,
1076 1180 1223 1228 quem
1265 1163 1484 1227 Scaliger
1520 1161 1742 1226 sequitur
1771 1168 1940 1210 textus

115 1235 296 1301 pagina
335 1239 418 1289 33.
464 1253 561 1300 qua
598 1236 843 1284 Bacchem
891 1234 1266 1284 Corinthiorum
1300 1251 1470 1299 regum
1509 1234 1739 1298 quintum
1773 1231 1942 1280 statim

115 1306 336 1372 primum
361 1308 413 1353 in
437 1306 663 1354 laterculi
692 1307 855 1354 fronte
887 1306 1113 1353 collocat.

257 1372 455 1441 Βάκχης
480 1375 561 1441 ἔτη
586 1371 696 1441 λβ’.]
735 1375 972 1440 Superius
998 1376 1310 1437 laterculum,
1340 1381 1400 1421 ut
1420 1373 1504 1421 hic
1524 1371 1794 1433 Librarius,
1822 1370 1946 1419 scri-

115 1447 192 1496 bit
215 1442 295 1497 ae'.
324 1465 350 1494 a
371 1447 549 1495 mundi
571 1446 892 1494 nihilominus
913 1447 1066 1499 4569.
1092 1462 1191 1509 quo
1215 1462 1418 1509 regnum
1442 1445 1557 1492 iniit
1575 1444 1639 1492 ad
1660 1444 1813 1497 4601.
1843 1458 1944 1507 quo

115 1525 345 1567 mortuus
375 1525 471 1578 est,
509 1534 611 1565 non
637 1519 803 1582 plures
833 1519 916 1570 32.
946 1523 1289 1564 numerantur.

261 1587 392 1638 Φασὶ
421 1586 676 1655 γεγονέναι
707 1586 820 1654 περὶ
856 1582 1223 1652 κρατήσαντα]
1275 1585 1460 1634 Vitiosa
1488 1583 1637 1631 lectio
1667 1582 1766 1630 hoc
1793 1589 1944 1647 pacto

117 1658 423 1708 emendanda
448 1657 572 1716 φασὶ
603 1657 856 1725 γεγονέναι
883 1657 936 1707 οἱ
961 1655 1075 1721 περὶ
1105 1652 1195 1707 τὸν
1233 1650 1440 1721 Κράτην
1473 1648 1704 1718 ζήσαντα.
1760 1652 1948 1700 Scribit

119 1730 251 1779 enim
288 1729 531 1777 Eusebius
569 1729 789 1775 Latinus.
844 1725 1073 1790 Quidam
1100 1743 1241 1788 eam,
1281 1743 1337 1772 ex
1373 1725 1562 1788 quibus
1593 1721 1795 1785 Grates,
1831 1731 1948 1769 ante

119 1799 410 1847 descensum
431 1797 831 1846 Heraclidarum
853 1805 1071 1860 ponunt.
1122 1796 1342 1844 Assentit
1367 1793 1599 1857 Scaliger,
1639 1801 1686 1841 et
1708 1810 1796 1840 sua
1822 1809 1947 1840 con-

118 1871 311 1919 iectura
350 1869 739 1918 emendationem
774 1869 915 1917 iuvat
951 1866 1078 1932 φασὶ
1118 1865 1402 1934 γεγονέναι,
1452 1860 1618 1931 ὥσπερ
1661 1862 1693 1915 o‘
1729 1859 1946 1932 Κράτης.

118 1958 229 2008 pag.
252 1948 420 1988 textus
448 1940 625 1988 Euseb.
649 1939 733 1992 34.

266 2012 332 2062 Οἱ
355 2008 410 2061 δὲ
437 2009 551 2076 περὶ
571 2007 660 2061 τόν
688 2004 1008 2075 Φιλόχορον]
1045 2006 1288 2056 Dictionis
1319 2007 1374 2054 in
1399 2005 1501 2054 MS.
1538 2004 1756 2052 defectus
1784 2000 1950 2050 Scali-

121 2099 318 2146 gerum,
356 2089 415 2128 ut
438 2088 630 2128 textum
658 2080 970 2145 depravaret,
1003 2078 1222 2143 impulit.
1298 2076 1458 2125 Habet
1482 2076 1636 2122 illud:
1676 2074 1728 2124 οἵ
1753 2070 1806 2122 δὲ
1834 2071 1949 2138 περὶ

126 2148 404 2217 Φιλόχορον
429 2148 513 2201 τὸν
536 2154 625 2214 τῆς
643 2147 861 2213 Ἰωνικῆς
888 2144 1123 2207 ἀποικίας
1147 2144 1176 2178 *
1198 2142 1328 2198 καθ’
1358 2146 1445 2198 ἕνα
1468 2149 1569 2195 τῶν
1596 2140 1678 2194 διοέ
1706 2143 1821 2207 βίου
1855 2137 1946 2207 ἅρ-

122 2217 315 2288 χόντων
347 2217 653 2288 Ἀθήνῃσινε
689 2219 909 2268 restituit
946 2218 1186 2281 Scaliger:
1225 2218 1278 2267 οἱ
1312 2214 1367 2267 δὲ
1401 2214 1514 2280 περὶ
1560 2207 1835 2278 Φιλόχορον
1867 2210 1951 2262 ἐπὶ

122 2296 213 2357 τῆς
235 2287 454 2354 Ἰωνικῆς
481 2286 744 2349 ἀποικίας,
783 2284 913 2339 καθ’
939 2287 1026 2338 ἕνα
1046 2292 1147 2337 τῶν
1178 2283 1262 2337 διοέ
1294 2287 1410 2352 βίου
1444 2279 1723 2350 ἆρχόντωνε
1763 2290 1814 2329 at
1845 2298 1949 2329 non

124 2363 328 2426 integre.
399 2361 583 2408 Fuerat
610 2360 740 2407 enim
763 2358 885 2407 haec
911 2357 1186 2406 Aristarchi
1211 2367 1262 2404 et
1283 2355 1567 2420 sequacium
1593 2353 1762 2418 opinio
1786 2351 1951 2399 dedu-

127 2441 235 2481 ctae
276 2433 334 2478 ab
368 2431 564 2479 Ionibus
594 2430 814 2478 coloniae
841 2437 1066 2493 tempore
1091 2427 1361 2475 Homerum
1391 2425 1651 2474 floruisse:
1702 2423 1800 2471 iam
1836 2431 1951 2470 cum

128 2502 404 2568 oppositam
434 2499 763 2549 Philochorus
788 2502 1077 2548 sententiam
1110 2497 1461 2561 amplectatur,
1498 2512 1590 2559 qua
1617 2493 1809 2543 ratione
1836 2491 1951 2539 Phi-

98 2573 364 2622 .loch0rus
406 2572 459 2619 in
499 2569 774 2618 Aristarchi
813 2576 1025 2617 mentem
1068 2568 1316 2631 Scaligero
1354 2567 1563 2614 ductore
1599 2562 1851 2613 transeat?
1902 2562 1955 2613 οἱ

126 2643 242 2710 περὶ
277 2639 621 2709 Ἀρίσταρχον,
659 2640 834 2688 scribit
873 2638 1096 2700 Author‚
1143 2634 1268 2688 κατοὲ
1308 2633 1401 2702 τῆν
1444 2632 1670 2700 Ἰωνικήν
1712 2629 1950 2684 ἀποικίαν

112 2710 344 2779 ’Ὅμηρον
375 2710 626 2779 γεγονέναι
649 2711 842 2774 φασίνε
866 2710 997 2756 infra
1022 2726 1168 2769 vern,
1197 2709 1250 2758 οἵ
1275 2705 1329 2758 δὲ
1351 2705 1466 2772 περὶ
1495 2701 1793 2771 Φιλόχορονε
1824 2703 1951 2750 nulli

131 2784 333 2832 dubium
367 2784 485 2846 quin
518 2781 697 2842 dictio,
738 2778 817 2840 δὲ,
857 2781 1121 2828 adversans
1148 2795 1328 2826 novam
1359 2777 1643 2841 opinionem
1667 2775 1871 2822 inducat
1894 2773 1949 2820 in

130 2854 475 2918 sequentibus,
515 2869 661 2915 quam
689 2851 891 2898 eandem
915 2850 1135 2898 inculcat
1156 2848 1460 2912 interpolans
1489 2846 1720 2909 Scaliger,
1757 2844 1838 2895 ἐπὶ
1860 2846 1950 2907 τῆς

127 2918 632 2989 Ἰωνικῆςοῖποικίαψ
703 2921 892 2985 Ecquid
924 2921 993 2967 ita
1028 2919 1162 2968 vixit
1199 2919 1442 2967 Homerus
1484 2916 1565 2967 ἐπὶ
1604 2920 1694 2981 τῆς
1733 2910 1951 2976 Ἰωνικῆς

134 2989 395 3053 οἷποικίας,
434 3001 489 3041 ut
521 2992 695 3052 simul,
732 2986 858 3042 καθ’
895 2991 982 3042 ἕνα
1011 2994 1114 3040 ταῖν
1152 2986 1235 3039 δια
1263 2991 1379 3055 βίου
1416 2983 1664 3053 ἀρχόντων
1695 2984 1948 3033 extiterit?

130 3064 337 3112 Latinus
374 3063 482 3127 ipse
514 3061 775 3124 Eusebius,
802 3071 923 3126 post
957 3062 1334 3126 emigrationem
1367 3060 1620 3120 Ionicam,
1659 3059 1751 3103 ait:
1791 3053 1953 3101 Scali-

134 3151 219 3198 ger
255 3133 336 3184 ἐπὶ
360 3137 449 3198 τῆς
469 3127 683 3196 Ἰωνικῆς
713 3127 948 3191 οἷποικίας
976 3130 1307 3194 emigrationis
1331 3137 1566 3194 tempore.
1639 3127 1703 3174 At
1728 3141 1805 3173 res
1834 3139 1953 3187 per-

135 3220 381 3268 sonaeque
432 3211 653 3267 tempore
702 3201 1117 3250 disiunctissimae
1165 3218 1270 3248 non
1314 3199 1460 3249 facile
1515 3204 1707 3246 coeunt.
1797 3191 1954 3239 Faci-

134 3274 231 3322 lius
280 3274 443 3337 itaque
493 3280 757 3336 reparatur
804 3271 1042 3320 Authoris
1091 3288 1276 3320 sensus.
1326 3271 1378 3322 οἱ
1420 3267 1474 3320 δὲ
1513 3266 1626 3333 περὶ
1678 3259 1952 3326 Φιλόχορον

134 3341 225 3395 τὸν
249 3347 339 3407 τῆς
371 3339 591 3406 Ἰωνικῆς
625 3338 857 3401 ἀποικίας
901 3343 1123 3407 ἴστορίαν
1162 3336 1535 3406 συστησάμενον
1567 3329 1691 3385 καθ’
1727 3332 1813 3383 ἕνα
1850 3336 1953 3381 τῶν

136 3411 221 3465 διοὶ
260 3415 374 3479 βίου
415 3406 694 3478 οἶρχ·όντων;
733 3412 964 3460 Atthides
991 3411 1237 3476 siquidem
1275 3416 1354 3464 17.
1397 3407 1536 3455 libris
1564 3405 1623 3451 ‹le
1652 3403 1818 3450 lonica
1853 3402 1952 3449 mi-

136 3484 382 3547 gratione,
422 3483 577 3545 deque
610 3481 984 3532 Atheniensium
1008 3482 1155 3547 gestis
1184 3489 1234 3530 et
1267 3479 1460 3544 regibus
1493 3474 1653 3523 texuit
1677 3471 1951 3535 historiam,

253 3566 414 3622 Georg.
442 3565 674 3622 Syncellus.
703 3564 760 3608 11.
1542 3547 1611 3598 30
