2222 3938
635 190 736 244 ET
772 184 1358 247 ANNOTATIONES.
1784 177 1919 239 521-

89 338 243 389 quare
273 321 373 370 dici
405 327 576 387 posset
609 318 831 370 verba‘'
800 339 892 380 εως
926 314 1018 387 κβ’.
1051 313 1399 385 Κλεοπάτρας,
1433 317 1488 365 111
1512 311 1597 370 κε’.
1630 335 1694 368 ex
1721 326 1911 368 statuto

87 400 366 443 tercentum
391 407 602 440 numero
625 390 945 440 emendanda.
982 391 1167 438 Iuvant
1191 388 1322 437 hanc
1345 389 1404 437 de
1427 388 1637 453 Georgio
1661 390 1912 472 suspicio-

87 481 204 513 nem
226 463 321 510 alia
343 462 448 511 eius
469 461 619 510 verba
649 478 758 551 pag.
785 465 904 515 312.
927 461 984 511 D.
1019 459 1086 527 (si
1110 468 1279 508 tamen
1304 460 1509 508 mendae
1529 462 1765 543 expertia
1801 461 1912 526 quis

87 531 350 616 sustineat)
377 532 680 584 huiusmodi.
719 531 885 596 ε’τυχεν
907 525 1310 596 ἀποκαταστῆναι
1336 527 1460 581 κατὰ
1483 526 1598 582 τόδε
1622 527 1785 602 ευοαῖ
1808 531 1914 593 ἔτος

89 608 184 656 τοῦ
204 599 414 687 κόσμου.
454 602 675 665 Contigit
704 609 868 650 autem
891 601 1194 649 Alexandria
1221 608 1362 666 capta
1381 582 1736 667 Aegyptiorum
1758 620 1915 651 anno-

88 680 204 724 rum
240 669 663 733 ἅποκαταστάσιςε
702 689 832 720 anno
868 671 1023 735 igitur
1060 679 1331 736 praeeunte
1367 672 1543 720 mundi
1575 673 1728 735 5470.
1768 675 1917 722 Cleo-

87 752 260 812 patrae
295 745 377 798 25.
409 760 510 791 una
539 760 653 791 cum
685 742 808 791 urbe
848 750 897 790 et
936 742 1148 807 imperio
1191 742 1448 806 Cleopatra
1481 743 1635 792 vitam
1670 745 1913 793 amiserat.

88 815 152 863 In
196 815 462 863 adversum
509 821 609 861 stat
651 812 886 877 Georgius
921 811 1027 877 ipse
1065 812 1217 875 Regio
1253 813 1431 861 Codice
1464 813 1763 877 instructus,
1815 832 1913 880 quo

7 920 11 921 ν
91 885 378 950 Cleopatrae
404 901 559 932 annos
583 885 708 932 duos
737 849 809 933 eto
818 882 997 947 viginti
1033 882 1278 930 duntaxat
1302 883 1477 932 asserit
1513 902 1540 931 a
1564 887 1737 934 mundi
1761 886 1913 940 5446.

90 956 156 1004 ad
177 957 331 1010 5458.
358 955 707 1003 decurrendos.
779 953 934 1002 Favet
952 953 1102 1016 Regio
1134 953 1422 1002 Perezianus
1452 955 1648 1018 Codex,
1688 956 1776 1022 qui
1797 957 1917 1005 licet

89 1026 264 1076 nitidis
290 1033 340 1073 et
358 1026 526 1075 rubris
555 1024 924 1073 characteribus
947 1024 1234 1089 Cleopatrae
1264 1042 1419 1072 annos
1445 1026 1528 1079 25.
1557 995 1748 1075 astruat
1766 1044 1916 1092 prae-

91 1096 220 1146 senti
241 1097 384 1159 loco,
424 1096 686 1144 confestim
706 1103 870 1142 tamen
898 1095 958 1142 de
978 1093 1081 1142 eius
1104 1103 1264 1143 morte
1289 1095 1483 1148 ratione
1508 1096 1743 1145 instituta
1768 1096 1917 1164 (quae

89 1168 144 1216 in
180 1167 331 1231 Regio
375 1167 608 1215 lacunosa
650 1164 754 1233 est)
793 1165 991 1214 subdit.
1035 1160 1208 1216 ασπίδι
1251 1161 1380 1216 καθ’
1414 1166 1596 1232 ἑαυτῆς
1629 1167 1917 1236 χρησαμένη

91 1233 191 1289 cisto
212 1232 580 1306 Ἀλεξάνδρου’
565 1236 644 1302 ε’τη
670 1231 795 1303 ρ’)ηἲ
834 1235 997 1303 (quem
1026 1251 1244 1285 errorem
1272 1254 1333 1284 ex
1355 1237 1680 1302 oppignorata
1702 1239 1800 1287 fide
1824 1256 1918 1286 ex-

90 1307 275 1375 pressi,
313 1325 426 1356 cum
465 1303 585 1372 6¹77]ss
630 1307 847 1356 scribere
891 1305 1172 1373 debuisset)
1222 1315 1339 1371 post
1378 1309 1651 1357 Alexandri
1692 1310 1846 1373 igitur
1887 1329 1917 1357 a

90 1379 268 1428 mundi
304 1378 507 1426 conditu
543 1381 695 1432 5170.
727 1379 884 1425 fatum
924 1385 974 1426 et
1018 1394 1172 1424 annos
1199 1381 1317 1432 298.
1356 1379 1398 1426 si
1438 1380 1633 1444 aspide,
1674 1398 1763 1428 ceu
1792 1379 1919 1428 lethi

90 1451 225 1512 telo,
262 1450 525 1515 Cleopatra
549 1456 724 1514 pectus
762 1448 1004 1510 confixit,
1045 1466 1074 1495 a
1108 1448 1286 1495 mundi
1311 1449 1467 1503 5446.
1499 1468 1597 1514 quo
1629 1450 1874 1499 fratrem
1859 1468 1914 1497 m

90 1537 242 1584 regno
269 1522 492 1600 excepit,
529 1520 673 1567 annis
697 1526 893 1566 tantum
923 1524 1008 1572 22.
1034 1519 1242 1583 sceptris
1262 1520 1423 1584 potita
1444 1521 1620 1568 mundi
1648 1522 1799 1575 5468.
1827 1521 1922 1568 in-

92 1599 239 1639 eunte
271 1591 425 1639 vitam
454 1591 682 1654 reliquit:
718 1589 944 1654 illudque
972 1589 1102 1636 idem
1129 1597 1202 1637 est
1225 1590 1359 1653 quod
1386 1608 1448 1638 ex
1479 1592 1740 1655 Africano,
1777 1592 1920 1640 cuius

93 1662 228 1710 dicta
250 1678 355 1709 non
376 1661 591 1724 refellit,
626 1661 726 1708 imo
755 1660 922 1708 verbis
952 1660 1198 1724 expressis
1220 1662 1375 1709 refert
1400 1662 1531 1710 Geoi
1532 1662 1638 1725 gius
1662 1680 1770 1727 pag.
1799 1665 1919 1716 308.
1946 1667 1999 1711 P.
2025 1666 2084 1710 73

94 1734 147 1781 C.
186 1730 326 1798 μέχρι
356 1733 504 1782 τοῦδε
543 1732 595 1782 οἰ
622 1731 868 1814 Λαγῖδαι,
903 1729 990 1781 καὶ
1028 1725 1229 1796 σύμπας
1260 1735 1353 1796 τῆς
1381 1735 1741 1798 Μακεδονικῆς
1772 1729 1926 1798 ἅρχης

94 1798 336 1870 σύλλογος
363 1799 484 1868 μετοῖ
510 1801 591 1867 ε’τη
618 1796 897 1867 τριακόσια,
934 1802 1079 1851 δυοῖν
1107 1798 1312 1852 δέονται
1346 1801 1401 1849 id
1439 1810 1512 1849 est
1546 1807 1665 1857 298.
1700 1803 1782 1868 ἔτη
1810 1799 1928 1852 σύν..

93 1893 242 1942 εγγυς
275 1869 527 1940 τριακόσια
556 1879 769 1920 testatur
803 1871 992 1951 pariter
1028 1871 1262 1919 Latinum
1289 1871 1577 1920 Chronicon
1597 1873 1774 1938 pagina
1800 1877 1923 1927 310.

95 1946 150 1991 (3.
187 1944 407 1993 citatum.
478 1943 620 1991 Illius
645 1960 797 2008 porro
817 1942 872 1989 in
893 1941 1108 2006 seipsum
1131 1942 1381 2006 Georgii'
1358 1940 1700 2009 εναντιότητος
1729 1961 1926 1992 causam

92 2021 407 2082 perscrutato
438 2022 636 2079 praeter
672 2012 790 2060 alibi
826 2012 1102 2078 expositam
1131 2013 1228 2060 alia
1265 2030 1369 2060 non
1397 2014 1642 2077 occurrit,
1678 2015 1776 2062 nisi
1801 2031 1929 2079 quae

92 2093 210 2152 post
235 2092 547 2148 excerptum,
585 2091 633 2132 et
664 2100 727 2131 ex
750 2083 903 2132 variis
935 2082 1231 2131 authoribus
1266 2083 1322 2131 in
1358 2084 1608 2148 appositas
1636 2093 1801 2150 partes
1835 2085 1927 2132 ab-

96 2156 328 2205 euntibus
356 2154 597 2217 digestum
623 2171 775 2218 opus,
815 2153 1026 2217 Georgio
1055 2161 1214 2201 morte
1242 2162 1541 2218 praeventO,
1579 2155 1641 2203 ad
1669 2155 1816 2202 unius
1857 2155 1931 2202 si-

95 2225 251 2274 bimet
273 2225 505 2286 consoni,
543 2231 592 2272 et
614 2225 676 2271 ad
703 2231 868 2288 partes
891 2239 1060 2271 omnes
1092 2223 1356 2272 concordis
1383 2226 1609 2289 computi
1639 2225 1770 2273 illud
1797 2225 1930 2274 idem

99 2295 327 2359 castigari
352 2302 402 2344 et
423 2294 606 2342 instrui
627 2293 911 2358 nequivisse
936 2293 1169 2357 suggerit.

235 2362 510 2431 Ὀλυμπιοὶς
551 2359 710 2431 ρπγ’.]
759 2364 870 2411 Hoc
906 2371 983 2411 est
1018 2363 1137 2411 Iulii
1175 2363 1397 2412 Caesaris
1439 2381 1599 2412 annus
1639 2365 1835 2431 primus
1880 2373 1932 2414 et

97 2437 259 2487 iniens
287 2453 315 2483 a
343 2434 518 2482 mundi
547 2435 757 2482 conditu
780 2432 933 2487 5454.
966 2433 1278 2498 Olympiadis
1301 2438 1419 2488 183.
1445 2451 1576 2482 anno
1606 2437 1787 2500 primo,
1815 2444 1931 2502 post

96 2507 310 2575 primam
350 2523 481 2553 anno
516 2505 671 2559 4726.
707 2503 992 2552 institutam
1030 2503 1370 2567 consignatur.
1445 2505 1801 2571 olympiadum
1839 2507 1931 2555 ‹le-

98 2577 402 2641 signationes
426 2592 489 2623 ex
503 2574 739 2623 Africano
770 2574 1039 2636 Georgium
1063 2590 1318 2624 lwecensele
1339 2583 1548 2624 monent
1572 2593 1695 2641 quae
1720 2595 1784 2628 ex
1797 2577 1931 2626 Arii-

99 2649 212 2697 cani
237 2645 441 2735 scriptis
469 2645 674 2693 subiicit
700 2661 810 2710 pag.
837 2647 960 2697 307.
991 2651 1040 2692 et
1064 2661 1197 2709 seqq.

106 2768 109 2770 ,
237 2713 358 2768 'And
377 2734 501 2767 κατα
522 2710 756 2782 Ῥωμην]
792 2714 1146 2778 Burberinum,
1185 2722 1236 2764 et
1259 2716 1423 2766 Perez.
1459 2715 1792 2766 correctiora:
1831 2712 1931 2768 ἄπο

99 2789 303 2847 κτίσεως
321 2781 520 2853 Ῥώμηςὶ
536 2821 800 2836 ......
837 2785 1039 2833 Lacuna
1059 2804 1143 2848 το,
1179 2781 1251 2850 ψ’.
1273 2786 1534 2836 desiderat.
1567 2788 1726 2835 Roma
1748 2787 1928 2836 etenim

100 2877 232 2910 anno
255 2858 410 2912 4754.
439 2857 644 2905 condita
674 2855 771 2905 suit
796 2872 858 2903 ex
878 2871 992 2921 pag.
1018 2855 1134 2910 195.

220 2923 399 2988 ·Γαϊος
432 2923 633 2987 Ἰούλιος
667 2930 863 2993 Καῖσαρ
895 2925 978 2991 ἔτη
1013 2921 1064 2976 ε’.
1086 2921 1417 2993 μοναρχήσας.
1484 2926 1749 2976 Octaviani
1774 2927 1929 2991 igitur

103 2999 327 3065 auspicia
352 3015 482 3046 anno
507 2998 661 3052 5459.
701 3004 1082 3044 consecrantur·
1121 2997 1288 3045 eadem
1311 3006 1424 3063 post
1450 3007 1621 3047 notam
1650 2999 1874 3047 alteram.

243 3069 357 3131 Pag.
394 3070 514 3121 305.
555 3067 928 3154 Χρονογραφία.
944 3066 963 3132 ]
1012 3067 1123 3114 Una
1158 3075 1326 3116 textus
1359 3068 1482 3117 serie
1517 3069 1661 3117 Barb.
1687 3076 1735 3115 et
1765 3070 1930 3118 Perez.

103 3142 302 3204 legunt,
312 3104 680 3221 ζ’χρονογραφία
700 3134 798 3188 ἄπὸ
821 3138 1025 3198 κτίσεως
1044 3133 1233 3203 κόσμου
1256 3134 1419 3207 ευνη’.
1473 3137 1752 3188 Praemittit
1783 3137 1930 3188 Barb.

104 3210 247 3268 ἔτους
270 3203 431 3277 ευνηῖ
494 3209 616 3256 Cum
646 3208 799 3273 Regio
820 3208 998 3256 titulos
1019 3207 1184 3257 divisi.
1238 3209 1432 3258 Primus
1450 3209 1695 3258 Authores
1721 3224 1747 3253 a
1778 3224 1930 3273 prae-

106 3278 394 3328 cedentibus
426 3277 650 3327 diversos
683 3297 712 3327 a
749 3279 960 3359 Georgio
994 3278 1228 3341 tractari,
1263 3295 1541 3358 novamque
1579 3277 1803 3341 imperii,
1841 3277 1933 3325 sub

106 3367 215 3428 quo·
234 3348 438 3411 degebat
462 3347 686 3409 Author‚
724 3350 938 3415 speciem
963 3314 1323 3414 repraesexitari
1350 3349 1578 3413 suggerit.
1637 3347 1779 3395 Alter
1801 3364 1934 3396 nova

108 3419 297 3485 pariter
319 3418 510 3466 ratione
542 3417 837 3467 Chronicam
864 3419 1151 3468 methodum
1175 3420 1235 3467 ab
1263 3387 1467 3468 eodem⁰
1459 3417 1675 3466 institui.
1744 3418 1934 3481 Regum

112 3489 294 3538 etenim
340 3496 389 3537 et
423 3486 713 3554 Principum
752 3490 1062 3554 singulorum
1094 3490 1370 3557 primordia
1411 3496 1460 3537 et
1497 3494 1678 3537 aetates
1717 3487 1782 3537 ad
1822 3504 1934 3537 cer-
