2222 3938
651 189 749 244 ET
783 184 1372 245 ANNOTATIONES.·
1797 177 1920 234 437

108 321 285 380 ritate,
320 333 425 382 qua
459 312 671 364 modesti
696 316 920 366 homines
942 318 1157 366 contenti
1181 333 1282 365 esse
1311 314 1509 376 debent,
1546 321 1606 362 ut
1627 312 1924 362 absurditas

108 387 398 437 declinetur.
467 387 601 435 Haec
630 386 742 436 ille:
777 389 998 438 modeste
1023 388 1245 454 quidem,
1283 394 1334 434 at
1356 402 1462 434 non
1486 403 1514 432 a
1538 385 1785 433 severiore
1809 401 1926 432 sen-

106 457 263 508 tentia
295 457 493 523 penitus
519 457 802 521 declinam,
839 459 927 524 qui
963 458 1271 507 commodam
1301 455 1756 521 interpretationem
1787 455 1925 502 Scri-

105 536 284 594 pturae
306 528 615 590 testimonio,
654 537 702 576 et
728 529 1065 594 antiquiorum
1092 527 1391 576 authoritate
1423 527 1618 582 nixam,
1654 533 1703 573 et
1725 533 1925 590 tempo-

105 614 220 647 rum
242 598 427 646 rationi
454 598 871 663 consentientem,
914 616 1008 649 ceu
1042 597 1510 647 demonstrationem
1547 614 1574 644 a
1601 595 1927 660 Chronologis

107 668 371 735 approbari
407 668 749 718 dissimulavit.

248 739 364 803 Pag.
404 743 519 792 120.
564 742 641 807 Τῷ
675 736 767 804 κη’.
801 743 896 790 τοῦ
930 735 1157 806 Ἄμρᾶμ.]
1205 737 1517 786 Recolendus
1542 744 1706 785 mente
1741 736 1929 801 duplex

107 816 401 874 computus,
438 810 499 856 de
537 826 635 872 quo
665 827 814 874 supra
837 810 900 858 ad
927 818 1070 857 notas
1091 808 1258 874 pagin.
1284 811 1366 860 86.
1396 808 1514 860 115.
1547 815 1596 854 et
1628 812 1740 859 116.
1779 808 1930 855 Prae—

107 895 218 926 sens
251 879 489 926 maiorem
523 879 778 943 sequitur,
828 888 877 928 et
917 880 1130 927 natalem
1166 876 1441 941 Arphaxad
1478 877 1539 924 ad
1573 877 1744 923 mundi
1771 877 1926 931 2243.

107 948 413 997 devinctum.
483 948 681 997 Amram
705 950 862 1015 patris
888 950 1133 1014 Musisque
1159 947 1254 996 filii
1288 948 1488 1011 longam
1520 946 1778 995 historiam
1815 963 1928 1012 per-

107 1019 235 1068 texit
255 1018 546 1067 Eustathius
575 1020 634 1066 ab
658 1020 840 1068 Allatio
869 1020 1045 1068 editus.

247 1091 361 1154 Pag.
399 1093 514 1141 121.
546 1085 930 1156 Ἐπιλελόγισται
955 1090 1048 1140 ἔτει
1073 1086 1319 1156 δευτέρῳ]
1370 1085 1522 1135 Mosis
1557 1086 1773 1134 natalem
1803 1086 1932 1134 diem

107 1160 294 1209 locavit
325 1158 519 1207 Author
551 1177 664 1224 pag.
709 1165 794 1214 68.
824 1161 877 1209 C.
912 1161 1002 1206 sub
1036 1159 1216 1208 Asseth
1238 1173 1424 1220 regno:
1467 1155 1725 1204 submovet
1754 1156 1838 1203 hic
1867 1156 1931 1204 ad

108 1230 333 1278 Amosios
354 1229 529 1277 Asseth
554 1230 851 1278 successoris
877 1247 1062 1277 annum
1095 1228 1366 1277 secundum
1388 1234 1438 1274 et
1469 1243 1555 1273 sex
1574 1226 1728 1273 ‘annis
1761 1235 1933 1291 poste-

109 1301 292 1349 riorem
329 1300 526 1360 reddit,
573 1301 656 1346 vel
682 1307 896 1362 quatuor
936 1300 1094 1363 ipsius
1123 1297 1324 1358 Assem,
1370 1304 1430 1344 ut
1453 1296 1644 1343 indicat
1672 1313 1780 1360 pag.
1815 1299 1930 1350 123,

110 1378 280 1418 textus
307 1369 632 1433 depravatus,
667 1369 867 1416 mutilat
897 1385 1079 1428 annos,
1118 1368 1234 1414 alibi
1259 1383 1433 1414 rursus
1463 1366 1522 1412 ad
1552 1367 1769 1431 primum
1811 1367 1933 1413 eius-

111 1440 224 1489 dem
254 1439 484 1487 Amosios
508 1446 728 1486 revocat.
814 1438 952 1497 Quid
977 1437 1112 1484 aliud
1147 1437 1355 1497 inferas,
1394 1452 1540 1499 quam
1575 1437 1735 1483 virum
1773 1437 1935 1483 crudi-

110 1518 219 1558 tum
242 1510 473 1574 proprios
509 1510 729 1556 calculos
761 1508 825 1556 ad
859 1508 1075 1555 invicem
1107 1523 1212 1554 non
1236 1522 1572 1570 comparasse,
1613 1515 1660 1553 et
1690 1507 1936 1554 edendum

113 1597 238 1647 opus
267 1587 382 1627 ante
403 1586 610 1641 mortem
639 1596 744 1626 non
774 1579 924 1643 plene
948 1576 1290 1625 recensuisse?

255 1647 400 1700 Κατοὶ
414 1646 610 1714 Ἴναχον
633 1645 1052 1714 πρῶτον’Ἀργους
1081 1643 1318 1712 βασιλέω]
1358 1644 1576 1708 Scaliger
1600 1644 1653 1691 in
1672 1643 1796 1692 haec
1822 1645 1934 1692 Not.

102 1737 223 1787 pag·
247 1719 366 1778 254,
388 1719 561 1767 relata.
637 1717 794 1782 Quod
812 1726 1017 1777 vetere-9,
1052 1716 1243 1780 inquit,
1279 1715 1374 1763 sub
1396 1715 1585 1768 Inacho
1609 1724 1790 1762 natum
1816 1716 1935 1761 Mo·-

113 1809 218 1838 sem
243 1789 419 1838 dicunt
442 1797 707 1854 propterea
730 1788 1012 1836 Eusebium
1043 1804 1258 1848 errasse,
1300 1787 1392 1850 qui
1418 1785 1563 1850 longe
1599 1786 1936 1849 antiquiorem

103 1863 314 1926 faciat.-
358 1863 492 1907 ratio
519 1858 895 1925 fiigidissima.
978 1859 1117 1906 Nam
1146 1859 1303 1922 prius
1338 1873 1495 1920 neque
1530 1855 1808 1919 probatum
1847 1864 1935 1916 est,

102 1948 272 1996 neque
311 1929 609 1982 conceditur.
699 1929 881 1978 Verum
924 1928 1127 1991 quidem
1177 1926 1440 1974 Tatianum
1477 1926 1714 1973 Oratione
1761 1932 1937 1973 contra

117 2002 332 2050 Graecos
373 2008 613 2062 exeunte,
659 2007 709 2047 et
755 1999 888 2064 apud
926 2014 1036 2045 eum
1076 1997 1348 2062 Apionem,
1397 1996 1696 2044 Clementem
1740 1993 1936 2059 quoque
1966 1997 2017 2040 P.
2047 1996 2103 2042 41

114 2072 512 2121 Alexandrinum
543 2072 845 2118 Stromatum
876 2067 960 2117 lib.
992 2073 1037 2120 1.
1074 2068 1137 2115 ad
1161 2066 1332 2115 Inachi
1352 2075 1576 2130 tempora
1597 2065 1747 2114 Mosis
1772 2073 1939 2112 ortum

116 2159 220 2191 non
247 2158 509 2190 revocare:
548 2140 652 2187 eius
676 2148 843 2186 tamen
877 2155 990 2185 cum
1014 2138 1203 2203 populo
1228 2154 1292 2184 ex
1316 2137 1540 2200 Aegypto
1577 2135 1938 2200 prosectionem

116 2211 291 2261 Inachi
315 2219 472 2258 aetate
502 2218 782 2274 susceptam
816 2208 1013 2255 disertis
1050 2207 1214 2255 verbis
1245 2206 1548 2270 exprimunt.
1617 2203 1798 2252 Levius
1834 2206 1938 2251 ita-

119 2298 217 2347 que
249 2281 405 2328 lectos
443 2280 675 2326 authores
712 2280 765 2325 in
804 2277 997 2325 cunctis
1022 2277 1114 2324 sibi
1148 2275 1410 2337 suffragari
1435 2274 1674 2337 Georgius
1706 2274 1937 2322 audacius

118 2351 358 2414 asseruit,
406 2366 532 2414 quos
569 2349 739 2396 affines
775 2347 1020 2394 duntaxat
1061 2347 1161 2394 suis
1199 2345 1445 2409 computis
1475 2345 1720 2391 affirmare
1760 2351 1937 2406 potest.

117 2422 330 2470 Insultat
357 2437 460 2467 eam
487 2421 548 2466 ob
570 2435 674 2466 rem
698 2419 876 2465 iterum
901 2416 1117 2479 Scaliger
1137 2431 1246 2480 pag.
1269 2417 1352 2467 18.
1377 2415 1612 2462 scribens.
1685 2414 1940 2461 Solemnia

119 2490 309 2539 delirat
354 2491 633 2554 Georgius:
685 2491 790 2551 ipse
825 2489 1003 2551 potius
1041 2483 1467 2549 reprehendendus
1497 2486 1589 2548 qui
1628 2500 1738 2529 cum
1769 2485 1939 2530 Euse-

121 2562 262 2610 bium
287 2560 537 2624 obiurget,
574 2557 713 2623 quod
733 2557 798 2604 ab
829 2558 1059 2620 antiquis
1082 2554 1377 2616 dissentiat,
1413 2556 1518 2618 ipse
1551 2562 1718 2600 tamen
1749 2557 1935 2601 exitum

113 2631 359 2692 Israelis,
396 2647 497 2678 non
521 2629 614 2675 sub
639 2627 824 2676 Inacho
841 2661 854 2685 ,
889 2625 979 2673 sed
1001 2626 1094 2672 sub
1122 2625 1231 2688 Api
1247 2626 1412 2688 ponit.
1495 2624 1622 2670 Tam
1641 2626 1804 2687 igitur
1830 2626 1935 2688 ipse

104 2719 276 2768 'quam
297 2700 547 2749 Eusebius
571 2697 888 2758 dissentiunt,
926 2715 959 2743 a
981 2695 1239 2755 veteribuS,
1274 2693 1363 2742 sed
1379 2692 1581 2741 diversa
1604 2696 1710 2742 via.
1755 2693 1934 2742 Verius

122 2773 316 2822 diceret
349 2771 437 2818 ille
475 2768 669 2816 modico
708 2782 950 2815 annorum
983 2766 1143 2830 spatio
1171 2764 1466 2828 Georgium,
1501 2763 1693 2827 ingenti
1724 2780 1933 2812 numero

125 2840 386 2892 dissentire
409 2838 690 2887 Eusebium.
767 2838 939 2901 Quare
963 2837 1022 2884 ob
1045 2836 1140 2884 hoc
1174 2852 1331 2882 unum
1368 2830 1637 2902 (Scaligeri
1665 2834 1815 2883 verba
1847 2851 1935 2883 rc·-

124 2911 255 2976 fero)
290 2912 463 2958 merito
497 2911 743 2973 Georgius
764 2909 1036 2970 irascitur,
1074 2903 1264 2971 quoda
1290 2905 1541 2954 veteribus
1566 2922 1600 2951 a
1628 2905 1813 2968 quibus
1845 2923 1934 2951 ve·-

127 2983 531 3030 tustissimarum
571 2980 793 3044 cognitio
828 2995 993 3025 rerum
1030 2977 1309 3041 accipitur,
1350 2976 1513 3038 facile
1555 2973 1789 3023 dissentit
1824 2977 1934 3023 Eu·-

125 3052 310 3102 sebius.

263 3120 454 3189 Ἑαυτῷ
478 3114 818 3183 ἄντιπίπτων.]
859 3118 958 3178 Qui
984 3116 1197 3166 Canonis
1217 3113 1469 3181 prooemio
1496 3113 1660 3164 Iovem
1684 3114 1817 3163 Mose
1840 3130 1934 3176 po-

128 3190 412 3250 steriorem,
444 3189 705 3253 ipsumque
726 3189 912 3237 Mosem
935 3189 1055 3237 viris
1089 3186 1312 3247 cunctis,
1349 3201 1559 3249 quorum
1600 3201 1778 3232 nomen
1804 3183 1936 3229 inter

127 3261 369 3312 Ethnicos
408 3258 600 3306 celebre
643 3259 963 3307 vetustiorem
1002 3259 1451 3306 demonstraturum
1488 3254 1771 3320 pollicitus,
1810 3267 1934 3297 con-

130 3331 293 3380 festim
315 3329 572 3376 immemor
595 3328 829 3392 promissi
852 3328 1090 3375 Inachum
1118 3328 1342 3391 Ogygum
1365 3334 1415 3374 et
1436 3325 1538 3372 eius
1560 3323 1799 3370 diluvium
1825 3321 1936 3368 Mo-

129 3401 196 3450 ois
225 3398 436 3462 tempori
469 3398 714 3461 praefert,
747 3399 910 3446 Iovem
949 3397 1131 3445 Inacho
1160 3404 1473 3444 coaetaneum
1510 3392 1730 3453 inducit3
1770 3399 1819 3439 et
1852 3391 1934 3438 lo-

131 3487 244 3520 vem
271 3469 468 3518 demum
496 3467 643 3532 longo
670 3475 785 3533 post
812 3468 997 3516 Mosem
1022 3467 1287 3517 intervallo
1321 3466 1499 3513 vixisse
1523 3463 1692 3510 refert.
