2222 3938
658 205 759 261 ET
792 203 1379 262 ANNOTATIONES.
1808 199 1933 260 499

243 336 361 399 Pag-
401 338 522 390 238
563 338 734 402 Θαλῆς
761 332 1014 417 θνήσκει]
1050 335 1122 385 De
1148 353 1246 401 quo
1274 335 1505 390 Chronic.
1519 335 1803 387 Alexandr.
1835 334 1935 390 Θά-

102 410 196 472 λης
228 405 259 458 ὁ
286 402 521 472 Ἑξαμίου
562 406 672 473 (sic
708 408 839 456 enim
875 406 1171 472 legendum)
1208 403 1466 475 Μιλήσιος
1493 427 1688 476 πρωτος
1718 408 1937 474 φυσικὸς

105 471 387 541 φιλόσοφος
411 475 670 528 ἀπέθανεν
699 474 889 544 ζήσας’
874 478 955 543 ε’τη
982 472 1074 529 'voc'-
1149 478 1231 527 Sic
1255 479 1316 526 ad
1340 496 1524 527 annum
1545 483 1595 534 4.
1623 481 1823 545 Olymp.
1849 482 1933 534 55.

102 547 348 597 Eusebius
375 548 438 596 ad
464 548 549 602 35.
597 549 776 596 Thales
795 550 1028 598 Milesius
1047 551 1259 597 Examii
1271 551 1431 614 filius
1457 553 1656 615 primus
1677 552 1935 615 Physica-s

102 617 450 682 Philosophus
474 622 792 683 agnoscitur,
831 638 972 685 quem
997 622 1186 667 vixisse
1210 622 1358 668 aiunt
1373 638 1534 685 usque
1555 620 1630 668 ad
1651 624 1736 676 58.
1763 623 1937 686 Olym-

97 686 322 753 piadem.
361 686 490 756 υπὲρ
518 686 579 739 τοὶ
606 687 662 756 ρ’.
695 690 776 754 ε’τη
803 691 1006 755 scripsit
1032 690 1230 740 Author
1254 708 1364 756 pag.
1398 694 1517 746 213.
1539 692 1590 739 C.

248 757 453 843 Θέογνις
473 778 688 826 ποιητης
712 760 1029 828 ἔγνωρίζετο]
1069 761 1226 809 Addit
1248 762 1464 825 Scaliger
1488 778 1597 827 pag.
1625 762 1709 816 42.
1746 765 1935 812 Πυθα-

102 824 262 898 γόρου
303 825 629 890 διδάσκαλοςε
667 830 722 877 in
758 848 883 895 quae
916 832 1145 880 observat
1173 833 1286 880 Not.
1309 849 1419 897 pag.
1446 835 1566 886 257.
1605 831 1724 879 Duo
1750 834 1937 880 ultima

104 918 208 948 non
237 903 477 948 convertit
499 903 859 964 flieronjmus.
934 902 1064 962 Quia
1097 919 1200 950 non
1225 901 1401 949 habuit
1424 902 1690 951 Eusebius.
1725 920 1819 952 nec
1841 903 1937 952 ha-

103 971 271 1020 buisse
295 971 481 1019 iudicio
509 979 584 1019 est
610 973 746 1036 quod
771 973 1012 1036 Georgius
1034 985 1138 1020 non
1162 973 1438 1037 exscripsit.

251 1037 538 1108 Φερεκύδης
564 1043 848 1109 ἕγνωρίζετο
886 1039 1197 1110 Πυθαγόρου
1221 1038 1566 1109 διδάσκαλος]
1604 1042 1935 1109 Pherecydem

104 1111 419 1177 Pythagorae
443 1114 732 1177 magistrum
768 1114 988 1178 agnoscit
1012 1113 1209 1162 Author
1234 1131 1346 1162 cum
1374 1114 1605 1162 Eusebio:
1643 1115 1941 1179 suffragatur

104 1183 300 1231 Suidas.
371 1185 443 1232 De
476 1184 730 1233 Pisistrato
757 1185 956 1233 Eusebii
982 1192 1030 1232 et
1057 1184 1258 1248 Georgii
1280 1184 1480 1250 scriptis
1503 1193 1774 1233 memorato
1798 1186 1940 1233 nulla

102 1253 157 1301 in
179 1253 427 1318 Scaligero
456 1255 671 1304 mentio:
708 1255 843 1320 quod
867 1256 1043 1304 ultima
1070 1256 1168 1303 duo
1197 1255 1457 1321 pericopes
1478 1253 1629 1303 huius
1656 1256 1809 1304 verba
1833 1257 1939 1305 aliis

106 1323 314 1393 Θέογνις
346 1322 560 1391 ποιητής
585 1325 870 1392 ἔγνωρίζετο
895 1343 1049 1391 prave
1083 1325 1397 1375 adiunxerit:
1434 1326 1570 1375 unde
1600 1326 1687 1374 ille
1709 1335 1940 1376 causatus

101 1394 492 1461 Hieronymum:
529 1396 656 1444 llaec
697 1395 801 1445 duo
837 1398 1025 1445 ultima
1070 1397 1300 1464 scripsit,
1338 1413 1440 1445 non
1481 1399 1724 1445 convertit
1750 1399 1941 1446 Hiero-

101 1483 138 1514 n
171 1484 305 1517 muS.

135 1483 169 1531 y
232 1534 511 1604 ’Ἀγλωττον
546 1534 602 1588 δὲ
634 1536 721 1588 καὶ
744 1534 1008 1604 Λέαιναν.]
1045 1538 1123 1587 Ex
1148 1537 1366 1587 Leaenae
1401 1537 1659 1603 exemplo,
1696 1544 1746 1585 et
1767 1537 1939 1586 Berosi
1967 1534 2022 1582 V·
2045 1534 2101 1578 59

105 1624 305 1672 quoque
327 1615 486 1656 statua
509 1608 727 1672 linguam
749 1609 1028 1656 inauratam
1053 1616 1252 1673 gerente
1280 1616 1467 1657 statuas
1491 1625 1576 1656 ore
1598 1605 1766 1656 hiante
1792 1609 1943 1674 posi-

103 1685 182 1727 tas
222 1678 417 1743 colligit
447 1679 664 1743 Scaliger
694 1678 921 1728 Animad.
953 1696 1065 1745 pag.
1095 1682 1215 1733 257.
1260 1696 1359 1744 quo
1397 1685 1584 1728 statuas
1630 1677 1942 1743 antiquitatis

102 1749 341 1813 reliquias
381 1766 432 1797 se
468 1751 750 1798 nullatenus
789 1749 1194 1798 animadvertisse
1230 1747 1494 1813 significat.
1581 1748 1694 1796 Non
1735 1749 1943 1798 inducat

104 1820 264 1908 igitur
299 1819 448 1881 ἔθος,
483 1820 621 1886 quod
647 1822 864 1870 Leaenae
893 1819 1145 1887 privatum
1177 1816 1373 1887 πάθος,
1412 1828 1463 1870 et
1492 1818 1741 1885 singulare
1769 1820 1944 1871 Berosi

118 1883 254 1951 τθος.

101 1911 138 1958 η
232 1957 358 2025 ”Em
387 1954 471 2020 λζ’.
498 1963 592 2011 τοῦ
616 1957 670 2011 δὲ
696 1955 927 2030 κόσμου
928 1955 1082 2012 δωπό
1087 1959 1119 2025 .]
1157 1959 1374 2025 Argaeus
1400 1958 1622 2025 Philippi
1653 1977 1971 2043 praecessor-

108 2048 241 2080 anno
263 2031 442 2080 mundi
467 2031 623 2085 4852.
647 2048 852 2095 regnum
879 2031 1064 2098 accipit
1089 2049 1152 2079 ex
1175 2031 1341 2096 pagin.
1366 2033 1486 2084 213.
1512 2031 1570 2078 A.
1608 2031 1772 2079 tenuit
1798 2033 1940 2081 annis

109 2106 195 2156 32.
225 2102 315 2150 ad
328 2119 514 2150 annum
543 2102 780 2152 videlicet
816 2103 970 2156 4884.
1003 2119 1103 2167 quo
1138 2101 1399 2166 Philippus
1427 2100 1678 2149 succedit.
1714 2101 1799 2149 hic
1825 2109 1882 2150 ut
1915 2120 1943 2151 a

109 2172 267 2226 4884.
295 2172 358 2219 ad
380 2173 537 2226 4921.
567 2173 837 2255 procedat,
880 2189 1034 2220 annos
1063 2176 1147 2225 37.
1175 2187 1438 2220 numerare
1466 2170 1624 2220 debet.

249 2237 483 2307 Ἀερόπας
513 2241 595 2306 ἔτη
617 2237 710 2308 κγ’.
695 2241 740 2306 .]
779 2243 994 2306 Scaliger
1021 2258 1253 2308 perverse
1281 2236 1371 2308 py'.
1405 2239 1617 2288 Eusebio
1642 2240 1819 2288 Latino
1853 2245 1941 2295 26.

108 2320 430 2374 numerante,
468 2311 690 2376 Philippi
718 2315 801 2367 38.
840 2312 1038 2360 Alcetae
1060 2317 1144 2366 29.
1191 2312 1326 2359 Haec
1358 2317 1432 2358 est
1455 2310 1560 2358 eius
1594 2310 1649 2358 in
1675 2311 1944 2360 Eusebium

108 2400 300 2432 summa
330 2382 478 2445 fides,
518 2383 608 2446 qui
641 2399 735 2430 nec
769 2382 874 2431 eius
903 2383 1127 2431 ordinem
1161 2382 1217 2429 in
1238 2381 1466 2447 scriptis,
1500 2397 1594 2428 nec
1616 2381 1674 2429 in
1699 2382 1946 2448 tempori-

109 2454 204 2502 bus
225 2469 488 2502 numerum
513 2460 694 2501 servat.

261 2523 328 2573 Οἱ
350 2525 595 2574 Χαλδαῖοι
623 2516 874 2602 &Satires-J
921 2522 1077 2582 Quasi
1117 2521 1203 2586 qui
1234 2522 1413 2607 planus
1450 2528 1524 2569 est
1557 2521 1796 2571 Authoris
1828 2539 1946 2571 sen-

111 2611 224 2658 sus,
261 2594 392 2642 foret
416 2595 759 2658 imperfectus,
798 2592 1022 2655 stigmate
1049 2593 1259 2641 dictioni
1284 2587 1550 2654 ανέζευξαν
1577 2594 1807 2660 apposito
1829 2595 1945 2642 Sca·

110 2665 237 2730 liger
262 2663 518 2711 subiunxit
547 2659 824 2730 ἐπολιόρκει
853 2661 907 2713 δὲ
930 2659 1107 2746 αὐτην
1128 2698 1348 2713 .....

253 2735 366 2798 Pag·
401 2738 519 2788 239.
556 2732 819 2799 Ἕκλειψιν
858 2732 1007 2798 ηλίου
1045 2729 1311 2799 σύμπασαν
1344 2730 1634 2800 προεῖπεν.]
1675 2733 1875 2799 Scythis
1913 2752 1943 2781 a

111 2805 374 2855 Med01um
401 2822 514 2868 rege
540 2806 763 2870 Cyaxare
801 2804 1145 2852 deficientibus
1175 2804 1238 2852 ad
1277 2803 1556 2869 Alyattem,
1592 2803 1731 2852 haud
1766 2806 1943 2852 feren-

114 2876 268 2924 dam
253 2875 489 2924 iniuriam
515 2876 761 2941 Cyaxares
787 2883 954 2938 ratus,
989 2876 1175 2924 bellum
1208 2875 1261 2922 in
1289 2875 1536 2939 Alyattem
1563 2875 1752 2937 movit,
1789 2891 1942 2939 eoque

112 2946 214 2994 iam
241 2963 328 2994 sex
355 2963 511 2994 annos
540 2953 827 3012 protractu,
865 2963 976 2993 cum
1011 2946 1114 2994 acie
1150 2945 1312 2993 denuo
1337 2947 1637 3007 instaurata,
1677 2945 1810 2993 Medi
1840 2947 1942 3009 Ly-

116 3017 265 3080 dique
290 3033 464 3065 manus
492 3034 746 3066 conserere
771 3024 1032 3081 pararent,
1068 3017 1303 3081 ingruens
1328 3015 1490 3063 subito
1515 3016 1633 3063 solis
1662 3015 1941 3079 deliquium

116 3086 365 3135 exercitus
399 3087 635 3152 utrinque
672 3087 943 3149 deterruit,
980 3095 1028 3136 et
1059 3088 1121 3135 ad
1151 3103 1321 3152 pacem
1355 3086 1627 3135 ineundam
1666 3085 1940 3149 compulit:

119 3173 175 3205 ea
213 3157 497 3205 conditione
528 3158 723 3207 firmata
755 3166 856 3214 est,
895 3166 955 3206 ut
989 3158 1201 3223 Alyattis
1225 3157 1328 3205 filia
1353 3155 1532 3206 Ariena
1561 3155 1797 3219 Cyaxaris
1835 3153 1940 3202 filio

116 3227 323 3292 Astyagi
359 3228 626 3277 locaretur.
695 3230 773 3277 Ex
809 3229 988 3277 Ariena
1021 3228 1236 3294 suscepit
1270 3227 1506 3292 Astyages
1545 3226 1697 3274 filiam
1733 3225 1939 3272 Manda-

118 3315 232 3346 nem
250 3335 264 3360 ,
302 3315 364 3346 ex
391 3298 627 3363 Cambyse
651 3300 796 3348 Persa
826 3299 942 3363 Cyri
964 3308 1167 3347 matrem
1183 3336 1197 3362 ‚
1237 3299 1377 3347 cuius
1402 3298 1659 3346 historiam
1683 3296 1790 3342 fuse
1813 3312 1942 3358 pro·-

120 3369 343 3432 sequitur
374 3368 656 3418 Herodotus
693 3378 802 3418 toto
842 3371 929 3421 lib.
959 3374 1005 3423 1.
1043 3369 1375 3418 Defectionem
1402 3369 1540 3415 illam
1566 3366 1773 3413 solarem
1794 3371 1942 3414 vocat

119 3437 317 3487 Author
343 3433 610 3502 σύμπασαν
634 3458 689 3487 ex
715 3443 924 3505 integro,
961 3448 1007 3487 et
1029 3441 1311 3489 Herodotus
1326 3437 1611 3503 repentinae
1634 3434 1796 3483 noctis
1822 3451 1942 3482 cau-

121 3525 243 3558 sam.
314 3509 504 3558 Plinius
547 3511 748 3560 Solinus
780 3511 1022 3560 Eusebius
1056 3519 1105 3559 et
1139 3511 1353 3573 Scaliger
1387 3505 1613 3571 Astyagis
1646 3521 1798 3569 regno
1834 3520 1939 3554 eam
