2222 3938
348 175 476 248 492
955 193 1534 251 EMENDATIONES

352 327 574 375 Clemens
603 325 771 376 voluit
799 340 902 372 esse
925 331 1229 374 numeratoS.
1287 323 1472 373 Verum
1495 323 1640 374 fictos
1668 333 1718 374 et
1755 326 1981 392 aPpictos
2016 327 2175 379 Busa-’-

349 397 448 460 bio,
475 415 611 446 meus
641 396 881 458 Georgius
902 412 1005 442 non
1027 395 1191 459 arguit
1217 411 1424 446 errores,
1464 396 1533 443 Ut
1557 396 1688 444 enim
1714 397 1775 445 de
1801 406 1947 463 capto
1975 399 2177 447 Sedecia

346 467 620 531 Eusebius,
657 468 730 514 ita
763 467 986 513 Clemens
1022 482 1299 514 sermonem
1324 466 1473 514 habet
1507 482 1563 514 eo
1600 468 1732 532 loci,
1765 485 1877 533 pag.
1905 469 2027 517 mihi
2053 473 2180 552 3'29

350 534 451 589 ἄπο
490 543 582 604 τῆς
618 535 785 602 Δαβὶδ
820 537 1097 603 βασιλείας,
1145 536 1238 597 ἕως
1269 540 1362 602 τῆς
1403 538 1734 601 αἰχμαλωσίας
1776 538 1858 605 ἔτη
1890 538 2181 626 τετρακόσιοι

349 606 660 691 πεντήκοντα
688 604 808 668 δύο,
847 612 1006 674 μῆνες
1031 607 1095 668 ἕξ.
1148 627 1215 666 ως
1244 605 1298 657 δὲ
1321 628 1353 672 η
1383 604 1510 658 καθ’
1531 607 1665 673 ’ἡμᾶς
1690 628 1791 659 των
1815 607 2009 675 χρόνων
2034 605 2179 676 ακρί-

350 683 462 746 βεια
493 694 696 745 συναγει
731 677 813 743 ἔτη
854 674 1142 761 τετρακόσια
1179 673 1485 745 ὀγδοήκοντα
1519 674 1643 742 δύο,
1682 683 1846 745 μῆνας
1875 681 1956 743 ἐξ,
1990 678 2181 746 ’ἡμέρας

349 749 485 800 δέκα.
535 748 588 799 ἐν
625 748 679 800 δὲ
709 752 781 816 τῷ
820 743 1083 818 δωδεκατῳ
1120 748 1215 799 ἔτει
1248 752 1340 814 τῆς
1366 750 1604 800 Σεδεκίαν
1638 751 1917 815 βασιλείαςε
1953 758 2004 798 et
2029 752 2178 802 infra.

346 819 431 870 καὶ
456 820 642 886 γίνεται.
675 820 985 885 αἰχμαλωσία
1019 819 1100 870 ἐπὶ
1129 819 1210 885 ε’τη
1248 815 1606 886 ἑβδομήκοντα.
1678 820 1735 868 Α
1765 839 1917 886 regno
1955 820 2182 870 Davidis

348 908 511 955 usque
551 888 626 937 ad
660 892 1038 955 οαΡιίιὶὑαίεηι,
1077 894 1386 955 quaefacta
1416 900 1487 937 est
1525 909 1560 938 α
1601 891 1876 940 Chaldaeis
1909 894 2035 939 anni
2060 893 2182 946 452.

340 964 534 1008 *men-ses
559 979 671 1008 sex:
710 970 768 1008 ut
790 971 962 1008 autem
996 962 1196 1026 colligit
1227 965 1521 1009 accuratior
1553 971 1830 1027 temporum
1864 965 2182 1027 supputatio,

346 1031 712 1097 quadringenti
740 1034 867 1079 anni
900 1034 1161 1096 octoginta
1194 1031 1326 1095 duo,
1365 1050 1553 1079 menses
1586 1051 1696 1089 sex,
1736 1031 1843 1079 die-s·
1868 1034 2048 1081 decem.
2118 1033 2183 1081 In

345 1102 642 1151 duodecimo
688 1112 859 1151 autem
909 1120 1042 1150 anno
1097 1107 1242 1167 regni
1281 1102 1510 1151 Sedeciae
1560 1106 1892 1167 septuaginta
1928 1121 2182 1151 annorum

344 1176 619 1237 captivitas
641 1175 872 1238 contigit.
941 1173 1023 1222 Nil
1056 1174 1365 1222 manifestius
1400 1191 1547 1238 quam
1574 1175 1872 1222 Clementem
1907 1174 2096 1240 pariter
2123 1191 2182 1222 ac

345 1244 614 1292 Eusebium
642 1245 703 1292 de
737 1243 939 1292 Sedecia
963 1244 1235 1309 scripsisse.
1303 1245 1373 1291 Ut
1401 1262 1553 1308 porro
1581 1244 1758 1308 templi
1786 1245 2182 1293 *devastationem

343 1322 458 1381 post
487 1333 641 1363 annos
669 1315 728 1362 ab
754 1315 859 1362 eius
885 1315 1093 1362 conditu
1115 1315 1236 1368 442.
1273 1331 1334 1362 ex
1373 1314 1638 1361 Clementis
1669 1314 1805 1362 dicto
1843 1316 1943 1363 suis
1980 1314 2185 1363 calculis

345 1385 573 1434 affiniore
609 1386 803 1448 colligit
833 1385 1100 1434 Eusebius:
1146 1386 1217 1434 ita
1251 1385 1673 1449 quadragesimam
1718 1385 1976 1450 septimam
2009 1386 2185 1449 Olym-

344 1457 545 1523 piadem
579 1456 884 1522 captivitatis
914 1464 1141 1521 tempore
1174 1465 1474 1518 asserturus,
1528 1455 1793 1504 Clementis
1841 1456 2186 1504 testimonium

264 1539 266 1542 '
345 1528 431 1594 48.
468 1527 743 1575 attestantis
775 1527 832 1574 in
863 1527 1083 1574 medium
1108 1528 1334 1592 proferre
1365 1544 1468 1574 non
1497 1534 1570 1574 est
1601 1527 1823 1588 veritus,
1862 1528 1998 1592 quod
2034 1543 2184 1591 quam
2217 1543 2220 1550 ¹

345 1598 442 1647 sibi
474 1599 640 1645 vicina
673 1600 803 1646 foret
840 1606 1075 1661 utraque,
1115 1607 1163 1645 et
1202 1597 1485 1663 captivitati
1521 1597 1750 1644 Sedeciae
1783 1614 1871 1662 per
1910 1603 1994 1651 70.
2028 1615 2185 1646 annos

347 1669 671 1717 stabiliendae
702 1668 1165 1731 confirmandaeque
1193 1669 1323 1717 foret
1355 1668 1492 1733 apud
1524 1667 1783 1715 authorem
1813 1676 2082 1732 utrumque
2103 1685 2185 1716 ac-

182 1740 233 1781 P.
265 1741 322 1784 62
353 1741 626 1788 commoda.
698 1740 920 1787 Varietas
957 1740 1136 1787 deinde
1171 1740 1402 1787 codicum
1441 1747 1676 1803 quantam
1700 1739 1827 1786 solet
1848 1738 1902 1786 in
1937 1755 2186 1787 annorum

349 1817 398 1857 et
433 1810 792 1875 Olympiadum
831 1827 1063 1857 numeros
1099 1811 1286 1858 inferre
1325 1810 1692 1872 diversitatem,
1731 1810 1855 1857 adeo
1888 1817 1947 1856 ut
1985 1808 2186 1858 Author

346 1880 480 1928 idem
510 1899 536 1927 a
569 1881 727 1945 seipso
753 1897 1114 1944 nonnunquam
1153 1880 1414 1943 dissideat,
1453 1887 1500 1926 et
1533 1879 1879 1927 dissentientes
1916 1881 2186 1944 scriptores

347 1951 692 1999 Librariorum
727 1952 1010 2015 corruptela
1047 1950 1197 1998 faciat
1223 1951 1278 1997 in
1313 1950 1631 1997 concordiam
1672 1949 1886 1999 venire?
1949 1951 2086 2010 Quae
2123 1950 2184 1998 de

352 2023 604 2070 Clemente
622 2029 894 2070 tractamus
921 2020 1072 2069 habet
1098 2021 1250 2068 editio
1280 2038 1388 2069 mea
1417 2037 1527 2085 pag.
1554 2023 1675 2073 331.

490 2087 818 2158 Συνάγεσθαι
847 2087 908 2140 τοὶ
947 2086 987 2141 o'
1027 2090 1152 2156 ἔτη]
1202 2092 1524 2139 Perturbatus
1561 2091 1870 2154 sequentium
1905 2088 2185 2139 dictionum

347 2179 519 2211 sensus
544 2180 605 2210 ex
633 2162 808 2212 Latino
837 2161 1040 2209 Eusebii
1062 2170 1208 2210 textu
1233 2162 1493 2210 restitutus
1520 2169 1611 2209 est.

473 2232 598 2298 ”qu
624 2229 678 2284 λ’.
710 2228 1070 2298 λογισάμενος]
1108 2232 1152 2280 Α
1177 2237 1225 2286 9.
1254 2233 1316 2279 ad
1338 2235 1423 2285 38.
1446 2232 1652 2295 triginta
1675 2239 2031 2294 numerantur,
2075 2249 2183 2281 ma·-

327 2303 483 2353 ¹xime
512 2304 553 2350 si
578 2321 741 2352 nonus
772 2304 857 2351 ille
883 2303 970 2350 fiat
995 2306 1078 2356 30.
1107 2303 1438 2367 principium,
1476 2310 1525 2352 et
1551 2303 1650 2350 eius
1677 2305 1843 2350 unitas
1867 2304 2042 2368 prima.

486 2369 598 2424 Ἐπὶ
618 2372 674 2426 τό
698 2395 758 2424 κ.
787 2373 893 2433 ἔτος
920 2370 1131 2442 Κύρου]
1166 2374 1209 2423 A
1234 2373 1430 2422 Persica
1464 2373 1726 2438 nimirum,
1768 2390 1874 2421 non
1905 2391 1932 2421 a
1962 2374 2185 2439 Babylo·-

347 2445 460 2493 nica
485 2446 752 2510 tyrannide
779 2453 989 2509 airepta.

492 2513 635 2566 Κατα
658 2513 712 2566 τὸ
745 2512 818 2583 ιγ’.
844 2510 1034 2565 Ἰωσίου
1068 2512 1306 2579 βασιλέως
1333 2509 1620 2578 Ἰουδαίωικ]
1670 2512 1827 2562 Addit
1863 2531 1926 2562 ex
1960 2514 2184 2580 propriis

351 2586 597 2648 Scaliger:
635 2586 722 2639 καὶ
750 2581 832 2644 λς’.
865 2580 1178 2652 Ἀστυαγους.

491 2658 607 2721 Pag
650 2660 770 2711 228.
806 2652 916 2706 Ἐπὶ
941 2676 1030 2716 τας
1052 2650 1398 2721 Ὀλυμπιαδας
1429 2653 1745 2719 κατέφυγεν]
1783 2653 1933 2712 Quod
1958 2662 2067 2703 tum
2101 2653 2187 2702 hic

351 2727 649 2791 Olympiade
672 2729 756 2780 47.
784 2736 892 2774 tum
922 2732 1017 2781 65.
1040 2728 1200 2776 lector
1226 2727 1480 2791 experitur
1505 2725 1638 2790 apud
1664 2724 1953 2773 Eusebium.
2018 2724 2188 2783 Quae-

349 2797 561 2846 stionem
578 2835 590 2859 ,
626 2797 821 2862 Ecquid
847 2799 1032 2846 certior
1054 2798 1118 2846 sit
1146 2796 1507 2859 Chronologica
1524 2832 1537 2858 ,
1581 2812 1706 2858 quae
1734 2811 1824 2858 per
1847 2794 2184 2858 Olympiades,

351 2885 502 2933 quam
529 2885 653 2932 quae
678 2886 770 2932 per
801 2885 972 2931 regum
1004 2886 1159 2915 annos
1187 2868 1471 2928 deducitur,
1506 2865 1755 2912 subtiliter
1776 2873 1959 2925 movet,
1999 2871 2048 2912 et
2073 2882 2186 2913 eru-

350 2939 456 2989 dite
495 2939 644 2987 solvit
673 2939 905 2987 Nicolaus
939 2939 1181 2987 Abramus
1214 2938 1276 2986 de
1304 2936 1556 3003 principio
1595 2942 1644 2982 et
1666 2933 1766 2982 fine
1790 2938 1876 2987 70.
1912 2934 2185 2983 hebdoma-

350 3009 474 3059 dum
500 3008 733 3058 Danielis.

489 3073 885 3142 Ἐπιλαθόμενος
908 3074 1070 3144 ὥσπερ
1102 3075 1322 3141 ἑαυτοῦ]
1362 3076 1478 3124 Eius
1503 3083 1668 3122 tamen
1691 3075 1893 3123 nomine
1916 3074 2186 3125 Chaldaeo.

353 3166 468 3199 rum
495 3165 630 3212 reges
659 3148 761 3195 suis
783 3149 1217 3212 diagrammatibus
1250 3146 1495 3212 disposuit
1519 3146 1751 3210 Scaliger.
1822 3146 1933 3195 Hoc
1970 3154 2045 3194 est
2078 3147 2185 3195 Eu-

355 3219 546 3269 sebium
572 3219 771 3282 fingere.

497 3289 567 3340 Εἰ
591 3290 675 3340 καὶ
701 3288 753 3340 ἐν
778 3285 945 3348 ἄλλοις
966 3308 1013 3339 τι
1037 3283 1349 3354 διήμαρτον.]
1389 3287 1622 3351 Proprios
1656 3303 1879 3349 errores,
1913 3287 1974 3335 de
2005 3286 2184 3351 quibus

354 3360 643 3424 hucusque,
682 3359 922 3422 Georgius
947 3358 1324 3419 animadvertit,
1364 3366 1414 3404 at
1438 3374 1540 3404 non
1572 3357 1846 3420 castigavit.

499 3432 612 3494 Pag
650 3435 768 3485 229
791 3427 990 3480 ’Έτεσιν
1024 3423 1111 3493 ρῑί.
1138 3423 1533 3494 mmmmm-cau]
1583 3428 1794 3490 Vulgata
1827 3426 2095 3476 Ezechielis
2129 3425 2180 3480 4.

360 3501 522 3567 capite
545 3505 666 3556 390.
701 3500 923 3550 exhibet:
961 3499 1046 3547 ubi
1076 3498 1203 3547 diem
1233 3517 1327 3564 pro
1358 3516 1486 3546 anno
1511 3498 1785 3564 Prophetae
1814 3497 2021 3547 concedi
2055 3497 2184 3543 Deus
