2222 3938
280 169 408 231 502
872 177 1456 234 EMENDATIONES

283 310 348 360 ad
367 309 503 359 Darii
527 309 829 372 secundum,
865 324 998 365 unus
1028 316 1077 356 et
1109 308 1382 372 nonaginta
1418 306 1665 358 habentur
1692 309 1833 359 anni:
1871 309 1932 358 ab
1973 311 2113 359 exci-

282 381 367 431 dio
391 389 526 430 retro
553 398 725 430 versus
751 380 937 429 Ioacim
963 379 1048 426 alii
1069 379 1273 443 viginti:
1312 386 1426 427 octo
1456 379 1691 427 nimirum
1722 380 1904 428 Ioacim
1932 381 2113 430 Iecho-

282 453 396 501 niae
416 452 624 500 secundi
647 468 801 515 unus,
839 458 889 500 et
913 449 1146 511 Sedeciae
1170 450 1418 501 undecim.
1469 450 1703 499 Omnium
1729 468 1920 500 summa
1945 453 2114 501 decem

282 540 341 571 ao
365 531 579 572 centum.

424 611 538 674 Pag,
579 608 701 662 247.
735 600 1020 672 'Afw'vwg’
1005 603 1085 670 ἐτη
1110 599 1203 671 μβ’.
1205 603 1224 669 ]
1264 604 1507 669 Scaliger,
1539 622 1632 654 nec
1657 608 1889 671 Syncello
1916 608 1998 662 42
2020 624 2115 658 nec

282 680 491 731 Eusebio
518 680 601 733 50.
628 676 863 726 scribenti
891 676 1182 725 assentitur:
1221 683 1270 723 et
1296 670 1401 742 μθ·’.
1428 676 1509 730 49.
1541 679 1756 742 reponit.

428 757 590 824 Οὗτος
626 762 779 813 ἔδωκε
813 760 1034 830 Πέρσαις
1069 756 1207 826 ’ὕδωρ
1232 759 1316 811 καὶ
1343 760 1478 827 γῆν]
1517 760 1588 808 Ac
1617 778 1790 810 eorum
1815 779 1865 811 se
1888 761 2118 811 submisit

283 834 514 900 imperio.
584 833 667 881 Illi
690 833 867 881 etenim
899 832 1112 894 exteris,
1149 832 1205 880 ni
1224 839 1405 880 terram
1430 838 1480 879 et
1503 849 1676 896 aquam
1700 842 1960 898 pararent,
1997 833 2118 881 bel-'-

127 911 185 955 V.
207 910 262 955 60
288 906 398 954 lum
434 904 732 954 inferebant.
812 903 984 952 Iudith
1029 920 1134 968 cap
1171 908 1222 956 2.
1259 919 1309 951 v.
1342 901 1486 949 iuxta
1541 904 1610 950 G1
1613 920 1774 950 accam
1813 905 2031 951 litteram
2070 903 2119 957 5.

282 975 773 1033 Nabuchodonosor,
807 974 926 1022 alias
947 976 1139 1023 Xerxes
1167 974 1311 1021 Persa
1334 973 1579 1039 praecipit
1603 973 1926 1039 Holopherni.
1962 970 2120 1041 ἄπαγ-

283 1051 440 1116 γελεῖς
473 1041 644 1106 αυτοῖς
675 1041 947 1112 ἑτοιμάζειν
986 1064 1070 1111 μοι
1094 1046 1189 1111 γῆν
1213 1043 1297 1093 καὶ
1335 1040 1507 1111 ύδωρι
1553 1045 1876 1091 renunciahis
1916 1045 2026 1092 illis
2059 1053 2119 1091 ut

286 1118 415 1166 mila·
444 1126 754 1202 praeparent
793 1125 981 1164 terram
1013 1124 1059 1162 et
1090 1132 1312 1179 aquam:
1348 1114 1481 1162 idem
1517 1115 1650 1162 misit
1677 1116 2033 1163 Caduceatores
2063 1115 2120 1163 in

288 1189 549 1237 Graeciam
568 1182 862 1253 αἰτήσοντας
883 1183 1079 1255 γῆνκαὶ
1103 1181 1270 1253 ὕδωρε
1296 1187 1388 1250 qzci
1402 1194 1625 1251 petezent
1649 1194 1721 1233 ter
1721 1203 1834 1234 ram
1853 1195 1897 1233 et
1909 1203 2119 1252 aquam.
2124 1240 2126 1243 ¹

284 1259 586 1309 Herodotus.

432 1323 847 1395 Φιβαλισχοῖδας.]
901 1327 1062 1387 Quam
1099 1325 1385 1392 importune
1423 1342 1613 1374 merces
1649 1327 1966 1392 proclamitet
1998 1329 2121 1374 Sca—

283 1400 447 1465 liger,
475 1407 525 1447 et
558 1399 735 1465 putide
768 1415 819 1446 se
850 1398 1027 1460 iactet,
1064 1396 1173 1463 ipsa
1213 1396 1316 1444 eius
1353 1396 1508 1444 verba
1537 1397 1806 1447 declarant.
1877 1399 2120 1463 Reliqua,

285 1471 449 1535 inquit
472 1471 586 1519 Not.
609 1469 786 1535 pagina
807 1470 926 1523 258.
947 1468 1104 1515 liuius
1117 1469 1379 1533 pericopes
1405 1469 1576 1514 omisit
1595 1470 1934 1533 Hieronymus
1948 1507 1961 1531 ,
1997 1471 2122 1533 qaia

287 1542 531 1589 obscura:
569 1548 618 1589 et
645 1539 881 1588 inferius:
924 1540 1088 1604 Quia,
1126 1541 1357 1603 inquam,
1395 1538 1639 1591 obscuras
1664 1541 1807 1587 locus
1833 1542 1974 1589 visus
1995 1542 2124 1587 Hie-

287 1630 523 1677 ronymo,
550 1620 821 1676 propterea
855 1610 920 1658 ab
955 1628 1007 1657 eo
1043 1611 1279 1658 omissas,
1350 1608 1486 1656 Haec
1519 1609 1754 1674 Scaligeri
1784 1611 1839 1658 in
1866 1610 2123 1675 Hierony-

285 1700 423 1731 mum
448 1682 756 1745 reverentia,
792 1689 852 1729 ut
882 1681 1248 1747 paroemiarum
1285 1696 1439 1743 nugas
1464 1687 1513 1727 et
1538 1681 1993 1730 vaenalitiariarum
2020 1683 2124 1729 for-

285 1754 448 1801 mulas
476 1753 729 1816 ignorasse
756 1752 1042 1816 frequenter
1069 1751 1124 1798 in
1158 1749 1258 1820 suis
1285 1751 1795 1800 animadversionibus
1819 1753 2122 1818 expostulet.

293 1825 480 1872 Omisit
502 1825 864 1886 HieronymuS.
913 1822 980 1869 At
1010 1821 1053 1869 si
1070 1839 1176 1869 non
1199 1829 1393 1869 constat
1419 1822 1685 1870 Eusebium
1713 1823 1995 1889 scripsisse,
2033 1838 2125 1870 cur

288 1893 456 1941 omisit
492 1892 865 1956 Hieronymus?
903 1892 1112 1957 Scripsit
1145 1892 1386 1955 Georgius
1427 1893 1715 1957 Syncellus:
1753 1911 1817 1941 an
1852 1894 1964 1941 ideo
1991 1893 2125 1941 scri-

285 1964 390 2030 psit
415 1962 694 2011 Eusebius‘?
733 1964 897 2023 Quam
921 1962 1117 2011 diversa
1142 1962 1479 2027 Hieronymus
1503 1963 1672 2011 omisit
1697 1964 1846 2026 clara,
1880 1963 2121 2028 patentia,

287 2035 422 2082 scitu
446 2034 621 2098 digna,
660 2050 786 2098 quae
810 2032 1003 2099 placuit
1036 2033 1291 2094 omisisse,
1325 2049 1389 2080 ne
1417 2033 1592 2081 caricis
1617 2035 1761 2097 nugit
1785 2042 1833 2082 et
1862 2035 2124 2083 Gramma-

286 2104 562 2152 ticulorum
599 2104 805 2168 argutiis
845 2102 1297 2168 deprehenderetur
1322 2103 1544 2166 acutius,
1586 2121 1731 2168 quam
1762 2104 1934 2153 utilius
1960 2112 2126 2152 atten-

289 2174 443 2223 dere'?
489 2174 650 2234 Quam
689 2190 810 2222 vero
840 2174 1174 2223 reconditiore
1202 2173 1433 2222 Parnassi
1461 2191 1616 2238 specu
1650 2175 1904 2224 Musarum
1938 2182 2126 2240 mystes

285 2254 485 2311 promet
510 2244 792 2294 doctrinam
816 2243 880 2292 ad
906 2261 1051 2308 quam
1078 2244 1371 2310 Hieronymi
1396 2244 1612 2308 caligent
1638 2247 1809 2294 oculi'?
1845 2245 2010 2309 Ficus,
2035 2245 2123 2308 ait,

286 2316 418 2363 vidit
439 2317 661 2378 Xerxes,
697 2310 927 2381 φιβαλεις
949 2331 1029 2363 eas
1051 2322 1261 2378 vocant,
1297 2315 1484 2365 iuravit
1508 2332 1612 2363 non
1635 2325 1962 2381 gustaturum,
2001 2282 2141 2380 quiri*

290 2394 472 2434 terram
500 2404 579 2434 eas
614 2387 951 2469 proferentem
983 2385 1234 2434 subditam
1268 2385 1416 2434 armis
1453 2386 1697 2440 reddeifflet
1779 2388 1910 2436 Hinc
1935 2387 2124 2436 bellum

289 2453 364 2506 ὀι’
390 2452 594 2521 ἰσχαδας
626 2472 828 2507 συσταν.
899 2458 1045 2504 Haec
1080 2456 1298 2503 obscura
1323 2458 1658 2521 Ilieronymo,
1689 2468 1955 2524 propterea
1979 2458 2043 2505 ab
2067 2475 2123 2505 eo

290 2529 498 2577 omissa.
543 2526 765 2575 Clariora
793 2528 963 2576 forsan
998 2543 1123 2593 quae
1150 2527 1368 2591 Scaliger
1391 2527 1691 2592 interpolat,
1725 2531 1808 2577 vel
1830 2529 2000 2595 potius
2023 2528 2123 2576 dis-

292 2597 418 2645 suit:
456 2596 483 2650 ὅ
514 2593 748 2663 Μηδικὸς
781 2593 991 2664 πόλεμος
1025 2595 1109 2648 διοῖ
1147 2593 1384 2663 Φιβάλεις
1420 2595 1649 2664 ἰσχαδας,·
1710 2600 1860 2662 Quod
1897 2599 2123 2663 sequitur

293 2676 458 2715 autem
485 2668 695 2733 Φίβαλις
715 2666 769 2720 δὲ
796 2669 956 2736 δῆμος
976 2671 1066 2733 τῆς
1086 2663 1333 2734 Ἀττικῆς,
1366 2685 1460 2717 nec
1485 2671 1746 2735 exposuit,
1782 2687 1875 2719 nec
1914 2668 2081 2734 quid
2065 2686 2121 2717 m

293 2755 351 2784 eo
391 2739 739 2803 profundioris
776 2756 946 2787 sensus
982 2739 1135 2802 latet,
1173 2739 1431 2804 exposuit:
1470 2750 1519 2788 et
1553 2749 1611 2789 ut
1642 2742 1794 2791 verba
1825 2739 2120 2794 reddamus.

124 2810 177 2853 P.
210 2811 268 2855 66
298 2808 429 2855 Haec
461 2807 668 2857 obscura
683 2809 955 2873 Scaligero:
995 2816 1262 2874 propterea
1287 2810 1346 2858 ab
1375 2827 1431 2858 eo
1459 2811 1651 2860 omissa.
1703 2813 1854 2860 Plana
1881 2810 2048 2859 reddit
2071 2817 2122 2859 et

295 2879 427 2927 clara
437 2878 647 2944 Dicaeop
654 2880 745 2927 olis
756 2881 887 2946 apud
899 2879 1281 2946 Aristophanem
1293 2897 1429 2929 suem
1442 2881 1547 2930 sive
1555 2882 1771 2947 puellam
1781 2882 2091 2947 interrogans
2105 2899 2119 2930 τ

561 2966 642 3013 Δι.
677 2968 837 3030 χοῖρε,
874 2968 1019 3031 χοῖρε.
1059 2968 1155 3016 Κο.
1191 2984 1300 3028 κοι,
1336 2965 1432 3016 κοΐ.

367 3026 582 3098 Τρῶγεις
622 3031 878 3097 Φιβάλεως
916 3031 1149 3120 ἰσχάδαςς
1186 3039 1280 3086 Ko.
1309 3036 1427 3097 κοῖὶ,
1463 3035 1560 3085 κοΐ.

368 3104 427 3154 Τί
462 3102 572 3165 δαὶ,
610 3106 740 3153 σῦκα
772 3123 981 3171 τρωγοις
1017 3100 1172 3164 αὐτὸς
1200 3102 1295 3168 α’ν,·
1333 3109 1426 3154 Κο.
1462 3106 1577 3168 κοῒ,
1614 3107 1710 3158 κοΐ.

562 3186 638 3237 Di.
676 3187 855 3248 Porce,
893 3204 1061 3252 poree.
1099 3189 1191 3237 Pu.
1232 3187 1344 3250 coi,
1384 3186 1486 3239 coi.

359 3256 439 3309 Di.
475 3256 762 3306 Comedisne
796 3257 990 3306 Phibali
1026 3267 1164 3306 natas
1200 3257 1361 3305 ficus?
1398 3259 1486 3306 Pu.
1524 3257 1643 3322 Coi,
1682 3261 1786 3310 Coi.

359 3328 438 3376 Di.
471 3328 611 3376 Itane
645 3328 769 3376 ficus
806 3328 1060 3376 comedis?
1097 3330 1187 3377 Pu.
1229 3329 1341 3390 Coi,
1381 3327 1486 3376 Coi.

291 3410 631 3460 scholiastes
615 3430 669 3461 m
706 3411 844 3461 haec.
921 3413 1132 3478 Φίβαλις
1166 3406 1322 3472 τόπος
1354 3413 1672 3498 Μεγασίδος,
1710 3411 1853 3466 ἄλλοι
1886 3410 2116 3480 Ἀττικῆς.

295 3477 657 3550 ἀμφιβάλλεται
694 3478 809 3553 γάρ.
855 3480 999 3551 γένος
1027 3480 1081 3536 δὲ
1106 3486 1264 3550 συκῆς
1294 3479 1574 3552 ἐπιτήδειον
1602 3486 1673 3547 εἰς
1698 3486 1941 3554 ξηρασίαν
1971 3481 2117 3552 ἰσχάν-
