2112 3854
718 213 945 270 GOARI
983 213 1359 270 EPISTOLA.
1459 244 1461 246 -
1848 203 1926 264 51

102 361 211 394 rum
230 341 487 410 penetrato
515 343 648 392 aedis
676 343 808 391 Tuae
830 345 1200 408 augustissimae
1228 343 1416 426 limine,
1449 344 1604 392 larem
1632 344 1690 392 in'
1709 342 1770 394 ea'
1789 344 1926 398 fami-

98 415 272 465 liarius
298 415 501 479 quaerit.
573 416 642 463 Te
671 415 867 462 iubente
898 416 1000 463 luci
1030 417 1284 475 redditus,
1319 416 1415 465 nisi
1442 415 1531 462 sub
1555 417 1622 463 Te
1645 417 1806 464 lucem
1833 435 1925 466 ne-

99 486 211 551 quit
231 485 499 550 adspicere,
537 493 601 546 et,
623 485 722 532 nisi
746 485 878 533 inter
899 487 1046 549 Tuos,
1083 487 1395 552 superstitem
1420 485 1587 534 vivere
1615 486 1924 550 dedignatur.

101 556 342 604 Comitem
374 556 524 604 habet
554 556 848 621 praecipu01
855 573 936 603 um
975 558 1197 619 Ducum,
1239 560 1579 623 Satraparum,
1614 524 1925 627 Pontificum,

96 627 454 692 Imperatorum
495 644 764 689 coronam,
820 644 942 690 quae
983 627 1392 675 Christianissimi
1430 627 1574 691 Regis
1613 623 1718 675 lilia
1758 630 1927 677 aedem

98 698 255 745 Tuam
297 697 745 763 circumstipantia,
783 698 931 760 Regia
973 706 1166 763 sceptra
1198 699 1483 762 dignitatem
1521 705 1568 745 et
1602 699 1755 747 fasces
1797 701 1926 747 Tuos

97 767 370 816 munientia
396 776 673 818 veneretur.
747 769 867 815 Mox
905 786 1022 816 vero
1042 805 1054 829 ,
1092 769 1176 816 ubi
1203 770 1270 819 Te
1299 787 1324 815 a
1360 769 1522 831 Regiis
1553 769 1680 816 curis
1716 770 1927 817 liberum

100 845 148 885 et
169 855 197 885 a
223 838 470 886 Palatinae
499 838 850 904 popularisque
879 839 1054 886 turbae
1090 840 1522 904 circumstrepente
1544 841 1766 887 tumultu
1792 840 1926 906 (nam

97 909 246 972 Regi,
285 910 478 974 Regno,
530 909 758 970 Senatui,
808 911 999 973 Populo
1032 916 1165 956 totus
1203 909 1376 957 vixisti
1416 909 1652 975 semper),
1690 910 1924 958 nonnihil

99 980 324 1043 quietum
375 981 672 1045 compererit
721 981 978 1043 Syncellus
996 1018 1009 1041 ,
1063 988 1109 1027 et
1158 980 1211 1026 in
1266 981 1519 1027 secretiori
1570 981 1924 1045 sacratiorique

97 1055 326 1098 Astraeae
355 1051 629 1115 Regiaeque
667 1051 931 1098 maiestatis
972 1070 996 1098 a
1026 1058 1073 1097 te
1103 1050 1351 1097 custodito
1390 1048 1595 1118 σεκρέτῳ
1632 1059 1679 1098 et
1707 1053 1922 1099 sacrario

96 1118 595 1169 honorificentissime
632 1122 935 1183 collocatus,
974 1123 1080 1169 Tuo
1123 1121 1359 1168 convictu
1396 1120 1571 1184 dignus
1611 1139 1638 1167 a
1677 1123 1743 1168 Te
1772 1122 1925 1170 suerit

95 1189 357 1254 iudicatus,
401 1193 523 1256 quid
550 1192 592 1239 is
632 1193 730 1251 Te,
764 1201 989 1239 mortuus
1028 1192 1173 1253 licet,
1211 1209 1313 1238 non
1341 1191 1657 1239 observabit?
1700 1192 1831 1252 Quid
1863 1193 1924 1239 de

96 1261 192 1323 Te,
243 1270 408 1310 mutus
441 1263 591 1325 licet,
643 1279 745 1309 non
781 1264 1034 1326 loquetur,
1085 1279 1187 1308 non
1229 1262 1576 1326 praedicabit?
1632 1263 1925 1311 Observabit

99 1332 232 1395 quod
256 1333 402 1396 Regi,
437 1334 673 1380 Palatinis
701 1334 986 1395 ordinibus,
1031 1332 1256 1392 Senatui,
1296 1332 1487 1398 Populo
1515 1333 1782 1380 meridiana
1812 1335 1924 1380 luce

99 1402 279 1449 clarius
315 1404 610 1466 innotescit,
650 1405 783 1466 quod
821 1421 911 1450 nec
939 1404 1133 1465 ignorat
1165 1404 1369 1465 vulgus,
1410 1419 1501 1450 nec
1530 1410 1661 1450 tacet
1701 1403 1923 1468 quisquis

98 1472 159 1519 ‹le
182 1474 249 1519 Te
271 1490 372 1522 non
396 1475 640 1537 malignus
668 1474 887 1537 loquitur
903 1511 915 1535 ,
952 1475 1006 1519 in
1035 1474 1101 1520 Te
1123 1474 1414 1534 collectum,
1452 1474 1589 1520 velut
1613 1474 1665 1519 in
1691 1491 1923 1540 supremo

96 1542 278 1603 iudice,
305 1544 546 1608 quicquid
567 1545 768 1591 virtutis
793 1545 843 1590 in
868 1544 1187 1591 inferioribus
1212 1561 1439 1607 sparsum
1462 1544 1727 1607 reperitur.
1779 1547 1924 1592 Prae-

98 1613 312 1675 dicabit,
349 1615 480 1678 quod
506 1615 559 1661 in
593 1615 927 1679 Optiniatibus
955 1631 1153 1673 rarum,
1200 1630 1263 1659 ne
1296 1614 1456 1660 dicam
1483 1613 1775 1676 insolitum,
1814 1615 1924 1661 Tibi

97 1684 420 1733 domesticum
455 1702 512 1732 ac
546 1685 833 1750 proprium,
889 1683 1183 1748 multiplicis
1220 1683 1508 1731 eruditionis
1546 1684 1791 1747 studium,
1845 1685 1925 1733 cui

98 1755 314 1818 accedit,
365 1755 499 1820 quod
519 1757 748 1803 'nobilius
790 1763 890 1817 est,
930 1772 1040 1818 erga
1079 1771 1154 1801 res
1190 1771 1383 1815 sacras,
1424 1754 1699 1802 doctrinam
1738 1773 1921 1816 sanam,

98 1833 148 1873 et
182 1841 321 1874 sacra
357 1827 542 1891 scripta
571 1827 645 1874 sic
668 1826 874 1873 affectus
906 1827 1098 1872 animus
1118 1862 1131 1887 ,
1177 1832 1234 1871 ut
1267 1825 1355 1888 qui
1391 1824 1511 1872 haec
1542 1841 1602 1872 ex
1631 1827 1846 1890 professo
1875 1835 1925 1874 et

96 1897 227 1944 vitae
267 1893 498 1945 instituto
537 1905 766 1959 versant,
817 1897 868 1943 in
910 1897 1006 1957 Te,
1058 1895 1195 1959 quod
1232 1896 1497 1956 mirentur,
1545 1913 1607 1943 ex
1642 1898 1732 1959 Te,
1789 1897 1926 1961 quod

98 1967 380 2030 addiscant,
416 1968 691 2020 inveniant.
767 1967 925 2015 Testis
960 1966 1081 2013 mihi
1109 1966 1268 2013 aderit
1293 1983 1375 2014 rus
1418 1984 1674 2014 amoenum
1711 1968 1837 2014 illud
1877 1975 1926 2015 et

97 2038 432 2086 suburbanum
459 2040 696 2086 Rosnium
722 2039 787 2086 ad
816 2041 1115 2102 Sequanam,
1157 2054 1383 2084 curarum
1413 2045 1462 2084 et
1486 2038 1647 2084 oneris
1672 2038 1767 2085 Tui
1780 2039 1924 2102 *leva-

97 2125 209 2156 men
229 2146 244 2168 ,
283 2126 382 2174 quo
419 2110 499 2158 vir
527 2111 626 2158 Deo
656 2110 880 2171 deditus,
922 2117 1007 2155 aut
1037 2107 1259 2154 eruditus
1289 2107 1451 2171 quivis
1476 2109 1742 2170 admissus,
1781 2124 1924 2174 prae-

97 2186 175 2228 ter
200 2180 350 2227 animi
371 2180 682 2242 firmitatem,
721 2198 816 2244 qua
843 2179 1044 2227 mutatis
1067 2178 1239 2240 rebus,
1281 2178 1408 2225 nihil
1435 2179 1496 2226 ad
1530 2179 1596 2225 Te
1635 2179 1804 2240 Curia,
1843 2180 1927 2228 vel

97 2250 251 2298 Aulae
271 2250 446 2313 Regiae
467 2251 744 2298 sublimitas
767 2251 1012 2315 pertinere
1032 2250 1137 2305 visa
1164 2257 1250 2310 est,
1290 2250 1410 2312 quin
1435 2249 1581 2295 etiam
1602 2250 1778 2313 pietate
1801 2251 1922 2315 Tua,

99 2328 147 2367 et
169 2320 229 2367 ad
251 2321 416 2367 studia
441 2338 577 2369 sacra
598 2322 927 2386 propensione
948 2327 1151 2379 tentata,
1177 2319 1333 2366 dissei
1337 2319 1546 2366 tationes
1573 2320 1798 2367 doctrina
1820 2335 1925 2367 non

97 2390 340 2456 imparem
376 2391 608 2438 facundia
639 2391 1018 2456 praestantiores
1044 2390 1303 2437 instituere
1327 2390 1394 2436 Te
1433 2406 1602 2454 posse,
1631 2398 1678 2437 et
1714 2390 1924 2437 institu-

97 2461 164 2508 tis
204 2462 437 2525 congredi
481 2464 818 2527 stupefactus,
870 2479 991 2510 num
1033 2461 1309 2508 studiorum
1354 2468 1743 2525 temperamento
1783 2478 1924 2508 com·-

99 2532 232 2579 missi
259 2533 579 2596 gubernaculi
607 2535 898 2595 gravitatem
924 2533 1137 2591 levares,
1174 2529 1270 2578 vel'
1291 2547 1551 2595 operosum
1580 2547 1637 2595 ac
1663 2529 1925 2594 rebu's'ge-

98 2602 266 2650 rendis
306 2603 631 2650 exercitatum
665 2620 809 2650 usum
844 2603 1013 2650 divina
1045 2618 1299 2666 superares
1327 2601 1636 2664 cognitione,
1678 2601 1924 2649 affirmare

99 2673 322 2735 nescius,
361 2674 605 2721 abscessit.
679 2673 990 2720 Postmodum
1013 2673 1270 2737 Syncellus
1296 2671 1454 2735 Regiis
1479 2672 1754 2741 sumptibus
1775 2681 1826 2723 ‚et
1845 2680 1925 2736 ty..

101 2743 178 2810 pis
205 2760 230 2791 e
255 2744 461 2808 pulvere
488 2752 535 2791 et
563 2744 782 2792 tenebris
812 2745 1046 2806 eductus,
1086 2743 1147 2790 ob
1184 2750 1348 2789 tutum
1378 2751 1427 2790 et
1445 2741 1660 2790 ‘honoris
1687 2743 1925 2808 plenissi-

102 2831 238 2862 mum
264 2815 427 2862 locum
466 2815 720 2878 augustior
762 2815 985 2876 futurus,
1021 2814 1074 2860 in
1099 2813 1450 2861 Bibliothecam
1481 2815 1633 2861 Tuam
1670 2831 1772 2861 sese
1799 2813 1924 2860 lenis

101 2885 400 2947 insinuabit,
437 2894 494 2932 ut
525 2886 657 2933 orbis
698 2886 858 2933 lucem
896 2884 1150 2949 adspiciat.
1221 2883 1377 2931 Isthic
1411 2884 1542 2932 inter
1570 2885 1669 2931 fato
1706 2885 1923 2945 functos,

102 2955 298 3020 scriptis
328 2964 550 3003 aeternos
577 2964 823 3018 auctores,
864 2973 989 3019 quos
1019 2972 1120 3002 non
1140 2954 1232 3000 nisi
1258 2954 1493 3018 probatos
1522 2955 1789 3018 collegisti,
1827 2971 1924 3018 po·-

106 3026 255 3087 situs,
292 3027 564 3090 tranquilla
592 3028 898 3091 perennitate
931 3026 1202 3090 promissa,
1241 3024 1359 3085 sibi,
1399 3033 1447 3072 et
1482 3025 1700 3089 reliquae
1729 3025 1925 3072 littera—

105 3103 266 3143 torum
293 3105 511 3144 catervae
529 3136 542 3159 ,
582 3114 685 3146 non
709 3097 828 3144 adeo
855 3097 1185 3144 Mausolaeum
1211 3095 1451 3159 mortuis,
1491 3113 1638 3160 quam
1666 3095 1794 3143 vivis
1818 3095 1923 3141 Mu-

107 3182 269 3214 saeum
306 3166 361 3213 in
408 3167 524 3216 aede
562 3168 665 3214 Tua
704 3175 1010 3214 exstructum
1047 3165 1398 3229 gratulabitur:
1445 3183 1537 3214 nec
1583 3166 1732 3229 magis
1782 3164 1924 3212 vivos

107 3235 430 3285 scientiarum
446 3245 495 3285 et
519 3238 811 3285 immoitalis
836 3236 1049 3284 nominis
1071 3236 1227 3283 teneri
1254 3235 1514 3299 cupidine,
1553 3253 1695 3300 quam
1723 3235 1789 3280 Te
1807 3250 1923 3298 per-

107 3314 281 3371 petuae
312 3309 571 3355 memoriae
599 3325 855 3371 securum,
894 3306 1272 3355 cohonestandis
1298 3306 1477 3353 litteiis
1507 3324 1562 3352 ac
1592 3304 1818 3352 litteratis
1849 3304 1926 3350 fe-

107 3376 270 3424 liciter
303 3385 475 3424 natum
507 3378 802 3427 enunciabit.
878 3377 944 3425 Ea
978 3376 1228 3424 beatitatis
1258 3376 1373 3424 sede
1409 3370 1808 3423 abblandientenr
1834 3373 1926 3421 sibi

110 3446 406 3508 Georgium,
446 3455 494 3494 et
520 3450 777 3496 voluntate
817 3465 908 3512 plo
948 3449 1082 3494 votis
1121 3448 1343 3511 expleta,
1393 3463 1480 3512 por
1503 3445 1800 3508 locupletem
1834 3444 1926 3491 Bi-

108 3516 382 3565 bliothecae
405 3516 546 3565 istius
570 3535 734 3582 gazam
764 3517 996 3566 lascivire
1021 3525 1068 3565 ct
1093 3516 1310 3564 deliciari
1334 3514 1624 3580 permittes?
1672 3514 1928 3564 Scrutabi-
