2222 3938
104 2667 107 2672 ·
152 2710 207 2758 V.
229 2706 286 2756 47

329 173 456 235 464
870 224 874 229 ,
937 183 1518 241 EMENDATIONES

461 316 521 368 Ὃ
558 320 661 368 τῶν
699 316 908 367 Λυκίων
937 310 1108 382 ἆγών.]
1157 314 1238 363 An
1276 314 1488 381 Lycium
1524 318 1604 367 vel
1631 319 1879 384 Lycaeum
1906 328 2154 370 certamen

322 387 424 436 1100
452 389 733 437 vocandum
763 387 986 450 disputat
1012 387 1228 449 Scaliger
1253 387 1511 435 Animadv.
1548 407 1656 454 pag.
1694 395 1779 443 72.
1817 399 1868 439 et
1905 395 1988 445 73.
2024 392 2154 440 Vide

328 460 597 507 Pontacum
619 459 671 505 in
700 458 830 504 notis
857 458 918 503 ad
943 456 1080 504 hunc
1106 457 1317 505 eundem
1339 459 1539 506 Eusebii
1563 468 1771 509 textum.

469 531 582 591 Pag.
621 531 736 580 178.
778 524 921 577 Kato?
948 525 1000 577 δὲ
1026 525 1204 588 ἄλλους
1238 525 1489 594 ἥττονας]
1538 531 1815 579 Secundam
1859 533 2153 580 sententiam

326 599 646 664 amplectitur
684 597 893 647 Author.
941 597 1366 664 APelopidarum
1401 600 1586 665 quippe
1623 601 1956 665 primordiis,
1971 604 2153 667 quibus

324 670 649 734 Mycenarum
691 668 978 716 institutum
1019 677 1092 716 est
1139 686 1344 732 regnum
1388 687 1517 718 anno
1557 673 1710 726 4244.
1747 673 1810 720 3(1
1842 689 2154 722 successores

325 740 716 787 Lacedaemonas
746 757 874 786 anno
910 739 1064 792 4423.
1103 741 1422 804 tyrannidem
1460 751 1771 807 assequutus,
1807 759 1939 791 unus
1977 752 2028 792 et
2062 746 2154 794 vi-

323 810 450 873 ginti
482 810 661 857 desunt
690 810 806 857 anni
828 828 855 856 a
883 810 1123 862 ducentis.

469 880 725 946 Θυμίτης.]
780 881 999 943 Scaliger
1034 881 1220 946 ubique
1259 882 1461 947 reponit
1498 883 1774 948 Θυμοίτης,
1821 890 1880 931 ut
1912 883 2153 932 Eusebius

322 950 635 1016 Thymoetes,
704 952 838 1000 Haec
867 952 1033 1000 eadem
1063 969 1127 1001 ex
1163 953 1363 1002 Castore
1393 955 1634 1002 Eusebius
1644 957 1730 1002 ad
1761 971 1948 1002 annum
1974 955 2153 1004 Abra-

320 1021 413 1071 1133
441 1026 562 1074 881.

459 1088 572 1142 Ἐπὶ
595 1088 774 1143 τούτου
800 1092 837 1158 ’ἦ
860 1097 959 1143 τῶν
979 1088 1312 1159 Ἐρεχθειδῶν
1340 1092 1604 1160 βασιλεία]
1646 1095 1715 1141 De
1737 1093 2030 1156 Erechtheo,
2063 1095 2151 1160 qui

320 1162 704 1224 Erichthonius,
742 1164 934 1227 pariter
963 1173 1309 1230 nuncupatur,
1347 1184 1375 1212 a
1415 1183 1512 1230 quo
1555 1163 1913 1225 Erechthidae,
1948 1166 2150 1232 scripsit

319 1233 516 1282 Author
547 1250 655 1298 pag.
689 1237 804 1287 157.
834 1235 892 1284 Ι).

459 1299 568 1354 Ἐπὶ
599 1299 779 1355 τούτου
815 1304 852 1370 ἦ
877 1310 980 1356 τῶν
1003 1304 1336 1372 Ἡρακλειδῶν
1371 1301 1630 1370 κάθοδος]
1669 1305 1743 1353 Ab
1765 1305 2148 1355 Heraclidarum

319 1375 601 1440 :irruptione
626 1376 689 1422 ad
723 1376 871 1423 Codri
903 1384 1100 1443 tempus
1133 1377 1296 1425 defixa
1335 1377 1396 1424 ad
1424 1378 1678 1424 traductas
1716 1377 1893 1424 Ionum
1928 1377 2147 1425 colonias

320 1447 413 1494 sub
452 1447 606 1493 Acato
639 1445 895 1494 Archonte
928 1449 1179 1511 secundo,
1219 1448 1280 1495 de
1319 1465 1420 1511 quo,
1441 1447 1534 1495 hac
1570 1447 1735 1494 eadem
1757 1464 1867 1512 pag.
1898 1447 2063 1496 littera
2088 1449 2147 1496 D.

318 1517 410 1566 vix
452 1517 772 1566 consentiunt
809 1518 924 1565 anni
962 1523 1045 1571 60.
1086 1536 1148 1566 ex
1186 1518 1500 1582 quorundam
1536 1518 1741 1565 calculis
1779 1518 2008 1581 requisiti
2038 1535 2147 1583 pag.

319 1588 440 1641 125.
459 1587 514 1635 Β.
547 1588 629 1635 vel
657 1595 788 1635 certe
813 1589 971 1652 spatio
998 1606 1241 1637 annorum
1266 1593 1384 1643 267.
1426 1589 1609 1637 ibidem
1640 1596 1752 1653 post
1771 1589 1949 1636 Ionum
1967 1588 2148 1653 migra-

315 1659 502 1705 tionem
528 1658 590 1705 ad
617 1659 964 1723 Olympiadem
994 1661 1205 1722 primam
1227 1668 1275 1707 et
1300 1677 1485 1707 annum
1502 1660 1657 1712 4726.
1685 1658 1930 1722 assignato
1954 1660 2150 1724 aliquid

313 1728 610 1776 demendum
643 1738 897 1778 occurret:
939 1731 1019 1778 vel
1045 1731 1246 1779 tandem
1270 1730 1542 1796 periochen
1571 1730 1718 1778 istam
1752 1747 1850 1778 non
1880 1730 1942 1778 ad
1977 1730 2144 1794 Codri,

310 1799 398 1846 sed
423 1799 498 1845 ad
535 1799 775 1846 Melanthi
810 1817 1015 1862 regnum
1057 1803 1354 1865 alligandam
1395 1801 1638 1864 censebis,
1677 1809 1726 1848 et
1765 1770 2147 1850 Heraclidaruni

311 1869 605 1917 descensum
635 1887 764 1916 anno
789 1838 946 1924 4399.
983 1881 1299 1937 susceptum,
1335 1890 1464 1920 anno
1493 1889 1613 1921 vero
1647 1873 1804 1925 4459.
1817 1872 2034 1920 emissas
2060 1873 2147 1920 Io·-

311 1957 432 1988 num
465 1940 685 1987 colonias
712 1958 910 1988 3333133.

449 2005 558 2060 Ἐπὶ
582 2005 789 2061 Ἀκατου
816 2006 994 2062 Ἰώνων
1026 2007 1288 2077 cinomia]
1328 2013 1446 2060 Eius
1481 2030 1611 2060 anno
1642 2015 1691 2064 8.
1718 2011 1894 2066 mundi
1920 2011 2074 2066 4459.
2116 2030 2146 2060 a

313 2098 413 2145 quo
449 2081 511 2128 ad
543 2081 885 2146 Olympiadem
913 2082 1124 2146 primam
1163 2084 1222 2130 ab
1252 2100 1381 2130 anno
1415 2084 1571 2137 4726.
1603 2082 1986 2144 numerandam,
2025 2083 2145 2130 anni

313 2157 433 2205 267.
470 2168 533 2199 ex
568 2153 881 2215 quorundam
920 2162 1083 2200 mente
1116 2161 1364 2218 putantur
1395 2171 1506 2218 pag.
1550 2155 1666 2207 125.
1705 2154 1760 2202 Β.
1801 2169 1896 2216 qua
1933 2154 2062 2216 leges
2087 2153 2144 2202 in

312 2222 540 2271 versione
578 2223 766 2270 Latina.
825 2225 1109 2270 Descensai
1146 2223 1549 2272 Heraclidarum
1584 2232 1930 2272 successerunt
1964 2225 2144 2273 Ionum

311 2293 540 2340 coloniae
576 2296 728 2340 annis
747 2293 1075 2358 postmodum
1100 2300 1185 2349 60.

451 2364 871 2426 Λακεδαιμονίων
903 2361 963 2414 α’.
999 2365 1313 2431 ἐβασίλευσεν
1350 2360 1705 2433 Εὖρυσθεύς.]
1742 2367 1861 2414 Post
1889 2364 2140 2414 excidium

309 2434 489 2482 Troiae
513 2453 642 2482 anno
669 2439 751 2488 82.
785 2436 1285 2484 Lacedaemoniorum
1312 2453 1516 2500 regnum
1542 2437 1603 2484 ab
1628 2436 1906 2485 Heraclidis
1930 2436 2140 2485 institu-

310 2512 419 2553 tum
451 2506 692 2570 Georgius
719 2507 936 2554 referens
962 2507 1157 2555 Eusebii
1185 2509 1392 2555 ductum
1420 2508 1657 2572 sequitur.

446 2578 564 2640 Pag.
605 2581 720 2630 179.
759 2575 1064 2644 Εὐρυσθεύς
1084 2577 1170 2629 καὶ
1196 2573 1466 2646 Πρόκλης]
1506 2578 1692 2643 Dignus
1715 2578 1799 2627 hic
1820 2579 1959 2627 lectu
1987 2579 2137 2639 Peta-

311 2646 424 2695 vius
459 2647 547 2697 lib.
573 2652 621 2700 9.
660 2665 766 2712 cap.
793 2651 877 2701 31.

452 2715 665 2783 Ὗστερεῖ
688 2717 814 2769 ἔτεσι
838 2712 979 2784 υμξ]
1017 2718 1093 2766 Ita
1119 2719 1318 2784 reponit
1340 2720 1556 2783 Scaliger
1583 2718 1764 2784 pagina
1787 2721 1875 2772 33.
1920 2717 1995 2765 Ita
2019 2717 2139 2782 legit

308 2787 537 2837 Petavius
569 2788 696 2836 libro
725 2807 857 2837 nono
884 2791 945 2838 de
969 2791 1110 2840 Doct.
1142 2792 1313 2856 Temp.
1346 2791 1504 2856 capite
1531 2790 1783 2853 trigesimo
1815 2788 1994 2854 primo.
2042 2790 2138 2838 Re-

309 2876 426 2922 gum
451 2865 618 2905 tamen
645 2860 1017 2908 Corinthiorum
1048 2868 1097 2909 et
1121 2862 1476 2926 Prytaneorum
1504 2861 1879 2924 Magistratuum
1912 2859 2136 2908 latercu-

307 2930 415 2977 lum
444 2929 620 2993 pagina
647 2931 939 2979 succedente
973 2949 1267 2994 occurrens,
1305 2949 1458 2979 annos
1490 2931 1709 2979 omnium
1750 2946 1852 2978 non
1888 2930 1987 2977 nisi
2013 2935 2136 2984 417.

310 3006 582 3049 enumerat.
651 2999 880 3050 Advertit
929 3002 1194 3050 discrimen
1239 3003 1496 3062 Petavius‚
1548 3009 1596 3048 et
1635 3000 1867 3049 ultimum
1916 3001 2135 3066 Cypselli

311 3069 592 3136 tyrannidis
632 3087 813 3118 annum
860 3072 978 3125 447.
1027 3090 1214 3120 summa
1262 3072 1778 3136 comprehendendum
1825 3073 2132 3137 suspicatur:

312 3158 409 3190 1130
431 3140 705 3202 immerit03
744 3142 786 3188 si
816 3143 1031 3190 maxime
1051 3160 1113 3190 ex.
1135 3142 1376 3190 Herodoti
1399 3142 1602 3190 calculis
1625 3142 1684 3189 ab
1714 3159 1770 3189 eo
1793 3143 1961 3190 relatis
1988 3137 2134 3207 Cyp'-

311 3213 435 3260 sello
463 3211 747 3276 tyrannidis
772 3229 927 3260 annos
950 3217 1036 3266 30.
1065 3222 1332 3262 accenseat.
1402 3213 1599 3260 Atenim
1623 3213 1754 3261 solos
1779 3216 1862 3268 28.
1901 3213 2131 3278 Cypsello

312 3290 604 3348 potestatem
633 3282 899 3330 exercitam
924 3284 1152 3331 emetitur
1177 3283 1373 3331 Author
1392 3300 1503 3349 pag.
1527 3287 1645 3337 213.
1669 3285 1725 3333 Β.
1755 3301 1847 3331 nec
1869 3300 1970 3332 non
1991 3283 2132 3348 prior

314 3353 551 3401 Eusebius
585 3353 647 3400 ad
682 3351 905 3401 Abrahae
936 3371 1118 3401 annum
1161 3356 1312 3407 1358.
1351 3355 1438 3403 sed
1470 3371 1632 3418 neque
1672 3353 1888 3420 Cypselli
1923 3355 2128 3416 exitum,

316 3423 403 3471 sed
424 3423 563 3487 regni
596 3424 869 3488 primordia
905 3423 1229 3472 discernenda
1249 3434 1418 3474 monet
1441 3425 1637 3473 Author
1659 3425 1737 3473 his
1763 3424 1953 3475 verbis:
1992 3423 2130 3489 μέχρι

317 3497 411 3559 τῆς
449 3493 720 3560 Κυψέλλου
760 3495 1080 3564 τυραννίδος,
1129 3491 1239 3562 ἥτις
1270 3499 1360 3562 τῆς
1403 3491 1633 3549 καθόδου
1666 3499 1768 3547 τῶν
1801 3494 2130 3565 Ἡρακλειδῶν
