2222 3938
294 187 420 245 360
900 190 1472 263 EMENDATIONES

293 323 415 390 pula
439 324 652 374 secunda
672 305 915 389 quatuor,
954 300 1190 388 scrupula
1221 323 1369 371 tertia
1408 332 1520 372 octo
1552 324 1687 374 dicit.
1724 345 1804 386 το,
1840 320 1980 392 Qy'·
2011 324 2111 373 ita-.-

297 412 415 459 que,
451 393 607 462 ἥμισυ
635 392 753 460 μετὰ
776 397 866 445 τοῦ
890 391 1110 458 ’ἡμίσεως
1134 395 1390 460 τριμορίου
1418 395 1532 442 desi‹
1522 396 1713 458 gnabit3
1754 412 1935 443 annum
1964 396 2111 445 vide-

294 466 415 514 licet
435 466 678 514 mensium
708 464 969 511 duodecim
994 463 1404 526 tricenariorum,
1444 466 1544 513 sive
1580 468 1682 514 dies
1716 469 1835 519 360.
1869 473 1976 512 tum
2009 483 2112 512 an·-

292 553 413 584 num
447 536 691 595 medium,
731 535 834 582 dies
865 533 1086 598 intellige
1129 538 1245 587 180.
1280 552 1337 582 ac
1374 536 1522 583 medii
1559 537 1771 601 denique
1805 535 1925 581 anni
1953 535 2113 583 trien-

292 613 420 668 tem,
456 606 704 654 mensibus
753 604 944 653 duobus
995 605 1273 653 tricenariis
1313 605 1695 655 absolvendum:
1746 605 1938 654 numeri
1975 622 2111 667 vero,

292 680 413 729 360.
445 680 558 729 180.
601 683 648 723 et
674 678 758 728 60.
780 676 842 723 ad
874 674 1086 723 invicem
1113 676 1273 723 iuncti
1299 669 1513 724 reddunt
1542 682 1659 731 600.
1686 683 1807 740 quot
1837 693 1985 723 nerus
2011 676 2115 724 dies

295 745 531 794 continet.
606 745 901 793 Emendavit
937 754 984 793 et
1010 763 1110 793 una
1144 746 1373 811 exposuit
1405 746 1634 795 laudatus
1661 748 1882 809 Scaliger
1917 763 1965 810 p.
1994 747 2115 799 246.

293 815 446 873 ἔτος
439 816 517 876 ἓν,
555 815 641 866 καὶ
677 820 840 882 μῆνας
868 813 1015 877 ἕπτοέ,
1053 815 1138 867 καὶ
1172 815 1360 882 ημέρας
1393 812 1480 868 κε’.
1529 819 1702 866 Annus
1731 834 1862 866 unus
1895 816 1981 864 (lat
2011 816 2115 864 dies

291 886 411 937 365.
447 902 636 933 menses
683 892 733 939 7.
779 887 880 934 dies
919 886 1189 934 includunt
1225 892 1343 941 210.
1371 886 1424 934 id
1454 894 1525 935 est
1561 905 1673 936 cum
1710 887 1957 952 prioribus
1997 886 2116 940 575.

291 955 471 1018 quibus
508 957 592 1003 alii
624 958 708 1010 25.
746 956 927 1005 adiecti
964 958 1070 1005 neri
1110 974 1372 1005 numerum
1416 960 1534 1011 600.
1578 959 1748 1006 absolx
1736 966 1859 1008 unt
1902 976 2023 1018 του,
2060 952 2118 1023 γ’.

287 1025 482 1074 ratione
521 1023 803 1092 ἑβδομάδας
836 1032 966 1113 τρεῖς
997 1028 1200 1093 reposui
1234 1045 1493 1076 numerum
1524 1029 1796 1076 rotundum
1824 1044 1917 1093 pro
1956 1043 2118 1075 accu-

288 1103 414 1144 rato.
487 1097 683 1145 Diceret
718 1098 841 1145 alius
878 1094 933 1148 τὸ
969 1101 1132 1163 μῆνας
1163 1094 1211 1158 ζ’.
1257 1098 1496 1146 excidisse
1529 1099 1784 1161 Librario,
1833 1114 1947 1145 cum
1988 1097 2119 1146 scri-

290 1166 406 1214 bele
431 1166 679 1215 debuisset
706 1167 856 1227 ἕτος“
834 1188 902 1229 εν,
943 1171 1107 1233 μῆνας
1132 1164 1184 1228 ζ.
1194 1182 1262 1220 ω
1302 1164 1361 1232 γ’.
1399 1169 1453 1216 id
1472 1176 1545 1215 est
1572 1168 1722 1227 ἕ“τος
1692 1189 1769 1232 εν,
1795 1172 1955 1234 μῆνας
1979 1163 2119 1233 ἓπτοῖ,

290 1235 377 1285 καὶ
412 1233 596 1301 ἥμισυ,
646 1237 732 1288 καὶ
761 1235 1012 1304 τριμόριον
1049 1243 1140 1288 τοῦ
1182 1233 1351 1302 μηνός.
1425 1238 1626 1286 Annum
1665 1256 1821 1286 unum
1860 1238 1962 1285 dies
1999 1239 2119 1291 365.

287 1305 616 1369 interpretor:
664 1325 855 1364 menses
888 1315 1101 1371 septem,
1149 1308 1252 1355 dies
1288 1313 1406 1361 210.
1444 1326 1556 1356 cum
1590 1309 1750 1356 medio
1784 1325 1974 1371 mense,
2014 1308 2117 1356 dies

293 1377 376 1429 15.
404 1384 453 1424 et
483 1377 663 1425 mensis
693 1386 884 1442 partem
918 1378 1140 1439 tertiam,
1180 1378 1284 1427 dies
1321 1384 1401 1431 10.
1474 1382 1672 1426 Summa
1703 1388 1776 1427 est
1798 1383 1914 1433 600.
1986 1378 2119 1427 Haec

128 1442 185 1486 V·
215 1443 269 1488 11
295 1447 487 1509 argutia
515 1464 627 1494 cum
662 1449 898 1511 Scaligeri
926 1449 1235 1528 expositione
1270 1450 1531 1498 convenit·
1579 1451 1681 1498 dies
1712 1451 1847 1504 enim
1877 1450 1961 1503 25.
2000 1456 2120 1497 sunt

287 1518 469 1565 mensis
498 1519 714 1582 medius,
752 1527 800 1566 et
825 1519 1005 1566 mensis
1028 1537 1143 1584 pars
1165 1519 1328 1569 tertia.
1606 1540 1611 1543 ·

430 1583 578 1638 Καθ’
614 1588 818 1640 ἕκαστοι
848 1593 1083 1640 ποιοῦσιν
1113 1590 1194 1655 ἔτη
1229 1584 1420 1659 αρπγ’.]
1461 1591 1622 1637 Locus
1657 1590 1780 1638 alter
1809 1590 1907 1638 MS.
1940 1590 2116 1637 obscu-

287 1673 375 1705 rus
413 1665 462 1704 et
505 1668 770 1722 corruptus
807 1659 1158 1707 Aritlimeticae
1186 1677 1361 1725 opem,
1405 1668 1454 1707 et
1484 1668 1714 1707 notarum
1755 1661 1979 1724 peritiam
2014 1660 2116 1708 huc

286 1729 504 1776 arcessit.
577 1729 736 1777 Habet
754 1730 883 1777 illud
907 1734 1138 1779 ποιοῦσιν
1162 1730 1244 1795 ἔτη
1259 1725 1427 1799 ατπγ’.
1455 1735 1616 1795 μῆνας
1643 1726 1697 1788 ς’.
1737 1725 1872 1796 Qy'.
1910 1732 2114 1795 Repono

285 1794 457 1869 aqny'.
474 1798 663 1846 dierum
681 1800 859 1847 etenim
884 1800 1130 1863 myriades
1145 1801 1227 1853 43.
1251 1808 1299 1847 et
1313 1805 1467 1853 2000.
1497 1818 1587 1865 per
1600 1801 1719 1853 365.
1737 1801 2000 1848 distributa
2029 1818 2117 1848 an·

285 1883 378 1914 nos
395 1868 670 1916 conficmnt
686 1873 835 1922 1183
858 1871 973 1935 322.
992 1871 1093 1917 dies
1119 1889 1269 1954 porro
1295 1870 1371 1916 illi
1385 1871 1502 1923 205.
1532 1888 1718 1919 menses
1743 1879 1856 1918 sunt
1873 1888 1976 1933 sex,
2003 1889 2117 1919 cum

286 1938 483 2000 medio,
522 1947 571 1986 et
594 1940 765 1988 diebus
797 1941 980 1989 decem.
1019 1943 1174 2005 μῆνες
1200 1935 1254 1998 ς’.
1281 1936 1422 2007 Qy'.
1454 1942 1657 2006 percipe
1689 1944 1842 2007 μηνες
1872 1942 1956 2003 ὲξ,
1995 1961 2116 2007 μετα

285 2005 528 2072 ημίσεως,
566 2009 651 2060 καὶ
663 2011 960 2093 τριμορίου.
999 2012 1215 2074 Scaliger
1245 2028 1356 2076 pag.
1397 2011 1660 2060 Animadv.
1691 2014 1811 2065 246.
1856 2015 2010 2077 μῆνες
2044 2013 2115 2074 ἓξ,

285 2077 374 2127 καὶ
396 2078 583 2146 ημέρας
608 2075 690 2132 κε’.
730 2081 913 2128 clari01
938 2082 1209 2145 expressit.
1247 2082 1310 2129 ad
1336 2081 1547 2131 Librarii
1578 2081 1887 2131 characteres
1919 2098 2006 2146 ego
2030 2082 2117 2131 vi-

283 2147 446 2197 cinior
473 2151 659 2198 accessi
686 2167 747 2197 ex
776 2160 1042 2214 praeeunte
1066 2159 1197 2199 nota.

433 2223 634 2284 Πληροῖ
659 2216 840 2286 χρόνον
874 2241 977 2271 των
1010 2218 1203 2289 Ιβσμβᾝ]
1242 2221 1320 2269 ΕΧ
1362 2222 1515 2275 1057.
1550 2228 1597 2269 et
1639 2224 1789 2275 1183·
1831 2222 2116 2272 conflantur

285 2289 443 2342 2240.
469 2290 661 2338 Menses
688 2308 775 2339 sex
802 2298 848 2338 et
874 2291 974 2338 dies
1004 2293 1086 2345 25.
1114 2293 1167 2339 in
1192 2309 1375 2339 annum
1403 2299 1725 2356 reputantur,
1767 2293 1908 2340 cuius
1943 2293 2114 2341 termi-

283 2376 378 2406 nus
413 2368 485 2408 est
527 2361 704 2408 mundi
741 2362 896 2419 2242.
939 2379 1034 2424 quo
1079 2362 1283 2410 ineunte
1319 2363 1510 2410 diluvio
1553 2370 1686 2410 terra
1725 2362 1981 2410 submersa
2023 2372 2111 2415 est.

283 2430 396 2476 Alia
433 2430 580 2478 lectio
607 2426 749 2500 μνῆ.
788 2432 1135 2495 probabilitate
1174 2450 1262 2481 sua
1290 2450 1393 2480 non
1419 2440 1581 2495 caret,
1621 2440 1679 2479 ut
1705 2433 1848 2479 annis
1877 2435 2035 2489 ,1058.
2063 2442 2113 2482 et

285 2503 438 2552 1183.
461 2501 609 2549 simul
632 2502 834 2564 iunctis,
873 2509 919 2549 et
943 2503 1186 2550 inclinato
1212 2503 1311 2550 iam
1337 2503 1511 2550 mundi
1533 2503 1685 2556 2242.
1708 2520 1837 2550 anno
1862 2503 2111 2552 diluvium

287 2570 509 2633 erupisse
558 2572 886 2636 concipiatur.
958 2573 1333 2621 Hebdomadum
1377 2573 1507 2620 enim
1553 2574 1743 2626 55167.
1781 2590 2018 2621 numerus
2054 2575 2110 2623 in

287 2639 390 2686 dies
411 2643 634 2694 386169.
655 2643 928 2703 1·esolutu5‚
967 2651 1074 2691 tum
1104 2644 1206 2691 dies
1228 2644 1283 2690 in
1308 2661 1463 2691 annos
1492 2642 1762 2707 compacti,
1800 2659 1986 2690 menses
2006 2646 2111 2693 sere

285 2716 386 2756 tres
416 2727 564 2774 supra
595 2714 744 2764 1058.
782 2729 937 2760 annos
969 2714 1262 2778 relinquunt
1292 2714 1546 2762 residuos:
1584 2713 1670 2776 qui
1698 2729 1808 2759 cum
1833 2713 1975 2760 annis
1999 2715 2110 2763 aliis

287 2782 439 2831 1183.
468 2788 515 2827 et
542 2781 793 2829 mensibus
814 2784 915 2830 fere
939 2792 1125 2848 septem
1154 2784 1441 2848 compositi,
1479 2782 1757 2830 diluvium
1743 2800 1796 2828 m
1815 2783 1932 2830 anni
1952 2786 2107 2839 2242.

282 2849 431 2898 finem
461 2850 620 2914 (quod
642 2852 920 2917 scripturae
942 2855 1144 2903 videtur
1170 2851 1449 2937 adversum)
1480 2860 1771 2904 remoratur.

431 2917 501 2969 Τα
525 2918 622 2985 πρὸ
653 2918 1029 2988 παραβάσεως
1012 2924 1102 2984 ἕως
1134 2927 1226 2974 τοῦ
1251 2918 1360 2990 ρξε’.
1393 2919 1474 2972 Ἐι
1467 2919 1573 2987 ὠχ,
1617 2917 1785 2990 ασπζ.
1817 2922 1936 2990 ἔτη]
1972 2924 2105 2972 Haec

283 2988 491 3053 propria
534 2992 808 3052 praesentis
846 2993 947 3039 loci
997 2993 1253 3057 depwvati
1290 2993 1552 3040 correctIO.
1617 2971 1817 3040 Etenim
1859 3011 1886 3041 a
1927 2995 2108 3043 mundi

287 3066 404 3106 ortu
433 3062 581 3112 1287.
620 3062 791 3108 Enoch
825 3062 996 3110 aetatis
1036 3065 1151 3116 165.
1176 3062 1466 3109 numerabat
1492 3078 1553 3109 ex
1582 3078 1691 3125 pag.
1728 3067 1805 3115 19.
1837 3065 1890 3114 D.
1920 3073 1967 3112 et
1990 3069 2105 3118 113.

287 3131 337 3178 (3.
366 3145 461 3192 quo
486 3130 788 3193 Egregorum
818 3133 1133 3194 transgressio
1162 3131 1302 3179 annis
1331 3135 1735 3184 1000.1058.et
1767 3139 1917 3188 1077.
1946 3143 2104 3200 cepta,

284 3199 348 3248 ad
376 3199 622 3262 nequitiae
646 3217 931 3265 supremum
961 3203 1155 3249 culmen
1178 3210 1417 3266 provecta
1443 3208 1532 3251 est.

404 3265 542 3329 Ἐως
573 3289 663 3335 της
707 3266 766 3322 κ’.
812 3270 1032 3336 ἕτηρίδος
1076 3270 1505 3337 Κωνσταντίνου.]
1552 3271 1799 3320 Panodori
1835 3273 2100 3322 Eusebium

282 3338 551 3387 incusantis
586 3340 785 3389 nomine
810 3339 931 3388 haec
959 3342 1148 3406 scripta
1180 3349 1513 3407 iepraesentat
1541 3343 1806 3407 GeorgiUS‚
1846 3351 1895 3392 et
1923 3344 2101 3391 obser..

279 3417 368 3546 ἒοῖ
410 3410 631 3476 Scaliger
667 3428 776 3481 pag.
813 3411 933 3469 246.
974 3408 1077 3465 εἶτα
1100 3408 1194 3481 τήν
1229 3433 1332 3467 των
1373 3414 1664 3479 Χαλδαίων,
1704 3412 1888 3482 φησὶν,
1927 3409 2100 3483 ἀμφί-ν

317 3499 340 3529 ο
373 3499 446 3532 ον.
