2222 3938
344 184 471 247 346
812 144 816 147 ⁴
961 190 1540 260 EMENDATIONES

213 338 267 382 P.
295 340 325 383 6
481 322 813 395 Ἐνενῆκοντα
843 322 974 394 δύα]
1019 324 1351 398 Ἐνενήκοντα
1387 333 1510 399 μίαν
1542 333 1730 384 rectius
1770 334 2046 401 collegisset
2070 337 2178 388 Au-

214 396 269 439 V·
291 400 320 442 6
346 397 464 447 thor
491 399 748 463 Georgius.

482 464 601 521 Ἀπὸ
623 475 728 528 τοῖς
755 469 912 521 εἴκοσι
943 468 1090 521 πέντε
1117 471 1389 538 Μαρτίου.]
1426 473 1608 523 Mensis
1634 475 1812 537 Nisan,
1850 481 1900 523 et
1935 478 2055 526 anni
2084 494 2179 526 ex·-

345 540 540 590 ordium
574 541 630 587 in
666 540 752 594 25.
780 541 860 588 die
888 541 1059 589 Martii
1083 541 1245 590 fixum
1271 550 1321 592 et
1345 545 1518 593 stabile
1543 546 1713 612 posuit
1735 546 2000 612 Georgius,
2039 549 2178 614 quod

340 620 392 661 et
410 610 642 661 Petavius
666 610 1037 660 animadvertit.

479 678 602 731 Ἀπὸ
638 700 728 741 τας
764 683 919 733 εἴκοσι
957 681 1134 748 ἐννέα]
1181 683 1414 748 Vulgaris
1445 685 1753 734 Graecorum
1787 685 2027 751 loquendi
2061 705 2176 743 mo—

338 752 460 814 dus,
500 768 600 816 quo
625 752 1022 818 Praepositiones
1049 762 1259 803 cunctae
1284 756 1492 804 secundi
1518 757 1598 806 vel
1632 757 1763 805 tertii
1796 775 1938 806 casus
1970 757 2178 822 cupidae

336 822 454 870 solis
494 823 790 871 accusativis
827 824 1041 875 nubunt.
1110 821 1259 873 Hunc
1298 826 1511 874 Authori
1550 828 1722 892 potius
1761 846 1910 892 quam
1944 827 2179 877 Librariis

334 893 627 974 imputabis,
666 901 716 941 et
735 894 834 942 iam
859 904 974 943 ante
999 896 1309 960 octingentos
1336 906 1384 945 et
1411 898 1766 963 quinquaginta
1793 916 1947 948 annos
1974 899 2178 964 linguae

333 963 550 1029 purioris
586 967 922 1050 corruptelam
952 967 1254 1019 observabis.

474 1033 541 1084 Ἡ
565 1054 659 1102 γαρ
698 1030 825 1102 ἄρχῃ
865 1041 958 1088 τοῦ
990 1032 1117 1088 &eda
1145 1033 1247 1089 οἷπο
1274 1036 1363 1098 τοὶς
1398 1033 1499 1089 κθ’.
1528 1041 1622 1089 τοῦ
1650 1033 1986 1105 Αὐγούστου]
2028 1038 2178 1098 Quod

333 1105 476 1170 prius
513 1105 762 1154 incertum
800 1115 850 1155 et
883 1106 1098 1171 (fagum,
1147 1117 1197 1156 et
1231 1110 1374 1156 annis
1413 1109 1621 1172 singulis
1663 1117 1839 1173 quarta
1883 1109 1982 1156 diei
2015 1117 2175 1174 parte,

334 1175 434 1224 hoc
476 1183 576 1238 est,
629 1185 806 1226 exacto
851 1178 1213 1242 quadriennio,
1265 1179 1364 1226 diei
1401 1179 1585 1243 integri
1627 1179 1789 1243 spatio
1829 1180 2178 1243 retrogradum

333 1247 628 1311 Aegyptiaci
660 1248 780 1294 anni
814 1249 1123 1314 principium
1159 1250 1350 1311 (nullus
1378 1250 1511 1297 enim
1545 1251 1678 1314 apud
1714 1249 1982 1314 Aegyptios
2006 1249 2179 1313 Augu.

333 1325 413 1364 sto
460 1319 668 1365 Caesare
705 1319 986 1383 superiores
1037 1320 1139 1367 dies
1184 1322 1394 1368 usitatus
1435 1320 1776 1382 intercalaris,
1823 1327 2024 1385 recepto
2063 1327 2178 1385 post

333 1387 592 1435 Actiacam
626 1388 892 1446 victoriam
924 1391 1043 1438 anni
1073 1391 1257 1439 Iuliani
1291 1409 1412 1454 usu,
1452 1399 1500 1439 et
1533 1391 1634 1438 diei
1664 1391 1981 1454 embolismo,
2019 1391 2178 1439 fixum

330 1466 383 1506 et
409 1475 508 1506 una
539 1459 653 1512 sede
678 1469 911 1508 constans
934 1462 1213 1524 redditum,
1252 1479 1411 1526 eoque
1436 1480 1532 1526 quo
1555 1470 1812 1527 repertum
1836 1469 1909 1509 est
1929 1461 2060 1524 loco,
2096 1461 2178 1509 ni-

331 1529 515 1577 mirum
542 1530 749 1593 Augusti
772 1537 855 1585 29.
885 1532 1119 1598 deinceps
1147 1533 1435 1598 permansit.
1507 1532 1578 1581 At
1606 1550 1721 1580 cum
1753 1550 1817 1580 ex
1853 1532 2057 1598 paribus
2084 1531 2179 1580 iis-

335 1617 431 1664 que
469 1601 750 1648 tricenariis
787 1603 1045 1651 mensibus
1081 1612 1384 1652 memoratus
1422 1603 1786 1668 Aegyptiorum
1820 1620 1977 1651 annus
2018 1603 2178 1650 coale-

329 1678 523 1734 sceret,
563 1680 679 1736 post
713 1672 818 1719 dies
845 1677 966 1727 360.
1005 1674 1125 1721 alios
1158 1675 1380 1739 quinque
1408 1673 1745 1740 ἐπαγομένους
1772 1681 1821 1722 et
1848 1673 2085 1720 insititios
2111 1673 2177 1722 ad

330 1740 523 1790 Mesore
557 1743 740 1789 mensis
779 1745 948 1791 ultimi
981 1745 1195 1806 calcem,
1234 1763 1331 1809 quo
1367 1752 1504 1792 totus
1533 1762 1595 1795 ex
1624 1746 1744 1798 365.
1775 1745 1944 1792 diebus
1973 1743 2176 1792 confla-

329 1820 499 1874 retur,
542 1813 846 1864 admittebat.
918 1814 999 1862 Illi
1041 1815 1142 1862 dies
1177 1824 1294 1880 post
1329 1814 1540 1878 Augusti
1566 1815 1784 1863 Caesaris
1816 1815 2078 1863 victoriam
2113 1815 2174 1862 ab

329 1882 544 1946 Augusti
569 1884 751 1931 mensis
777 1884 860 1937 24.
889 1886 952 1932 ad
983 1885 1201 1933 eiusdem
1234 1890 1320 1939 28.
1352 1886 1722 1948 inserebantur,
1763 1893 1811 1934 et
1846 1893 2026 1950 quarto
2053 1903 2175 1950 quo-

330 1971 428 2018 que
461 1971 591 2002 anno
628 1962 830 2016 sextus,
882 1956 968 2019 qui
1007 1956 1281 2004 bissextum
1317 1958 1656 2004 Romanorum
1692 1956 2000 2016 imitaretur,
2049 1956 2176 2004 adii-

329 2025 582 2072 ciebatur:
631 2024 830 2089 hocque
871 2034 1021 2090 pacto
1058 2044 1218 2074 annus
1258 2028 1345 2090 qui
1379 2028 1526 2075 solito
1565 2044 1717 2075 cursu
1752 2028 2031 2092 procedens
2068 2034 2174 2075 erat

328 2091 767 2174 {wcwsvwffiy'u89093
810 2095 961 2144 fiebat
1011 2114 1073 2144 ex
1110 2100 1330 2145 secundo
1368 2097 1656 2146 embolismo
1691 2093 2051 2164 ἐφεξαήμερος;
2100 2098 2172 2144 ita

327 2173 492 2212 tamen
530 2171 586 2212 ut
613 2166 795 2214 mensis
830 2167 1029 2215 ultimus
1066 2169 1284 2230 Meso1e,
1334 2169 1415 2215 cui
1451 2170 1554 2216 dies
1592 2167 1810 2232 quinque
1839 2168 2166 2227 accedebant,

329 2237 493 2284 tribus
525 2236 667 2283 annis
695 2237 901 2300 triginta
921 2238 1113 2286 dierum
1143 2247 1394 2287 constaret
1418 2240 1557 2301 serie,
1581 2255 1727 2302 quam
1742 2247 2028 2303 sequeretur
2056 2255 2168 2303 epa-

330 2323 657 2370 gomenorum
680 2307 966 2371 quinarius,
993 2317 1173 2373 quarto
1195 2311 1314 2357 vero
1336 2327 1537 2374 quoque
1559 2327 1686 2357 anno
1711 2326 1814 2356 uno
1843 2327 1995 2374 supra
2022 2309 2169 2372 trige-

327 2377 509 2425 simum
543 2378 624 2425 die
661 2379 1017 2443 compleretur:
1051 2388 1108 2427 ut
1137 2397 1199 2429 ex
1228 2398 1384 2444 aequo
1412 2381 1513 2428 dies
1546 2380 1765 2444 quinque
1792 2380 1933 2428 annis
1962 2379 2169 2443 singulis

333 2449 652 2510 adderentur,
668 2449 789 2496 licet
811 2458 989 2513 quarto
1015 2467 1102 2498 sex
1127 2452 1511 2516 conciperentur
1530 2451 1724 2499 infindi.
1763 2452 1972 2498 Sensum
1992 2450 2170 2498 huius-

332 2519 471 2566 modi
494 2520 776 2584 reciperent
797 2521 1036 2569 Authoris
1061 2539 1094 2569 v
1098 2522 1252 2570 erba
1237 2540 1289 2568 1n
1311 2522 1448 2570 hunc
1474 2522 1679 2569 modum
1704 2522 1975 2570 emendata.
2015 2519 2052 2586 ἦ
2072 2517 2168 2603 γὰρ

335 2583 462 2655 ἆρχη
493 2593 587 2641 τοῦ
609 2588 735 2641 Θωθ
758 2585 855 2642 circo
880 2589 969 2652 τὰς
991 2589 1088 2644 κθ’.
1116 2587 1425 2677 Αὐγούστου
1441 2591 1574 2644 ἐστὶν
1596 2587 1998 2676 ἕπιπενθήμερος
2020 2586 2166 2658 τριά-

332 2678 486 2709 κοντα
512 2658 798 2729 Μεσσωρηε
836 2661 918 2713 ἐπὶ
943 2660 998 2713 δὲ
1019 2662 1292 2732 ἓξαημέρου
1313 2682 1579 2729 τριακοντα
1598 2666 1716 2728 μιᾶς
1736 2682 1824 2713 του
1851 2657 2011 2712 αὐτοῦ
2029 2666 2168 2711 Μεσ-

333 2725 490 2808 σωρή.
563 2731 674 2779 Iloc
713 2741 802 2781 est.
876 2734 1186 2799 Principium
1227 2734 1394 2782 Thoth
1424 2734 1636 2797 Augusti
1675 2738 1759 2786 29.
1798 2732 1957 2779 fixum
1991 2732 2166 2780 diebus

333 2799 554 2864 quinque
592 2802 808 2851 Messore
839 2804 1090 2852 tricesimo
1126 2805 1309 2853 additis
1339 2804 1586 2871 posterior
1620 2810 1722 2850 est:
1759 2802 2005 2850 bissextili
2040 2819 2163 2851 vero

331 2887 491 2928 anno,
544 2888 641 2934 quo
678 2874 782 2920 dies
822 2892 910 2922 sex
944 2875 1303 2934 intercalandi,
1355 2875 1574 2923 eiusdem
1608 2873 1824 2922 Messore
1856 2873 2166 2936 trigesimum

331 2940 551 3005 primum
589 2948 637 2988 et
673 2944 888 2994 additios
922 2946 1145 3010 quinque
1180 2946 1284 2993 dies
1326 2946 1660 3009 subsequitur.
1732 2945 1955 2992 Placeret
1990 2959 2165 2991 emen-

331 3011 486 3068 datio,
524 3011 623 3059 nisi
640 3013 743 3060 vim
770 3014 979 3063 inferret
1000 3016 1190 3064 textui.
1227 3016 1431 3063 brevim
1435 3033 1510 3062 em
1534 3015 1705 3078 itaque
1743 3022 1791 3062 et
1815 3014 2164 3062 dilucidiorem

331 3082 596 3144 subiungO.
639 3083 695 3131 αἱ
721 3082 822 3134 δὲ’
801 3081 1105 3152 επαγόμεναι
1136 3085 1319 3171 ἡμέραι
1351 3085 1478 3136 εἰσὶν
1508 3079 1608 3135 οἷπὸ
1629 3104 1717 3144 τας
1743 3085 1897 3137 εἴκοσι
1924 3083 2165 3171 τέσσαρας

330 3156 422 3202 τοῦ
458 3147 783 3238 Αὐγούστου,
822 3155 913 3217 ἕως
948 3177 1035 3215 τας
1075 3156 1231 3206 εἴκοσι
1261 3151 1407 3208 ὀκτώ.
1457 3154 1494 3220 ἦ
1527 3175 1622 3223 γαρ
1651 3151 1774 3223 ἀρχὴ
1813 3159 1906 3206 τοῦ
1935 3152 2088 3218 Θώθ,
2125 3153 2164 3220 ἦ

328 3227 428 3275 νῦν
467 3217 567 3274 nimi
606 3220 697 3284 τοὶς
748 3225 903 3275 εἴκοσι
945 3224 1092 3277 ἐννέα
1126 3230 1221 3277 τοῦ
1248 3221 1544 3311 Αὐγούστου
1573 3226 1707 3277 ἐστὶν
1743 3221 2160 3292 ἐπιπενθήμερος,

329 3293 416 3345 καὶ
441 3291 654 3357 ὤφειλεν
687 3290 816 3345 εἶναι
854 3297 926 3355 εἰς
950 3315 1219 3380 τριακοντα
1238 3292 1565 3364 Αὐγούστου·
1604 3296 1688 3349 ἐπὶ
1716 3295 1770 3347 δὲ
1794 3295 2066 3363 έξαημέρου
2089 3296 2162 3356 εἰς

328 3384 597 3430 τριακοντα
630 3365 751 3430 μίαν
784 3361 1100 3433 Αὐγούστου.
1173 3369 1379 3415 Gratam
1412 3366 1628 3416 Authori
1664 3368 1937 3418 verborum
1974 3365 2157 3414 barba-

329 3436 455 3483 riem
477 3436 692 3499 retinui,
729 3444 945 3484 mentem
972 3437 1075 3486 eius
1098 3455 1202 3486 non
1232 3455 1290 3502 <31
1292 3438 1579 3486 ammaticos
1606 3455 1754 3487 sonos
1781 3435 1972 3502 assequi
1995 3435 2157 3484 medi-

330 3514 490 3555 tatus:
529 3524 583 3556 ea
610 3524 762 3573 porro
789 3515 864 3557 est
884 3525 1032 3574 quam
1062 3517 1230 3559 textus
1253 3509 1454 3558 exhibet
1475 3509 1636 3558 versio
1651 3547 1666 3572 ,
1703 3525 1919 3575 quaeque
1942 3505 2039 3555 hac
2064 3522 2156 3554 ex-
