2222 3938
641 214 740 269 ET
776 211 1364 300 ANNQTATIONEs.
1793 201 1917 265 533

90 339 305 406 gusteis,
342 357 448 389 non
479 340 687 391 Iulianis
716 343 943 409 loquitur
974 342 1172 392 Author
1208 339 1476 407 Georgius:
1521 342 1657 407 quod
1693 342 1736 391 si
1764 342 1921 408 quip-

36 457 42 463 .
89 415 227 478 piam
252 411 399 459 aliud·
413 412 567 475 magis
587 414 770 462 serium
796 422 845 462 et
867 414 1106 463 momenti
1130 414 1330 463 maioris
1358 430 1504 478 agens
1531 413 1615 464 vir
1637 413 1922 462 eruditissi-

88 498 201 531 mus
238 481 559 545 advertisset,
617 484 958 549 praesentibus
996 484 1195 550 Georgii
1230 484 1396 535 ver-bis
1430 479 1781 553 οἷνιστορησίας
1814 500 1920 532 non

89 553 405 619 respersisset
431 552 607 601 labem.

232 623 345 687 Pag.
379 624 502 676 313·
540 619 690 674 Μεθ’
718 621 787 691 ἣν
813 620 1095 693 ἀρξαμένην
1123 622 1215 675 ἔτει
1242 620 1317 690 ε’.]
1351 626 1426 674 Ita
1453 624 1700 674 distinctis
1738 623 1922 673 chara-

42 757 47 761 ,
90 691 310 742 cleribus
336 708 439 740 una
469 710 584 741 cum
609 695 761 759 Regio
787 696 961 743 scribit
985 696 1324 745 Barberinum.
1396 696 1608 744 Faveret
1633 695 1919 744 coniectura

90 779 156 812 ex
192 779 402 812 numero
433 759 598 832 ,ευοα’.
634 774 748 830 post
785 783 970 814 annum
997 766 1206 830 Augusti
1245 771 1324 819 16.
1356 774 1405 815 et
1434 766 1606 814 mundi
1639 766 1793 820 5466.
1827 782 1920 831 per

90 833 216 883 alios
243 832 458 898 quinque
478 834 741 883 adiunctos
762 845 1030 900 exurgente
1050 836 1232 902 petita,
1268 837 1367 884 nisi
1393 838 1539 902 plura
1558 836 1706 884 simul
1731 835 1922 901 scripta

90 905 372 954 obstarent:
410 920 561 968 quare
586 904 682 956 ἔτει
707 901 760 956 ε’.
781 905 836 953 in
861 906 954 956 ἔτει
982 901 1037 964 ς’.
1063 906 1428 969 emendandum
1453 908 1700 970 concedo,
1737 914 1786 955 et
1809 922 1918 954 sen-

90 991 201 1024 sum
234 991 339 1022 non
365 989 429 1023 ex
455 992 589 1023 anno
612 977 788 1044 quinto
810 977 1144 1043 impendente,
1181 977 1267 1027 sed
1298 994 1362 1028 ex
1387 987 1520 1026 sexto
1544 978 1739 1026 labente
1769 992 1920 1043 repe-

90 1045 301 1099 tendum
333 1060 528 1094 moneo.

237 1118 465 1181 Τεθῆναι
496 1113 592 1182 τὴν
631 1114 1008 1184 τετραετηρικὴν
1037 1115 1269 1183 ἡμέραν]
1333 1117 1753 1178 Quadriennalem
1788 1115 1920 1165 diem

89 1185 364 1235 bissextum
395 1202 460 1235 ex
496 1186 747 1235 Panodori
773 1188 1015 1237 sententia
1048 1188 1246 1254 imperii
1271 1188 1506 1253 Augustei
1533 1205 1660 1236 anno
1695 1193 1779 1241 22.
1822 1203 1920 1252 po·-

90 1257 271 1319 situm‚
309 1263 359 1306 et
381 1258 590 1321 Augusti
611 1258 808 1306 decreto
835 1258 1079 1306 sancitum
1096 1295 1109 1322 ‚
1143 1262 1357 1324 τεθῆναι
1375 1299 1390 1321 ,
1428 1260 1669 1323 Georgius
1696 1257 1920 1305 animad-

90 1327 262 1378 vertit.
330 1326 411 1375 An
435 1335 559 1376 tunc
585 1328 803 1394 primum
836 1337 896 1377 ut
929 1329 1237 1394 reciperetur
1262 1329 1479 1377 indictus
1497 1368 1512 1392 ,
1549 1338 1598 1377 et
1626 1336 1738 1376 ante
1764 1344 1922 1375 annos

91 1414 182 1460 sex
214 1396 567 1446 Alexandrinis
595 1399 880 1464 propositus
921 1416 980 1447 ac
1012 1400 1268 1447 consultus
1286 1437 1300 1464 ,
1339 1410 1469 1447 anno
1497 1399 1687 1447 Iuliano
1710 1398 1922 1463 imprae-

90 1468 221 1518 senti
262 1468 324 1516 ad
351 1470 544 1532 regulas
580 1469 953 1517 Astronomicas
992 1470 1280 1531 emendato,
1318 1468 1670 1518 Alexandrinis
1700 1468 1923 1534 primuni

90 1538 314 1607 placuit,
350 1547 399 1587 et
418 1539 472 1587 in
495 1547 749 1606 posterum
777 1557 877 1588 una
903 1557 1018 1588 cum
1051 1557 1182 1588 anno
1212 1540 1315 1588 fixo
1353 1548 1400 1587 et
1438 1539 1672 1603 castigato
1711 1538 1796 1603 qui
1824 1538 1920 1586 ob·-

92 1617 386 1660 servaretur.
413 1617 645 1675 acceptus
681 1610 787 1658 est?
828 1618 917 1659 aut
953 1618 1084 1658 certe
1119 1610 1272 1658 simul
1299 1627 1411 1658 cum
1445 1628 1574 1658 anno
1613 1609 1808 1658 Iuliano
1838 1607 1920 1656 vi·-

91 1680 217 1729 tiato
245 1680 308 1728 ab
329 1681 452 1730 urbe
474 1681 773 1730 Alexandria
798 1680 1034 1730 Romanis
1066 1681 1287 1729 subiecta
1319 1681 1513 1729 civibus
1539 1680 1774 1741 usitatus,
1810 1679 1921 1743 ple-

90 1767 211 1800 nam
240 1751 451 1814 Augusti
476 1751 664 1817 placito
701 1752 837 1817 apud
861 1751 1232 1800 Alexandrinos
1274 1752 1668 1799 emendationem
1710 1748 1921 1797 sortitus

92 1821 204 1870 est'?
238 1821 458 1869 Dubium
482 1818 656 1870 hocin
680 1830 873 1888 partem
899 1838 1094 1870 omnem
1122 1828 1372 1870 versatum
1408 1821 1614 1870 discutit
1638 1827 1921 1882 temporum

94 1891 349 1942 doctrinae
367 1893 683 1941 doctissimus
706 1893 888 1941 author
923 1893 1008 1943 lib.
1045 1897 1126 1947 10.
1165 1908 1270 1957 cap.
1306 1892 1471 1942 ultim.
1546 1891 1685 1950 Quae
1719 1889 1918 1952 Georgii

95 1963 229 2011 circa
262 1962 392 2010 illud
423 1963 651 2012 doctrina
685 1971 761 2011 est
793 1964 987 2012 duobus
1013 1971 1062 2011 et
1093 1963 1216 2011 locis
1238 1961 1361 2010 mihi
1386 1961 1652 2024 colligitur.
1723 1959 1919 2009 Primus

90 2032 306 2082 habetur
341 2034 517 2098 pagina
553 2035 804 2100 superiore
834 2033 914 2082 his
950 2033 1131 2092 verbis.
1202 2029 1374 2098 ἐπειδή
1396 2028 1521 2083 κατὰ
1545 2028 1598 2081 vd
1626 2025 1785 2098 ,ευοβῖ
1813 2029 1921 2087 ἔτος

92 2107 187 2155 τοῦ
209 2099 428 2170 κόσμου,
464 2101 587 2171 ὅπερ
621 2102 747 2167 κατὰ
771 2100 919 2155 τόνδε
942 2099 1162 2172 ἀκριβῶς
1196 2102 1320 2168 ἡμῖν
1348 2099 1697 2166 ἄφοδευθέντα
1730 2094 1921 2150 κανόνα

92 2178 168 2243 τῷ
206 2170 276 2225 ιε’.
307 2177 403 2224 τοῦ
436 2170 728 2241 Αὐγούστου
767 2176 1017 2241 βασιλείας
1048 2174 1142 2225 ἔτει
1177 2171 1455 2239 συντρέχει,
1501 2165 1616 2221 κατ’
1653 2167 1835 2228 ἄλλους
1864 2166 1920 2218 δὲ

94 2241 197 2295 ἀπὸ
215 2239 577 2311 Ἀλεξανδρείας
603 2242 654 2302 ς’.
680 2241 735 2295 τό
765 2241 1031 2311 λεγόμενον
1053 2244 1288 2303 Βίσεξτον
1309 2240 1560 2307 προετέθη
1583 2237 1685 2291 dno*
1707 2232 1922 2304 Αὐγού-

94 2328 214 2366 στου
239 2315 509 2382 Καίσαρος.
581 2314 846 2363 Indubium
869 2322 943 2363 est
966 2321 1130 2362 autern
1153 2329 1284 2360 anno
1311 2312 1407 2361 illo
1431 2320 1594 2372 sexto,
1634 2317 1786 2375 prout
1806 2308 1921 2357 vult

93 2385 414 2447 Panodorus,
455 2386 728 2434 bissextum
757 2386 885 2433 diem
909 2385 968 2432 ab
996 2382 1347 2432 Alexandrinis
1383 2388 1719 2446 acceptatum:
1758 2397 1784 2425 a
1819 2378 1918 2425 du-

68 2494 71 2495 ⁷
95 2456 177 2504 bio
211 2455 364 2519 igitur
398 2456 580 2521 procul
605 2464 677 2504 est
700 2456 807 2521 ipso
844 2463 1019 2520 captae
1047 2453 1374 2503 Alexandriae
1404 2470 1558 2514 anno,
1598 2450 1685 2515 qui
1709 2447 1922 2512 Augusti

98 2526 298 2591 quintus
334 2542 395 2573 ac
425 2526 643 2574 decimus
677 2534 995 2588 numeratur,
1034 2525 1094 2572 ab
1131 2524 1313 2572 eisdem
1341 2523 1393 2570 in
1418 2523 1537 2570 anni
1567 2521 1660 2569 fixi
1693 2520 1920 2568 ordinem

97 2596 250 2645 fuisse
276 2597 554 2647 admissum.
622 2598 822 2660 Legitur
842 2597 967 2644 alter
994 2611 1104 2661 pag.
1141 2598 1260 2647 309.
1301 2593 1356 2642 Α.
1393 2587 1461 2659 ἧν
1483 2587 1752 2657 Ὀλυμπιὰς
1781 2583 1921 2656 ρπθ’..

96 2663 208 2732 ’ἥτις
233 2663 332 2734 πρό
356 2662 413 2724 ς’.
443 2669 703 2718 καλανδῶν
724 2669 971 2732 Μαρτίων
994 2662 1120 2715 κατα
1139 2660 1400 2730 Ἀντιοχεῖς
1419 2658 1513 2714 κδ’.
1541 2661 1634 2713 ἔτει
1661 2658 1818 2726 ἤχθη,
1844 2654 1921 2709 δι’

97 2733 163 2805 ἧς
202 2737 284 2788 ἐπὶ
314 2741 415 2787 τοῖν
457 2739 599 2788 ἰδίων
639 2737 792 2804 ὁρίων
820 2737 932 2801 ἔστη
972 2735 1002 2787 o‘
1034 2729 1271 2793 ἐνιαυτός.
1345 2732 1600 2799 Olympias
1631 2735 1749 2785 189.
1790 2746 1920 2777 anno

99 2809 375 2857 secundum
388 2808 622 2856 Authoris
643 2809 889 2855 canonem
917 2808 1070 2861 5478.
1096 2813 1146 2854 et
1170 2805 1380 2869 Augusti
1404 2809 1488 2860 21.
1512 2802 1755 2867 incipiens
1788 2799 1921 2847 circa

101 2879 366 2929 solstitium
405 2879 672 2940 aestivum,
695 2912 697 2914 -
720 2895 904 2927 annum
941 2876 1156 2941 primum
1198 2877 1262 2924 ad
1299 2875 1417 2924 anni
1457 2871 1706 2938 sequentis
1745 2868 1921 2918 mundi

100 2949 335 2999 nimirum
364 2950 517 3004 5479.
537 2957 596 2997 *et
620 2949 824 3012 Augusti
846 2954 927 3002 22.
954 2947 1223 2995 solstitium
1250 2946 1388 2994 aliud
1414 2943 1685 3012 protrahit:
1722 2941 1764 2989 is
1800 2956 1919 2988 vero

102 3020 311 3084 Augusti
339 3037 498 3067 annus
542 3020 785 3068 secundus
825 3035 974 3083 supra
1010 3017 1302 3066 vicesimum
1343 3023 1442 3077 est,
1491 3031 1589 3080 quo
1638 3013 1912 3060 bissextum
1943 3010 1994 3054 V.
2018 3008 2069 3054 71

102 3089 309 3154 Augusti
350 3098 400 3137 et
440 3085 746 3139 eruditorum
794 3097 921 3137 nutu
960 3087 1210 3135 firmatum
1249 3086 1458 3150 Georgio
1498 3101 1600 3133 non
1636 3083 1916 3131 reluctante

103 3162 277 3211 statuit
299 3160 613 3210 Panodorus:
648 3162 881 3209 universo
901 3159 1072 3223 itaque
1094 3163 1388 3207 cunctorum
1422 3169 1690 3213 consensu,
1725 3158 1775 3198 et
1809 3165 1913 3196 non

103 3230 401 3281 infirmando
426 3247 519 3278 usu
546 3232 871 3279 communiter
894 3236 1125 3293 acceptus
1148 3228 1271 3289 fuit,
1310 3227 1396 3290 qui
1427 3234 1610 3274 tantam
1649 3219 1929 3299 prius·fir-·

105 3305 324 3353 mitatem
363 3317 462 3347 non
500 3300 780 3350 obtinuerat
813 3300 866 3348 in
902 3299 1229 3348 eruditiorum
1254 3298 1426 3346 animis
1453 3294 1686 3351 maxime,
1723 3305 1810 3353 qui
1849 3305 1912 3336 ex

107 3373 359 3440 plurium,
396 3386 544 3434 quam
581 3389 671 3436 par
705 3373 833 3420 foret
867 3370 1057 3418 dierum
1091 3369 1456 3417 intercalarium
1493 3361 1765 3412 adiectione
1793 3358 1913 3436 anni

107 3445 396 3505 dierumque
421 3441 642 3489 ordinem
678 3441 1123 3490 animadverterent
1144 3440 1399 3487 vitiatum:
1437 3451 1494 3482 eo
1530 3449 1647 3481 vero
1684 3432 1914 3491 Augustei

109 3513 302 3579 imperii
343 3527 473 3560 anno
517 3517 600 3567 22.
644 3519 873 3560 accurata
912 3510 1200 3559 recensione
1246 3506 1492 3567 adhibita,
1544 3518 1657 3552 cum
1701 3500 1819 3549 anni
1854 3498 1912 3546 ab
