2222 3938
326 164 455 227 304
584 171 893 229 GEORGII
927 171 1280 228 SYNCELLI
1318 174 1478 229 CUM
1514 173 1904 232 SCALIGERI

322 302 538 373 Ῥοβοοέμ,
575 314 625 355 et
655 304 977 373 progreditur
1015 304 1080 352 ad
1120 321 1234 370 pag.
1276 308 1393 360 186.
1423 307 1479 357 Β.
1511 306 1674 356 verba
1692 306 1805 369 υἷὸς
1833 311 2165 376 Σολομωντος

325 375 410 443 ἔτη
444 374 519 439 ιζ.
549 395 673 442 quae
693 377 1010 441 reperiuntur
1037 376 1274 440 Excerpt.
1306 377 1415 426 Eus.
1442 395 1492 443 p.
1518 380 1603 433 34.
1629 386 1678 428 et
1705 379 1791 433 35.
1933 424 1939 426 ,

468 450 580 511 Pag
620 451 737 502 186.
776 447 828 495 C.
867 464 896 493 a
919 446 1084 494 verbis
1110 441 1266 513 οἷνέβη
1289 449 1598 537 Σουσακεὶμ,
1638 450 1703 497 3(1
1726 450 1878 498 finem
1905 449 2166 516 pericopes

322 517 473 568 habes
498 526 667 567 textus
695 518 867 567 Euseb.
891 534 941 597 p.
964 518 1048 570 35.
1074 515 1200 567 ibid.
1223 536 1252 566 a
1273 519 1438 568 verbis
1461 524 1553 572 τοῦ
1576 516 1736 572 Ἰου’δα
1760 520 2074 587 ἐβασίλευσεν
2101 515 2164 588 β’.

323 590 390 638 ad
411 607 524 656 pag.
549 589 697 636 finem
723 589 834 636 loco
863 588 1032 636 citato.

466 662 578 723 Pag.
618 662 734 712 187.
772 659 830 708 A.
868 677 896 706 a
932 658 1100 707 verbis
1140 651 1492 726 προεφήτευον
1529 654 1654 746 παρ’
1691 658 1955 728 Ἑβραίοις
1982 659 2046 708 ad
2071 675 2168 725 pe·-

323 730 459 780 riodi
484 731 660 792 finem,
697 731 810 778 loco
840 729 926 777 cit.
955 729 1084 777 ibid.
1110 747 1137 777 a
1163 731 1329 779 verbis
1355 734 1447 781 τοῦ
1474 727 1635 783 Ἰούδα
1659 731 1910 798 πέμπτος,
1948 731 2012 779 ad
2043 729 2168 778 fini-

321 809 426 849 tam
447 801 726 865 periodum.
750 802 805 848 Β.
842 819 1022 852 τουτου
1049 804 1120 868 τῷ
1148 795 1205 862 ζ’.
1232 802 1295 849 ad
1320 801 1520 867 periodi
1541 804 1706 852 finem.
1732 801 1856 852 ibid.
1892 805 1983 852 τοῦ
2003 796 2168 852 Ἰούδα

325 866 382 930 ς’.
415 871 480 919 ad
518 873 670 921 verba
698 872 750 919 C.
786 875 879 922 τοῦ
902 853 1167 959 ἀρχιερέως
1208 872 1290 938 ἔτη
1322 868 1374 933 ζ.
1402 873 1459 920 D.
1487 891 1516 920 a
1547 873 1711 922 verbis
1736 869 1896 924 Ἰωδαὲ
1919 868 2167 938 θεοφιλής

323 942 388 990 ad
410 942 615 992 verba’'
587 963 682 994 ετει
706 936 786 1003 λζ’.
815 961 903 992 του
931 938 1067 1004 Ἰωᾶς
1095 942 1343 992 habentur
1365 961 1416 1009 p.
1441 945 1524 998 35.
1548 952 1718 993 textus
1739 944 1917 993 Euseb.

128 1010 180 1054 P·
211 1010 299 1056 509
470 1014 1140 1078 Pag.188.189.190.et
1178 1019 1294 1068 191.
1333 1015 1438 1062 sola
1468 1031 1638 1079 regum
1662 1015 1788 1063 Iuda
1814 1022 1863 1063 et
1884 1013 2062 1063 Israel
2068 1030 2169 1061 no-

323 1084 460 1134 mina
497 1093 548 1134 et
573 1086 720 1148 anni,
760 1092 809 1132 et
838 1084 929 1132 vix
967 1085 1240 1149 quidquam
1269 1086 1406 1149 quod
1434 1086 1495 1132 ad
1524 1104 1694 1135 eorum
1718 1103 1797 1136 res
1822 1093 1980 1150 gestas
1994 1082 2169 1150 perti-

324 1164 441 1204 neat
464 1157 682 1221 reperies
708 1172 819 1220 pag.
845 1162 1013 1202 textus
1038 1156 1211 1203 Euseb.
1240 1158 1325 1210 35.
1354 1165 1401 1204 et
1426 1159 1511 1210 36.

467 1228 582 1291 Pag.
623 1231 737 1280 191.
776 1226 831 1275 D.
875 1243 902 1271 3
933 1226 1098 1274 ve1bis
1130 1228 1425 1294 Αἰγυπτίων
1458 1230 1704 1293 βασιλεῖς,
1742 1226 1806 1274 ad
1838 1243 1950 1293 pag.
1978 1242 2078 1291 seq.
2111 1224 2168 1274 Β.

324 1298 479 1347 verba
501 1298 588 1348 καὶ
610 1301 711 1347 τῶν
737 1291 1016 1364 οἰκητόρων
1041 1305 1296 1361 praestant
1320 1299 1555 1363 Exeerpt.
1581 1316 1691 1364 pag.
1717 1301 1805 1351 36.

468 1370 582 1433 Pag.
623 1368 740 1422 195.
782 1367 837 1416 A.
877 1384 905 1413 a
928 1368 1090 1416 verbis
1113 1366 1366 1435 Ρωμαίων
1390 1371 1638 1436 βασιλεῖς,
1676 1370 1741 1417 ad.
1764 1367 1889 1416 haec
1911 1367 1969 1416 Β.
1994 1366 2170 1433 γίνον-

324 1460 407 1491 ται
447 1439 529 1504 ε’τη
561 1435 693 1505 υμδᾝ
729 1437 1022 1486 scribuntur
1055 1446 1226 1487 textus
1258 1457 1372 1525 pag.
1409 1445 1493 1495 36.
1530 1441 1585 1489 G.
1619 1458 1648 1488 a
1680 1439 1847 1489 verbis
1878 1433 2170 1502 Ἀθηναίων

323 1510 674 1577 βασιλεῖς,ἃᾶ
702 1525 812 1575 pag.
851 1515 969 1565 196.
1004 1510 1063 1558 D.
1096 1511 1251 1560 verba
1277 1515 1433 1563 πᾶσιν
1461 1506 1590 1563 εἶναι
1621 1507 1707 1563 τὸν
1734 1504 1901 1562 αὐτόν.
1939 1525 2051 1575 pag.
2083 1511 2168 1562 36.

323 1590 373 1630 et
398 1586 483 1635 37.

467 1653 581 1716 Pag.
624 1656 741 1705 197.
778 1649 836 1701 A.
877 1672 904 1701 a
932 1653 1097 1704 verbis
1126 1649 1220 1705 οὐκ
1247 1652 1472 1721 α’μουσον
1507 1647 1557 1704 δ’
1585 1649 1652 1704 ἂν
1683 1652 1784 1717 εἴη,
1823 1653 1886 1701 ad
1922 1652 2046 1700 haec
2073 1652 2171 1699 alia

319 1723 376 1773 B.
407 1720 577 1789 μόνοις
611 1723 735 1773 ἐτῶν
761 1722 926 1786 Qrcff.
961 1726 1081 1789 legis
1105 1732 1268 1773 textus
1295 1745 1346 1791 p.
1370 1730 1453 1779 37.
1485 1726 1537 1772 C.
1575 1743 1602 1772 a
1636 1725 1802 1774 verbis
1825 1720 2078 1792 Ευσὲβιος
2116 1719 2172 1773 δὲ

321 1795 387 1842 ad
423 1811 535 1859 pag.
568 1810 665 1857 seq.
693 1795 750 1845 D.
790 1791 1023 1859 Ἀμασίας
1057 1796 1139 1860 ε’τη
1155 1793 1253 1846 aff.
1290 1798 1492 1845 exhibet
1520 1812 1631 1860 pag.
1659 1803 1832 1844 textus
1854 1799 1938 1849 37.
1986 1794 2172 1843 Eadem

321 1884 372 1932 p,
389 1868 472 1918 37.
490 1872 538 1911 et
557 1865 643 1918 38.
661 1866 766 1912 sola
782 1864 985 1913 nomina
1001 1874 1050 1914 et
1070 1874 1295 1932 tempora
1320 1885 1491 1931 regum
1506 1867 1629 1915 Iuda
1650 1867 1861 1916 etIs1ael
1877 1872 2169 1916 occurrunt.

467 1935 580 1998 Pag·
618 1940 738 1989 202.
779 1937 830 1985 C.
874 1937 969 1988 εἰσὶ
1010 1936 1102 2003 μέν
1140 1956 1253 1989 τινα
1293 1957 1397 1990 των
1448 1939 1510 1987 ad
1551 1939 1706 1987 finem
1749 1938 2012 2005 pericopes
2057 1952 2171 2002 pag.

323 2004 590 2055 Animadv.
620 2012 703 2060 66.

467 2078 583 2140 Pag.
622 2083 744 2132 203.
782 2078 838 2127 Β.
876 2096 906 2125 3
937 2078 1155 2127 verbis'
1132 2099 1187 2130 εν
1215 2077 1269 2130 δε
1306 2078 1382 2131 ἓνὶ
1405 2083 1505 2130 τῶν
1533 2073 1890 2146 οἷντιγραφων,
1930 2078 1993 2127 ad
2017 2076 2172 2128 verba

324 2150 417 2214 τῆς
440 2149 693 2214 βασιλείας
723 2147 885 2199 Φακεὲ
909 2159 1181 2198 occurrunt
1206 2150 1715 2198 Animadversionum
1739 2166 1849 2215 pag.
1879 2154 1963 2203 66.

468 2219 584 2281 Pag.
624 2219 745 2273 205.
783 2237 812 2266 a
848 2220 1012 2268 verbis
1041 2216 1314 2286 αναγκαῖον
1350 2219 1405 2271 δὲ
1433 2217 1572 2286 οἶμαι
1606 2222 1669 2269 ad
1695 2237 1805 2284 pag.
1837 2237 1936 2284 seq.
1963 2218 2022 2271 A.
2047 2218 2171 2267 haec

326 2288 422 2335 alia
450 2284 806 2354 διαδεξάμενον
827 2309 921 2356 την
946 2291 1203 2357 βασιλείαν
1226 2311 1363 2360 παρα
1388 2286 1822 2360 Σαρδαναπαλου,
1860 2298 2031 2339 extant
2053 2298 2171 2340 tex-

323 2367 406 2408 tus
435 2360 612 2407 Euseb.
638 2378 689 2425 p.
719 2362 805 2414 39.

470 2432 582 2493 Pag.
621 2435 742 2485 210.
777 2431 834 2479 B.
874 2449 901 2478 a
935 2431 1102 2480 verbis
1139 2435 1319 2484 τοῦτον
1356 2431 1382 2485 ὃ
1419 2435 1715 2499 Πολυΐστωρ
1753 2427 2075 2499 Ἀλέξανδρος
2107 2431 2172 2480 ad

325 2517 436 2566 pag.
467 2505 586 2555 213.
614 2503 825 2563 calcem,
862 2503 1081 2568 reperies
1106 2511 1279 2553 textus
1304 2504 1483 2553 Euseb.
1510 2522 1560 2568 p.
1581 2508 1667 2558 39.
1696 2510 1744 2552 et
1773 2504 1860 2557 40.

469 2573 582 2634 Pag.
617 2574 739 2626 214.
777 2573 835 2621 Β.
874 2574 1090 2623 averbis
1110 2572 1497 2663 προεφήτευσεν
1503 2570 1663 2637 Ἰωὴλ,
1703 2574 1766 2622 ad
1788 2590 1888 2638 seq.
1912 2571 2171 2638 pericopes

325 2641 478 2689 finem
517 2643 716 2693 ibidem.
756 2644 807 2692 C.
850 2662 877 2691 a
907 2645 1071 2694 verbis
1108 2649 1202 2697 τοῦ
1238 2641 1402 2699 Ἰουδα
1436 2641 1510 2706 ις’.
1545 2646 1610 2694 ad
1638 2645 1761 2694 haec
1799 2644 1860 2691 D.
1895 2643 2172 2708 Σοφωνίας

324 2708 731 2781 προεφήτευσεν,
767 2714 969 2764 ibidem.

470 2784 584 2846 Pag-
622 2789 740 2839 217.
778 2784 837 2833 Α.
874 2804 902 2834 3
925 2785 1090 2836 verbis
1118 2782 1173 2839 τὸ
1198 2781 1258 2838 δ’.
1293 2785 1402 2849 ε’τος
1422 2781 1671 2853 Ἰωακεὶμ,
1710 2783 1773 2834 ad
1807 2783 2081 2850 pericopen
2102 2783 2172 2832 fi-

325 2852 483 2901 nitam
509 2856 662 2903 tradit
688 2873 740 2920 p.
770 2858 856 2908 40.

469 2924 584 2987 Pag·
624 2930 743 2979 218
781 2927 835 2974 Β.
874 2944 901 2973 3
936 2926 1104 2976 verbis
1139 2930 1233 2977 τοῦ
1255 2921 1418 2978 Ἰούδα
1447 2927 1510 2975 ἃᾶ
1537 2923 1677 2978 ὄίλλοι
1705 2923 1760 2977 δε
1794 2926 1876 2992 ἔτη
1903 2926 2018 2994 τρία
2042 2943 2170 2990 pro-

328 2994 428 3042 fert
456 2995 672 3059 Scaliger
693 3013 802 3061 pag
828 2996 912 3050 40
938 2998 993 3049 C.
1024 3015 1053 3046 a
1078 2997 1241 3048 verbis
1261 2993 1443 3049 τούτου
1468 2996 1626 3063 φησὶν
1649 2998 1713 3047 ad
1731 2998 1994 3065 pericopes
2014 2997 2168 3047 finem

326 3064 456 3129 leges
478 3064 706 3116 Animad.
734 3085 783 3131 p.
813 3070 896 3120 80.

472 3137 584 3199 Pag.
624 3141 743 3191 220.
783 3154 811 3183 a
838 3137 1000 3186 ve1bis
1027 3136 1294 3189 Χαλδαίων
1324 3138 1566 3205 βασιλεῖς,
1606 3137 1669 3186 ad
1701 3156 1753 3204 p.
1777 3142 1896 3193 221.
1928 3137 1988 3188 Β.
2013 3135 2170 3186 verba

329 3226 456 3259 κατα
478 3208 692 3272 Μηδίαν
718 3202 923 3269 τόποις,
963 3208 1114 3256 habes
1142 3216 1310 3257 textus
1339 3209 1519 3258 Euseb.
1546 3227 1658 3274 pag.
1682 3210 1766 3263 40.
1791 3217 1841 3257 et
1863 3209 1946 3262 41.

472 3278 583 3342 Pag·
622 3282 739 3333 227.
778 3277 835 3326 A.
874 3296 901 3325 a
925 3279 1087 3328 ve1bis
1114 3283 1312 3346 πρῶτον
1339 3279 1446 3340 ἔτος
1471 3280 1831 3346 αἰχμαλωσίας,
1869 3279 1934 3328 ad
1964 3227 2088 3328 11330
2109 3277 2168 3328 Β.

330 3344 613 3415 Ἱερεμίας““
588 3369 614 3399 ο
634 3343 898 3414 προφήτης
925 3357 1096 3397 extant
1121 3358 1291 3399 textus
1318 3351 1494 3403 Euseb.
1518 3368 1628 3416 pag.
1650 3351 1737 3404 41.

477 3420 590 3483 Pag.
630 3423 751 3474 230.
790 3421 844 3468 Β.
883 3437 909 3466 3
947 3421 1111 3469 ve1bis
1147 3421 1202 3472 ἐν
1228 3425 1496 3489 Βαβυλωνι
1533 3417 1907 3489 προεφήτευον,
1943 3419 2007 3468 ad
2043 3418 2166 3467 haec

336 3488 434 3538 alia
454 3492 707 3555 Σεδεκίας,
743 3491 995 3559 Σαμαίας,
1034 3491 1220 3543 ibidem
1237 3494 1561 3561 reperiuntur
1579 3493 1799 3543 eiusdem
1819 3497 1986 3541 textus
2005 3507 2057 3556 p.
2079 3488 2165 3543 41.
