2222 3938
636 189 747 244 ET
772 187 1360 247 ANNOTATIONES.
1779 181 1857 240 41
1869 182 1909 240 1-
1959 272 1962 274 ‚

82 323 263 374 mundi
287 325 447 376 2900.
482 319 633 369 medii
661 319 830 369 fluunt
870 319 967 370 soli
1009 320 1128 376 124.
1161 321 1294 373 anni.
1344 318 1470 371 Vide
1493 318 1698 368 citatum
1733 319 1904 369 locum

82 412 194 462 pag.
222 394 336 447 147.
365 393 423 440 D.
446 409 543 457 quo
569 408 672 439 non
696 387 788 442 λα’.
812 399 869 439 ut
891 391 1287 458 redditScaliger
1309 409 1420 459 pag.
1445 398 1613 440 textus
1636 391 1905 440 Eusebiani

85 469 169 519 14.
187 464 275 514 sed
299 458 392 527 λη’.
419 463 679 511 manifesto
711 462 1016 514 scribuntur.

219 535 336 596 Pag·
374 538 460 587 92.
498 529 646 584 Μετοῖ
669 528 861 593 τοῦςέ.
886 531 1196 597 Χαλδαίων]
1234 535 1432 598 Septem
1451 538 1668 581 ostentat
1689 548 1801 598 pag.
1821 535 1907 585 90.

0 599 2 603 ’
81 603 168 654 hic
204 620 324 654 vero
357 604 606 653 Nembrod
645 602 818 651 Chami
843 603 1028 653 semine
1055 612 1375 669 procreatum
1413 611 1462 652 et
1498 602 1820 686 alienigenam
1845 619 1910 652 ex

85 675 445 725 Chaldaeorum
467 675 578 723 albo
609 674 864 739 expungit.

217 741 445 812 Ἀραβων
467 746 630 812 τρίτος
655 743 1019 811 ἕβασίλευσεν.]·
1046 742 1230 792 Arabas
1261 743 1386 792 istos
1415 761 1552 808 reges
1578 760 1756 809 parum
1782 742 1912 791 fide-

0 812 2 822 *
81 817 200 866 liter
221 816 485 883 exscripsit
507 816 721 880 Scaliger
743 833 853 882 pag.
880 815 965 869 14,
1005 816 1127 863 Cum
1153 815 1281 863 enim
1307 815 1453 879 Regio
1479 816 1723 863 secundus
1747 814 1913 862 mani-

0 944 2 946 v
81 888 208 936 feste
233 886 361 935 desit
375 925 389 949 ,
428 895 477 934 et
503 886 563 934 de
589 887 750 952 primo
777 886 1023 950 tertioque
1051 886 1247 934 disertis
1271 886 1435 934 verbis
1468 894 1636 951 aperta
1657 887 1745 933 fiat
1771 902 1914 933 men-

0 968 5 978 '
82 957 186 1020 tio;
219 957 326 1022 ipse
348 958 547 1006 tertium
570 958 842 1006 secundum
867 973 971 1006 esse
996 955 1156 1019 iussit,
1190 963 1423 1021 quartum
1448 955 1502 1004 in
1529 957 1728 1004 tertiam
1751 956 1916 1004 sedem

83 1027 374 1091 ascendere,
422 1028 653 1093 quintum
691 1028 748 1076 in
793 1036 1049 1093 quartam,
1103 1035 1151 1076 et
1191 1034 1388 1075 sextum
1435 1026 1488 1074 in
1536 1027 1916 1092 praecedentem

84 1099 335 1164 quintam:
371 1099 617 1147 secundus
643 1107 836 1160 autem,
874 1098 1014 1147 cuius
1031 1114 1216 1146 nomen
1239 1105 1287 1146 et
1311 1097 1429 1144 anni
1454 1097 1690 1145 deerant
1675 1115 1729 1144 m
1744 1097 1913 1160 Regio,

7 1168 9 1170 ’
82 1169 139 1218 in
173 1177 371 1217 sextum
401 1169 640 1234 relegavit
681 1169 937 1230 ordinem,
982 1176 1030 1216 et
1056 1169 1320 1234 Anonymo
1349 1168 1470 1216 licet
1496 1185 1652 1215 annos
1677 1170 1762 1221 41.
1788 1167 1915 1215 assi·-

82 1240 285 1305 gnavit‚
319 1239 419 1288 hoc
441 1249 606 1306 pacto·
651 1236 870 1306 Αρᾶβων
894 1239 1210 1304 ἐβασίλευσεν
1239 1235 1276 1298 ς’
1280 1274 1546 1289 ......
1586 1237 1667 1303 ἐτη
1703 1231 1801 1303 μα’.
1838 1239 1914 1285 Ita

5 1318 11 1331 “
84 1327 148 1359 ex
175 1311 374 1374 Georgii
399 1329 531 1377 penu
556 1311 857 1376 propriaque
879 1311 1102 1358 Minerv’a
1127 1310 1219 1358 sibi
1242 1327 1384 1358 suum
1408 1309 1593 1357 conflat
1621 1307 1911 1356 Eusebium.

84 1381 173 1429 sed
196 1388 392 1433 temere.
437 1382 569 1430 Huic
595 1383 780 1447 quippe
808 1388 975 1444 sexto,
1014 1398 1101 1429 seu
1123 1398 1289 1430 verius
1301 1381 1529 1428 secundo
1560 1379 1624 1426 ad
1649 1379 1911 1443 complen-

85 1452 176 1500 dos
204 1454 321 1505 215.
360 1453 537 1515 quibus
558 1454 742 1501 Arabes
763 1460 1033 1500 tenuerunt
1052 1452 1314 1517 imperium
1338 1452 1422 1504 40.
1459 1453 1702 1498 duntaxat
1724 1449 1912 1498 deben-

83 1531 170 1571 tur
197 1523 329 1571 anni.
369 1524 692 1588 Depravando
712 1523 763 1570 in
786 1522 920 1570 hunc
944 1523 1150 1570 modum
1175 1522 1374 1587 Georgii
1394 1521 1556 1570 textui
1579 1521 1716 1568 dedit
1742 1537 1910 1567 ansam

83 1593 295 1642 Librarii
316 1594 483 1658 lapsus
507 1612 532 1641 a
564 1594 812 1656 Scaligero
837 1610 940 1641 non
965 1593 1353 1642 animadversus.
1389 1593 1482 1641 Ille
1513 1591 1756 1655 siquidem
1795 1607 1911 1637 cum

24 1675 36 1689 ²
84 1664 237 1731 primi
261 1664 391 1728 regis
419 1664 752 1713 Mardocentis
778 1671 983 1711 aetatem
1016 1681 1073 1711 ac
1104 1664 1278 1712 mundi
1308 1680 1463 1711 annos
1486 1663 1641 1710 eidem
1665 1662 1912 1727 copulan-

89 1737 179 1783 dos
206 1752 310 1782 non
333 1736 649 1799 apposuerit,
687 1734 1053 1799 praetervolato
1086 1738 1274 1798 pariter
1305 1734 1434 1797 regis
1465 1732 1671 1780 secundi
1694 1731 1912 1793 nomine,

87 1823 269 1853 annum
291 1805 467 1854 mundi
488 1806 643 1859 3041.
680 1822 778 1869 quo
810 1805 972 1868 coepit
994 1805 1239 1852 secundus
1260 1805 1353 1852 iste
1376 1808 1669 1868 Anonymus
1693 1818 1915 1866 regnare,

86 1875 239 1943 primi
271 1876 399 1939 regis
436 1875 628 1924 nomini
658 1892 860 1923 erronee
898 1875 1106 1923 adiecit:
1145 1892 1207 1923 ex
1232 1874 1309 1922 his
1347 1883 1509 1923 autem
1544 1874 1701 1927 3041.
1738 1872 1918 1920 mundi

87 1947 229 1996 annis
257 1946 321 1993 ad
355 1949 509 2000 3086.
546 1945 695 1995 medii
718 1953 931 1994 currunt
960 1945 1047 1999 45.
1085 1946 1344 1993 memorati
1371 1953 1419 1993 et
1440 1943 1541 2008 regi
1570 1943 1786 1992 secundo
1822 1943 1917 1990 de-

85 2017 194 2068 biti.
243 2017 495 2076 Quocirca
522 2034 635 2065 cum
665 2034 821 2066 annos
867 2017 951 2070 45.
988 2017 1163 2065 mundi
1199 2016 1353 2069 3041.
1388 2014 1682 2080 incipientes
1705 2013 1759 2061 in
1794 2013 1918 2062 Sisi-

86 2088 308 2137 mardaci
343 2088 559 2153 primum
584 2096 631 2136 et
653 2089 827 2136 mundi
855 2090 1008 2140 3086.
1043 2094 1178 2135 recte
1203 2088 1463 2135 terminari
1491 2086 1707 2149 Scaliger
1737 2086 1918 2149 depre-

0 2199 3 2204 ,
86 2158 353 2219 henderet,
398 2159 600 2206 tertium
643 2159 785 2206 illum
828 2158 1214 2205 Sisimardacum
1253 2159 1469 2205 secunda
1505 2156 1618 2204 sede
1649 2156 1926 2203 locandum.

89 2228 352 2278 confestim
383 2236 457 2275 est
489 2229 797 2293 suspicatus⁷
835 2235 884 2274 et
910 2228 987 2275 vir
1010 2228 1132 2276 licet
1159 2228 1381 2277 eruditus
1406 2226 1541 2275 haud
1576 2226 1756 2273 leviter
1792 2226 1918 2273 dor-

88 2299 268 2349 mitans
306 2298 503 2346 delusus
543 2306 631 2350 est.
683 2298 761 2346 Ad
799 2297 997 2360 Georgii
1031 2298 1186 2362 igitur
1217 2305 1431 2347 mentem
1467 2305 1515 2345 et
1547 2296 1762 2344 calculos
1797 2311 1914 2343 ann.

89 2369 266 2419 mundi
300 2372 455 2422 3001.
493 2369 677 2417 Arabas
714 2368 812 2416 sibi
843 2384 1050 2432 regnum
1084 2385 1350 2434 usurpasse
1384 2366 1644 2416 statuentis
1680 2381 1915 2432 praesens

88 2441 232 2490 locus
253 2439 350 2487 hoc
379 2447 526 2504 pacto
552 2439 899 2505 interpolatur.

230 2504 292 2561 α’.
316 2509 677 2597 Μαρδοκέντης
699 2507 1055 2575 ἑβασίλευσεν”
1026 2528 1107 2575 ετη
1124 2503 1186 2576 μ’.
1212 2529 1300 2561 του
1282 2506 1374 2559 δὲ
1397 2502 1590 2574 κόσμου
1608 2500 1676 2572 ἦν
1692 2506 1798 2567 ἔτος
1807 2500 1914 2592 ya‘.

231 2578 291 2648 β’.
326 2576 548 2666 Ἀραβων
588 2581 905 2649 ἐβασίλευσεν
955 2615 1275 2632 ......
1326 2579 1408 2646 ε’τη
1448 2575 1538 2646 με’.
1591 2581 1684 2629 τοῦ
1727 2575 1782 2630 δὲ
1818 2573 1904 2629 κό-
1933 2587 1987 2633 P.
2014 2589 2069 2635 81

91 2646 549 2807 σμουγγμὲἑράβων
589 2721 903 2791 ἐβασίλευσεν
941 2715 1310 2790 Σισιμᾶρδακος
1345 2719 1428 2786 ἔτη
1461 2713 1557 2786 κη’.
1606 2720 1700 2771 τοῦ
1738 2716 1793 2770 δὲ
1828 2714 1913 2770 κό-

94 2809 222 2861 σμου
253 2788 391 2863 γπςῖ

233 2843 513 2931 Reparandi
541 2863 639 2913 hoc
673 2873 820 2929 paeto
847 2872 1016 2913 textus
1052 2862 1402 2911 authoritatem
1435 2861 1650 2926 suggerit
1674 2859 1915 2924 Georgius

95 2934 314 2983 scribens
337 2935 488 3001 paulo
513 2935 645 2983 infra
667 2937 724 2985 B.
750 2935 787 3003 ἦ
810 2955 910 2987 των
928 2930 1154 3003 Ἀράβων
1178 2934 1401 3002 βασιλεία
1425 2927 1671 3000 ἄρξαμένη
1696 2927 1795 2983 ἀπὸ
1822 2932 1917 2981 τοῦ

96 3006 411 3056 καθολικοῦ’
395 3005 533 3066 ε’τους
552 3001 658 3075 γοί.

237 3071 485 3141 Εὐσέβιος
508 3081 581 3146 τῷ
603 3072 771 3146 79536'.
797 3075 891 3127 ετει
920 3079 1014 3128 τοῦ
1039 3072 1266 3141 κόσμου]
1302 3073 1524 3123 Ventilat
1547 3073 1673 3123 haec
1698 3070 1913 3134 Scaliger

94 3145 209 3198 Not.
235 3146 398 3210 pagin.
434 3150 513 3199 13.
543 3155 589 3195 et
613 3149 731 3202 252.
777 3150 848 3196 Et
872 3148 996 3194 llaec
1021 3164 1122 3194 non
1148 3155 1270 3193 sanc
1298 3147 1479 3208 nauci,
1518 3145 1601 3197 ait.

235 3212 535 3280 Ἀφρικανος
558 3213 659 3269 ἄπο
679 3214 876 3284 Ἀδάμ]
924 3219 1000 3266 Ex
1036 3217 1117 3265 his
1150 3217 1212 3265 ad
1250 3216 1347 3263 alia
1382 3233 1491 3282 pag.
1516 3216 1597 3270 64.
1620 3213 1679 3263 A.
1709 3228 1912 3275 compa-

97 3286 219 3336 ratis
254 3287 523 3335 nonnullas
549 3289 771 3337 Africani
798 3288 1155 3352 chronologiae
1179 3287 1389 3352 epochas
1412 3286 1513 3335 levi
1544 3283 1738 3348 negotio
1769 3280 1917 3328 colli-

99 3373 188 3420 go.
226 3357 426 3405 Exitum
454 3373 515 3405 ex
549 3358 773 3423 Aegypto
803 3377 933 3407 anno
973 3376 999 3405 a
1027 3358 1200 3407 mundi
1226 3359 1434 3406 conditu
1465 3361 1617 3411 3706.
1654 3351 1918 3416 Olympia-

101 3428 223 3475 dum
257 3427 402 3476 initia
428 3444 557 3476 anno
595 3430 752 3484 4726.
790 3446 921 3495 quae
956 3430 1156 3493 Georgii
1184 3437 1256 3477 est
1280 3429 1479 3494 opinio.
1519 3423 1634 3489 Cy1i
1657 3421 1915 3486 imperium

104 3514 234 3546 anno
262 3498 415 3554 4941.
445 3499 813 3550 committenda.
862 3499 1142 3566 Aegyptum
1165 3517 1295 3548 anno
1316 3503 1470 3553 3706.
1493 3513 1555 3545 ex
1579 3492 1801 3542 Africani
1823 3492 1917 3540 cal-
