<?xml version="1.0" encoding="UTF-8"?>
<!DOCTYPE html PUBLIC "-//W3C//DTD XHTML 1.0 Transitional//EN"
    "http://www.w3.org/TR/xhtml1/DTD/xhtml1-transitional.dtd">
<html xmlns="http://www.w3.org/1999/xhtml" xml:lang="en" lang="en">
 <head>
  <title>
</title>
<meta http-equiv="Content-Type" content="text/html;charset=utf-8" />
  <meta name='ocr-system' content='tesseract 3.04.00' />
  <meta name='ocr-capabilities' content='ocr_page ocr_carea ocr_par ocr_line ocrx_word'/>
</head>
<body>
  <div class='ocr_page' id='page_1' title='image "./corpusscriptorum21niebuoft_0538.png"; bbox 0 0 2222 3938; ppageno 0'>
   <div class='ocr_carea' id='block_1_1' title="bbox 328 144 1522 215">
    <p class='ocr_par' dir='ltr' id='par_1_1' title="bbox 328 144 1522 215">
     <span class='ocr_line' id='line_1_1' title="bbox 328 144 1522 215; baseline 0.008 -9"><span class='ocrx_word' id='word_1_1' title='bbox 328 144 454 207; x_wconf 79' lang='lat'><em>528</em></span> <span class='ocrx_word' id='word_1_2' title='bbox 943 155 1432 214; x_wconf 89' lang='lat' dir='ltr'><strong>EMENDATION</strong></span> <span class='ocrx_word' id='word_1_3' title='bbox 1433 157 1522 215; x_wconf 82' lang='lat' dir='ltr'><em>Es</em></span> 
     </span>
    </p>
   </div>
   <div class='ocr_carea' id='block_1_2' title="bbox 286 279 2145 916">
    <p class='ocr_par' dir='ltr' id='par_1_2' title="bbox 286 279 2145 916">
     <span class='ocr_line' id='line_1_2' title="bbox 286 279 2143 378; baseline 0.002 -41"><span class='ocrx_word' id='word_1_4' title='bbox 286 348 288 350; x_wconf 12' lang='lat' dir='ltr'>V</span> <span class='ocrx_word' id='word_1_5' title='bbox 328 283 384 337; x_wconf 72' lang='grc' dir='ltr'><em>ἓν</em></span> <span class='ocrx_word' id='word_1_6' title='bbox 417 279 455 356; x_wconf 80' lang='grc' dir='ltr'><strong><em>ἦ</em></strong></span> <span class='ocrx_word' id='word_1_7' title='bbox 487 283 519 337; x_wconf 78' lang='grc' dir='ltr'><em>ὅ</em></span> <span class='ocrx_word' id='word_1_8' title='bbox 557 283 766 353; x_wconf 78' lang='grc' dir='ltr'><strong><em>Χριστὸς</em></strong></span> <span class='ocrx_word' id='word_1_9' title='bbox 799 281 1009 371; x_wconf 76' lang='grc' dir='ltr'><strong><em>ἐκήρυξε</em></strong></span> <span class='ocrx_word' id='word_1_10' title='bbox 1037 305 1133 351; x_wconf 87' lang='grc' dir='ltr'><strong><em>την</em></strong></span> <span class='ocrx_word' id='word_1_11' title='bbox 1169 306 1353 352; x_wconf 85' lang='grc' dir='ltr'><strong><em>καινην</em></strong></span> <span class='ocrx_word' id='word_1_12' title='bbox 1386 291 1478 339; x_wconf 77' lang='grc' dir='ltr'><strong><em>τοῦ</em></strong></span> <span class='ocrx_word' id='word_1_13' title='bbox 1514 283 1828 378; x_wconf 81' lang='grc' dir='ltr'><strong><em>κηρύγματος</em></strong></span> <span class='ocrx_word' id='word_1_14' title='bbox 1871 284 2143 372; x_wconf 81' lang='grc' dir='ltr'><strong><em>διαθήκην.</em></strong></span> 
     </span>
     <span class='ocr_line' id='line_1_3' title="bbox 329 352 2145 448; baseline 0.003 -42"><span class='ocrx_word' id='word_1_15' title='bbox 329 354 513 422; x_wconf 79' lang='grc' dir='ltr'><strong><em>ταύτης</em></strong></span> <span class='ocrx_word' id='word_1_16' title='bbox 538 355 593 408; x_wconf 86' lang='grc' dir='ltr'><em>δὲ</em></span> <span class='ocrx_word' id='word_1_17' title='bbox 618 360 708 422; x_wconf 77' lang='grc' dir='ltr'><em>τῆς</em></span> <span class='ocrx_word' id='word_1_18' title='bbox 730 353 1024 431; x_wconf 78' lang='grc' dir='ltr'><em>ἑβδομάδος</em></span> <span class='ocrx_word' id='word_1_19' title='bbox 1030 356 1084 407; x_wconf 81' lang='grc' dir='ltr'><em>ἐν</em></span> <span class='ocrx_word' id='word_1_20' title='bbox 1107 360 1176 425; x_wconf 82' lang='grc' dir='ltr'><strong><em>τῷ</em></strong></span> <span class='ocrx_word' id='word_1_21' title='bbox 1199 356 1368 445; x_wconf 70' lang='grc' dir='ltr'><strong><em>ἡμίσει</em></strong></span> <span class='ocrx_word' id='word_1_22' title='bbox 1390 352 1550 423; x_wconf 71' lang='grc' dir='ltr'><strong><em>ἦλθεν</em></strong></span> <span class='ocrx_word' id='word_1_23' title='bbox 1575 359 1655 409; x_wconf 81' lang='grc' dir='ltr'><em>ἐπὶ</em></span> <span class='ocrx_word' id='word_1_24' title='bbox 1680 356 1736 411; x_wconf 85' lang='grc' dir='ltr'>τὸ</span> <span class='ocrx_word' id='word_1_25' title='bbox 1758 355 2029 448; x_wconf 80' lang='grc' dir='ltr'><strong><em>μυστήριον</em></strong></span> <span class='ocrx_word' id='word_1_26' title='bbox 2051 364 2145 411; x_wconf 81' lang='grc' dir='ltr'><strong><em>τοῦ</em></strong></span> 
     </span>
     <span class='ocr_line' id='line_1_4' title="bbox 327 418 2144 515; baseline 0.003 -39"><span class='ocrx_word' id='word_1_27' title='bbox 327 423 532 487; x_wconf 77' lang='grc' dir='ltr'><strong><em>παθους</em></strong></span> <span class='ocrx_word' id='word_1_28' title='bbox 557 426 583 479; x_wconf 83' lang='grc' dir='ltr'><em>ὅ</em></span> <span class='ocrx_word' id='word_1_29' title='bbox 608 424 769 492; x_wconf 88' lang='grc' dir='ltr'><strong><em>σωτηρ</em></strong></span> <span class='ocrx_word' id='word_1_30' title='bbox 799 426 884 476; x_wconf 83' lang='grc' dir='ltr'><em>καὶ</em></span> <span class='ocrx_word' id='word_1_31' title='bbox 917 418 1093 491; x_wconf 85' lang='grc' dir='ltr'><strong><em>κύριος</em></strong></span> <span class='ocrx_word' id='word_1_32' title='bbox 1118 426 1264 491; x_wconf 79' lang='grc' dir='ltr'><strong><em>ημῶν</em></strong></span> <span class='ocrx_word' id='word_1_33' title='bbox 1285 423 1474 493; x_wconf 86' lang='grc' dir='ltr'><strong><em>Ἰησους</em></strong></span> <span class='ocrx_word' id='word_1_34' title='bbox 1502 427 1740 495; x_wconf 76' lang='grc' dir='ltr'><strong><em>Χριστός,</em></strong></span> <span class='ocrx_word' id='word_1_35' title='bbox 1777 429 1831 480; x_wconf 79' lang='grc' dir='ltr'><em>ἓν</em></span> <span class='ocrx_word' id='word_1_36' title='bbox 1853 432 1884 499; x_wconf 79' lang='grc' dir='ltr'>ᾑ</span> <span class='ocrx_word' id='word_1_37' title='bbox 1912 427 2061 515; x_wconf 80' lang='grc' dir='ltr'><strong><em>’ἤρθη</em></strong></span> <span class='ocrx_word' id='word_1_38' title='bbox 2090 430 2144 482; x_wconf 77' lang='grc' dir='ltr'><em>ἐκ</em></span> 
     </span>
     <span class='ocr_line' id='line_1_5' title="bbox 329 493 2145 586; baseline 0.001 -38"><span class='ocrx_word' id='word_1_39' title='bbox 329 496 482 563; x_wconf 80' lang='grc' dir='ltr'><strong><em>μέσου</em></strong></span> <span class='ocrx_word' id='word_1_40' title='bbox 506 518 538 562; x_wconf 85' lang='grc' dir='ltr'><strong><em>η</em></strong></span> <span class='ocrx_word' id='word_1_41' title='bbox 569 493 651 546; x_wconf 77' lang='grc' dir='ltr'><em>διοέ</em></span> <span class='ocrx_word' id='word_1_42' title='bbox 679 495 944 556; x_wconf 79' lang='grc' dir='ltr'><strong><em>Μωῦσὲως</em></strong></span> <span class='ocrx_word' id='word_1_43' title='bbox 967 497 1345 563; x_wconf 81' lang='grc' dir='ltr'><strong><em>παραδεδομένη</em></strong></span> <span class='ocrx_word' id='word_1_44' title='bbox 1376 501 1586 582; x_wconf 77' lang='grc' dir='ltr'><strong><em>λατρεία.</em></strong></span> <span class='ocrx_word' id='word_1_45' title='bbox 1636 500 1691 549; x_wconf 84' lang='grc' dir='ltr'><em>αἱ</em></span> <span class='ocrx_word' id='word_1_46' title='bbox 1713 498 1766 550; x_wconf 80' lang='grc' dir='ltr'><em>δὲ</em></span> <span class='ocrx_word' id='word_1_47' title='bbox 1789 496 1846 549; x_wconf 86' lang='lat' dir='ltr'><em>o&#39;.</em></span> <span class='ocrx_word' id='word_1_48' title='bbox 1874 496 2145 586; x_wconf 83' lang='grc' dir='ltr'><strong><em>ἓβδομαδες</em></strong></span> 
     </span>
     <span class='ocr_line' id='line_1_6' title="bbox 329 564 2145 635; baseline 0.001 -17"><span class='ocrx_word' id='word_1_49' title='bbox 329 568 401 627; x_wconf 82' lang='grc' dir='ltr'><strong><em>εἰς</em></strong></span> <span class='ocrx_word' id='word_1_50' title='bbox 442 564 530 618; x_wconf 74' lang='grc' dir='ltr'><strong><em>τόν</em></strong></span> <span class='ocrx_word' id='word_1_51' title='bbox 575 565 658 616; x_wconf 78' lang='grc' dir='ltr'><em>ἐπὶ</em></span> <span class='ocrx_word' id='word_1_52' title='bbox 703 569 926 632; x_wconf 86' lang='grc' dir='ltr'><strong><em>Χριστου</em></strong></span> <span class='ocrx_word' id='word_1_53' title='bbox 961 571 1309 619; x_wconf 85' lang='grc' dir='ltr'><strong><em>συντελοῦνται</em></strong></span> <span class='ocrx_word' id='word_1_54' title='bbox 1355 565 1541 635; x_wconf 85' lang='grc' dir='ltr'><strong><em>χρόνον</em></strong></span> <span class='ocrx_word' id='word_1_55' title='bbox 1578 566 1701 620; x_wconf 78' lang='grc' dir='ltr'><strong><em>κατοέ</em></strong></span> <span class='ocrx_word' id='word_1_56' title='bbox 1740 588 1859 629; x_wconf 86' lang='grc' dir='ltr'><strong><em>τους</em></strong></span> <span class='ocrx_word' id='word_1_57' title='bbox 1894 565 2145 621; x_wconf 84' lang='grc' dir='ltr'><strong><em>Ἰουδαίων</em></strong></span> 
     </span>
     <span class='ocr_line' id='line_1_7' title="bbox 328 632 2144 723; baseline 0.001 -35"><span class='ocrx_word' id='word_1_58' title='bbox 328 632 596 723; x_wconf 65' lang='grc' dir='ltr'><strong><em>ἀριθμούς.</em></strong></span> <span class='ocrx_word' id='word_1_59' title='bbox 647 635 828 688; x_wconf 78' lang='grc' dir='ltr'><strong><em>ἐκεῖνοι</em></strong></span> <span class='ocrx_word' id='word_1_60' title='bbox 847 634 938 705; x_wconf 78' lang='grc' dir='ltr'><em>γοῖρ</em></span> <span class='ocrx_word' id='word_1_61' title='bbox 963 657 1087 688; x_wconf 81' lang='grc' dir='ltr'><strong><em>κατα</em></strong></span> <span class='ocrx_word' id='word_1_62' title='bbox 1107 635 1189 689; x_wconf 82' lang='grc' dir='ltr'><strong><em>τὸν</em></strong></span> <span class='ocrx_word' id='word_1_63' title='bbox 1214 636 1508 703; x_wconf 81' lang='grc' dir='ltr'><strong><em>σεληνιακόν</em></strong></span> <span class='ocrx_word' id='word_1_64' title='bbox 1534 635 1722 706; x_wconf 85' lang='grc' dir='ltr'><strong><em>δρόμον</em></strong></span> <span class='ocrx_word' id='word_1_65' title='bbox 1745 637 1864 700; x_wconf 79' lang='grc' dir='ltr'><strong><em>τούς</em></strong></span> <span class='ocrx_word' id='word_1_66' title='bbox 1883 638 2144 700; x_wconf 76' lang='grc' dir='ltr'><strong><em>ἐνιαυτούς</em></strong></span> 
     </span>
     <span class='ocr_line' id='line_1_8' title="bbox 327 703 2142 791; baseline 0.002 -35"><span class='ocrx_word' id='word_1_67' title='bbox 327 703 667 773; x_wconf 71' lang='grc' dir='ltr'><strong><em>ἄριθμοῦσιν,</em></strong></span> <span class='ocrx_word' id='word_1_68' title='bbox 707 703 777 766; x_wconf 83' lang='grc' dir='ltr'><em>ω’ς</em></span> <span class='ocrx_word' id='word_1_69' title='bbox 800 707 936 757; x_wconf 74' lang='grc' dir='ltr'><strong><em>ἐστι.</em></strong></span> <span class='ocrx_word' id='word_1_70' title='bbox 924 703 1186 791; x_wconf 81' lang='grc' dir='ltr'><strong><em>πρόχειρον</em></strong></span> <span class='ocrx_word' id='word_1_71' title='bbox 1214 710 1370 759; x_wconf 83' lang='grc' dir='ltr'><strong><em>εἰπεῖν</em></strong></span> <span class='ocrx_word' id='word_1_72' title='bbox 1394 707 1482 760; x_wconf 77' lang='grc' dir='ltr'><strong><em>τόν</em></strong></span> <span class='ocrx_word' id='word_1_73' title='bbox 1509 713 1644 775; x_wconf 80' lang='grc' dir='ltr'><strong><em>μῆνα</em></strong></span> <span class='ocrx_word' id='word_1_74' title='bbox 1667 709 1869 776; x_wconf 71' lang='grc' dir='ltr'><strong><em>ἡμερῶν</em></strong></span> <span class='ocrx_word' id='word_1_75' title='bbox 1892 706 2020 760; x_wconf 80' lang='grc' dir='ltr'><strong><em>εἶναι</em></strong></span> <span class='ocrx_word' id='word_1_76' title='bbox 2041 707 2142 760; x_wconf 81' lang='grc' dir='ltr'><strong><em>κθ’.</em></strong></span> 
     </span>
     <span class='ocr_line' id='line_1_9' title="bbox 322 774 2144 845; baseline 0.003 -19"><span class='ocrx_word' id='word_1_77' title='bbox 322 789 393 826; x_wconf 66' lang='lat' dir='ltr'>Q</span> <span class='ocrx_word' id='word_1_78' title='bbox 411 798 478 837; x_wconf 89' lang='grc' dir='ltr'><strong><em>ως</em></strong></span> <span class='ocrx_word' id='word_1_79' title='bbox 499 797 587 828; x_wconf 88' lang='grc' dir='ltr'><strong><em>του</em></strong></span> <span class='ocrx_word' id='word_1_80' title='bbox 569 775 820 841; x_wconf 79' lang='grc' dir='ltr'><strong><em>ηλιακοῦ</em></strong></span> <span class='ocrx_word' id='word_1_81' title='bbox 845 774 969 828; x_wconf 71' lang='lat' dir='ltr'><em>min)</em></span> <span class='ocrx_word' id='word_1_82' title='bbox 974 798 1032 829; x_wconf 90' lang='lat' dir='ltr'><em>ov</em></span> <span class='ocrx_word' id='word_1_83' title='bbox 1053 774 1354 845; x_wconf 82' lang='grc' dir='ltr'><strong><em>ἐπαρχοντος</em></strong></span> <span class='ocrx_word' id='word_1_84' title='bbox 1372 775 1463 840; x_wconf 60' lang='lat' dir='ltr'><em>‘nge&#39;</em></span> <span class='ocrx_word' id='word_1_85' title='bbox 1481 780 1566 830; x_wconf 79' lang='grc' dir='ltr'><em>καὶ</em></span> <span class='ocrx_word' id='word_1_86' title='bbox 1588 775 1643 831; x_wconf 87' lang='grc' dir='ltr'><strong><em>δ’.</em></strong></span> <span class='ocrx_word' id='word_1_87' title='bbox 1657 799 1745 831; x_wconf 87' lang='grc' dir='ltr'><strong><em>του</em></strong></span> <span class='ocrx_word' id='word_1_88' title='bbox 1764 778 1818 831; x_wconf 82' lang='grc' dir='ltr'><em>δὲ</em></span> <span class='ocrx_word' id='word_1_89' title='bbox 1847 783 2144 845; x_wconf 80' lang='grc' dir='ltr'><strong><em>σεληνιακοῦ</em></strong></span> 
     </span>
     <span class='ocr_line' id='line_1_10' title="bbox 322 843 2143 916; baseline 0.001 -17"><span class='ocrx_word' id='word_1_90' title='bbox 322 845 441 899; x_wconf 83' lang='grc' dir='ltr'><strong><em>τνδ’.</em></strong></span> <span class='ocrx_word' id='word_1_91' title='bbox 458 848 528 908; x_wconf 84' lang='grc' dir='ltr'><strong><em>εἰς</em></strong></span> <span class='ocrx_word' id='word_1_92' title='bbox 545 843 628 898; x_wconf 85' lang='grc' dir='ltr'><em>τόν</em></span> <span class='ocrx_word' id='word_1_93' title='bbox 657 845 711 898; x_wconf 80' lang='grc' dir='ltr'><em>δὲ</em></span> <span class='ocrx_word' id='word_1_94' title='bbox 730 845 1066 913; x_wconf 81' lang='grc' dir='ltr'><strong><em>σεληνιακον’</em></strong></span> <span class='ocrx_word' id='word_1_95' title='bbox 1044 869 1271 900; x_wconf 87' lang='grc' dir='ltr'><strong><em>ενιαυτον</em></strong></span> <span class='ocrx_word' id='word_1_96' title='bbox 1295 847 1379 900; x_wconf 85' lang='grc' dir='ltr'><em>δια</em></span> <span class='ocrx_word' id='word_1_97' title='bbox 1403 854 1547 901; x_wconf 85' lang='grc' dir='ltr'><strong><em>τοῦτο</em></strong></span> <span class='ocrx_word' id='word_1_98' title='bbox 1555 848 1793 916; x_wconf 80' lang='grc' dir='ltr'><strong><em>Έλληνες</em></strong></span> <span class='ocrx_word' id='word_1_99' title='bbox 1808 850 1892 901; x_wconf 83' lang='grc' dir='ltr'><em>καὶ</em></span> <span class='ocrx_word' id='word_1_100' title='bbox 1914 847 2143 902; x_wconf 86' lang='grc' dir='ltr'><strong><em>Ἰουδαῖοι</em></strong></span> 
     </span>
    </p>
   </div>
   <div class='ocr_carea' id='block_1_3' title="bbox 163 916 2142 1057">
    <p class='ocr_par' dir='ltr' id='par_1_3' title="bbox 163 916 2142 1057">
     <span class='ocr_line' id='line_1_11' title="bbox 163 916 2140 988; baseline 0 -18"><span class='ocrx_word' id='word_1_101' title='bbox 163 925 217 970; x_wconf 87' lang='lat' dir='ltr'><em>V.</em></span> <span class='ocrx_word' id='word_1_102' title='bbox 241 926 296 970; x_wconf 85' lang='lat'><em>69</em></span> <span class='ocrx_word' id='word_1_103' title='bbox 323 924 454 985; x_wconf 80' lang='grc' dir='ltr'><strong><em>τρεῖς</em></strong></span> <span class='ocrx_word' id='word_1_104' title='bbox 475 938 636 985; x_wconf 87' lang='grc' dir='ltr'><strong><em>μηνας</em></strong></span> <span class='ocrx_word' id='word_1_105' title='bbox 662 917 1054 984; x_wconf 80' lang='grc' dir='ltr'><strong><em>ἕμβολιμαίους’</em></strong></span> <span class='ocrx_word' id='word_1_106' title='bbox 1038 919 1192 970; x_wconf 85' lang='grc' dir='ltr'><strong><em>ε’τεσιν</em></strong></span> <span class='ocrx_word' id='word_1_107' title='bbox 1215 916 1344 971; x_wconf 84' lang='grc' dir='ltr'><strong><em>ὄκτω</em></strong></span> <span class='ocrx_word' id='word_1_108' title='bbox 1363 918 1808 988; x_wconf 83' lang='grc' dir='ltr'><strong><em>παρεμβαλλουσιν.</em></strong></span> <span class='ocrx_word' id='word_1_109' title='bbox 1853 923 1971 968; x_wconf 85' lang='lat' dir='ltr'><em>Hoc</em></span> <span class='ocrx_word' id='word_1_110' title='bbox 1981 939 2140 986; x_wconf 77' lang='lat' dir='ltr'><em>porro</em></span> 
     </span>
     <span class='ocr_line' id='line_1_12' title="bbox 311 989 2142 1057; baseline 0.001 -20"><span class='ocrx_word' id='word_1_111' title='bbox 311 999 469 1057; x_wconf 77' lang='lat' dir='ltr'><em>pacto</em></span> <span class='ocrx_word' id='word_1_112' title='bbox 506 991 832 1053; x_wconf 79' lang='lat' dir='ltr'><em>septuaginta</em></span> <span class='ocrx_word' id='word_1_113' title='bbox 869 989 1205 1037; x_wconf 74' lang='lat' dir='ltr'><em>hebdomades</em></span> <span class='ocrx_word' id='word_1_114' title='bbox 1239 990 1527 1039; x_wconf 78' lang='lat' dir='ltr'><em>distribues.</em></span> <span class='ocrx_word' id='word_1_115' title='bbox 1607 991 1689 1038; x_wconf 74' lang='lat' dir='ltr'><em>Ac</em></span> <span class='ocrx_word' id='word_1_116' title='bbox 1721 1000 1903 1056; x_wconf 75' lang='lat' dir='ltr'><em>septem</em></span> <span class='ocrx_word' id='word_1_117' title='bbox 1941 991 2142 1056; x_wconf 83' lang='lat' dir='ltr'><em>quidem</em></span> 
     </span>
    </p>
   </div>
   <div class='ocr_carea' id='block_1_4' title="bbox 298 1059 2145 3446">
    <p class='ocr_par' dir='ltr' id='par_1_4' title="bbox 298 1059 2145 2183">
     <span class='ocr_line' id='line_1_13' title="bbox 313 1059 2142 1127; baseline 0.001 -19"><span class='ocrx_word' id='word_1_118' title='bbox 313 1070 435 1127; x_wconf 82' lang='lat' dir='ltr'><em>post</em></span> <span class='ocrx_word' id='word_1_119' title='bbox 470 1059 690 1106; x_wconf 87' lang='lat' dir='ltr'><em>reditum</em></span> <span class='ocrx_word' id='word_1_120' title='bbox 726 1078 750 1106; x_wconf 84' lang='lat' dir='ltr'><em>e</em></span> <span class='ocrx_word' id='word_1_121' title='bbox 787 1063 1104 1124; x_wconf 68' lang='lat' dir='ltr'><em>captivitate,</em></span> <span class='ocrx_word' id='word_1_122' title='bbox 1143 1078 1305 1125; x_wconf 86' lang='lat' dir='ltr'><em>usque</em></span> <span class='ocrx_word' id='word_1_123' title='bbox 1336 1060 1411 1109; x_wconf 85' lang='lat' dir='ltr'><em>ad</em></span> <span class='ocrx_word' id='word_1_124' title='bbox 1439 1065 1543 1110; x_wconf 90' lang='lat' dir='ltr'><em>Dei</em></span> <span class='ocrx_word' id='word_1_125' title='bbox 1573 1062 1750 1126; x_wconf 78' lang='lat' dir='ltr'><em>templi</em></span> <span class='ocrx_word' id='word_1_126' title='bbox 1773 1066 2142 1125; x_wconf 78' lang='lat' dir='ltr'><em>reparationem</em></span> 
     </span>
     <span class='ocr_line' id='line_1_14' title="bbox 322 1129 2142 1197; baseline 0.001 -18"><span class='ocrx_word' id='word_1_127' title='bbox 322 1132 621 1196; x_wconf 80' lang='lat' dir='ltr'><em>assignatis,</em></span> <span class='ocrx_word' id='word_1_128' title='bbox 659 1139 770 1176; x_wconf 84' lang='lat' dir='ltr'><em>tum</em></span> <span class='ocrx_word' id='word_1_129' title='bbox 793 1129 925 1177; x_wconf 88' lang='lat' dir='ltr'><em>duas</em></span> <span class='ocrx_word' id='word_1_130' title='bbox 948 1140 992 1177; x_wconf 90' lang='lat' dir='ltr'><em>et</em></span> <span class='ocrx_word' id='word_1_131' title='bbox 1013 1149 1155 1196; x_wconf 46' lang='lat' dir='ltr'><em>sexa&amp;</em></span> <span class='ocrx_word' id='word_1_132' title='bbox 1138 1134 1281 1179; x_wconf 87' lang='lat' dir='ltr'><em>inta</em></span> <span class='ocrx_word' id='word_1_133' title='bbox 1308 1149 1414 1180; x_wconf 86' lang='lat' dir='ltr'><em>una</em></span> <span class='ocrx_word' id='word_1_134' title='bbox 1440 1150 1556 1180; x_wconf 85' lang='lat' dir='ltr'><em>cum</em></span> <span class='ocrx_word' id='word_1_135' title='bbox 1577 1131 1794 1180; x_wconf 85' lang='lat' dir='ltr'><em>residuis</em></span> <span class='ocrx_word' id='word_1_136' title='bbox 1817 1141 1997 1197; x_wconf 81' lang='lat' dir='ltr'><em>septem</em></span> <span class='ocrx_word' id='word_1_137' title='bbox 2025 1143 2142 1181; x_wconf 86' lang='lat' dir='ltr'><em>tem-</em></span> 
     </span>
     <span class='ocr_line' id='line_1_15' title="bbox 313 1168 2143 1268; baseline 0.002 -19"><span class='ocrx_word' id='word_1_138' title='bbox 313 1205 436 1268; x_wconf 79' lang='lat' dir='ltr'><em>pori</em></span> <span class='ocrx_word' id='word_1_139' title='bbox 459 1218 624 1266; x_wconf 85' lang='lat' dir='ltr'><em>quo</em></span> <span class='ocrx_word' id='word_1_140' title='bbox 584 1198 631 1243; x_wconf 84' lang='lat'><em>(</em></span> <span class='ocrx_word' id='word_1_141' title='bbox 597 1200 780 1250; x_wconf 79' lang='lat' dir='ltr'><em>liristi</em></span> <span class='ocrx_word' id='word_1_142' title='bbox 803 1203 976 1248; x_wconf 85' lang='lat' dir='ltr'><em>Duces</em></span> <span class='ocrx_word' id='word_1_143' title='bbox 1005 1168 1325 1250; x_wconf 53' lang='lat' dir='ltr'><em>obtinbuerunt</em></span> <span class='ocrx_word' id='word_1_144' title='bbox 1346 1205 1702 1268; x_wconf 81' lang='lat' dir='ltr'><em>principatum</em></span> <span class='ocrx_word' id='word_1_145' title='bbox 1739 1203 2042 1266; x_wconf 71' lang='lat' dir='ltr'><em>imputabis:</em></span> <span class='ocrx_word' id='word_1_146' title='bbox 2080 1222 2143 1252; x_wconf 83' lang='lat' dir='ltr'><em>ac</em></span> 
     </span>
     <span class='ocr_line' id='line_1_16' title="bbox 320 1269 2141 1339; baseline 0.001 -18"><span class='ocrx_word' id='word_1_147' title='bbox 320 1269 680 1321; x_wconf 73' lang='lat' dir='ltr'><em>hebdomadem</em></span> <span class='ocrx_word' id='word_1_148' title='bbox 725 1270 927 1318; x_wconf 83' lang='lat' dir='ltr'><em>tandem</em></span> <span class='ocrx_word' id='word_1_149' title='bbox 973 1290 1131 1319; x_wconf 91' lang='lat' dir='ltr'><em>unam</em></span> <span class='ocrx_word' id='word_1_150' title='bbox 1172 1275 1339 1338; x_wconf 81' lang='lat' dir='ltr'><em>spatio</em></span> <span class='ocrx_word' id='word_1_151' title='bbox 1383 1274 1493 1336; x_wconf 84' lang='lat' dir='ltr'><em>illi,</em></span> <span class='ocrx_word' id='word_1_152' title='bbox 1543 1292 1639 1339; x_wconf 81' lang='lat' dir='ltr'><em>quo</em></span> <span class='ocrx_word' id='word_1_153' title='bbox 1683 1273 1919 1321; x_wconf 76' lang='lat' dir='ltr'><em>Christus</em></span> <span class='ocrx_word' id='word_1_154' title='bbox 1952 1293 2141 1322; x_wconf 87' lang='lat' dir='ltr'><em>nonum</em></span> 
     </span>
     <span class='ocr_line' id='line_1_17' title="bbox 319 1339 2141 1407; baseline 0.001 -15"><span class='ocrx_word' id='word_1_155' title='bbox 319 1343 662 1407; x_wconf 75' lang='lat' dir='ltr'><em>Evangelicae</em></span> <span class='ocrx_word' id='word_1_156' title='bbox 685 1339 946 1390; x_wconf 81' lang='lat' dir='ltr'><em>doctrinae</em></span> <span class='ocrx_word' id='word_1_157' title='bbox 949 1342 1148 1404; x_wconf 88' lang='lat' dir='ltr'><em>foedus</em></span> <span class='ocrx_word' id='word_1_158' title='bbox 1172 1345 1476 1392; x_wconf 66' lang='lat' dir='ltr'><em>enunciavit.</em></span> <span class='ocrx_word' id='word_1_159' title='bbox 1545 1345 1726 1392; x_wconf 85' lang='lat' dir='ltr'><em>Huius</em></span> <span class='ocrx_word' id='word_1_160' title='bbox 1752 1354 1923 1390; x_wconf 88' lang='lat' dir='ltr'><em>autem</em></span> <span class='ocrx_word' id='word_1_161' title='bbox 1949 1345 2141 1393; x_wconf 81' lang='lat' dir='ltr'><em>lzebdo-</em></span> 
     </span>
     <span class='ocr_line' id='line_1_18' title="bbox 318 1411 2140 1479; baseline -0.002 -17"><span class='ocrx_word' id='word_1_162' title='bbox 318 1413 502 1462; x_wconf 85' lang='lat' dir='ltr'><em>mados</em></span> <span class='ocrx_word' id='word_1_163' title='bbox 534 1411 696 1460; x_wconf 88' lang='lat' dir='ltr'><em>medio</em></span> <span class='ocrx_word' id='word_1_164' title='bbox 731 1411 806 1459; x_wconf 88' lang='lat' dir='ltr'><em>ad</em></span> <span class='ocrx_word' id='word_1_165' title='bbox 833 1416 1093 1478; x_wconf 84' lang='lat' dir='ltr'><em>passionis</em></span> <span class='ocrx_word' id='word_1_166' title='bbox 1120 1417 1415 1479; x_wconf 72' lang='lat' dir='ltr'><em>mysterium</em></span> <span class='ocrx_word' id='word_1_167' title='bbox 1447 1416 1686 1463; x_wconf 68' lang='lat' dir='ltr'><em>Salvator</em></span> <span class='ocrx_word' id='word_1_168' title='bbox 1711 1423 1756 1461; x_wconf 86' lang='lat' dir='ltr'><em>et</em></span> <span class='ocrx_word' id='word_1_169' title='bbox 1781 1413 2028 1463; x_wconf 82' lang='lat' dir='ltr'><em>Dominus</em></span> <span class='ocrx_word' id='word_1_170' title='bbox 2053 1434 2140 1464; x_wconf 87' lang='lat' dir='ltr'><em>no-</em></span> 
     </span>
     <span class='ocr_line' id='line_1_19' title="bbox 317 1480 2141 1550; baseline 0.001 -18"><span class='ocrx_word' id='word_1_171' title='bbox 317 1494 418 1532; x_wconf 80' lang='lat' dir='ltr'><em>ster</em></span> <span class='ocrx_word' id='word_1_172' title='bbox 459 1483 597 1533; x_wconf 86' lang='lat' dir='ltr'><em>Iesus</em></span> <span class='ocrx_word' id='word_1_173' title='bbox 641 1480 874 1548; x_wconf 77' lang='lat' dir='ltr'><em>Christus</em></span> <span class='ocrx_word' id='word_1_174' title='bbox 915 1487 1156 1549; x_wconf 84' lang='lat' dir='ltr'><em>accessit,</em></span> <span class='ocrx_word' id='word_1_175' title='bbox 1206 1503 1301 1550; x_wconf 83' lang='lat' dir='ltr'><em>quo</em></span> <span class='ocrx_word' id='word_1_176' title='bbox 1344 1494 1392 1532; x_wconf 84' lang='lat' dir='ltr'><em>t1</em></span> <span class='ocrx_word' id='word_1_177' title='bbox 1394 1484 1568 1533; x_wconf 86' lang='lat' dir='ltr'><em>aditus</em></span> <span class='ocrx_word' id='word_1_178' title='bbox 1599 1503 1747 1550; x_wconf 58' lang='lat' dir='ltr'><em>peri</em></span> <span class='ocrx_word' id='word_1_179' title='bbox 1728 1486 1932 1548; x_wconf 83' lang='lat' dir='ltr'><em>Moysen</em></span> <span class='ocrx_word' id='word_1_180' title='bbox 1969 1487 2141 1535; x_wconf 79' lang='lat' dir='ltr'><em>cultus</em></span> 
     </span>
     <span class='ocr_line' id='line_1_20' title="bbox 317 1552 2142 1623; baseline 0.003 -22"><span class='ocrx_word' id='word_1_181' title='bbox 317 1556 556 1602; x_wconf 79' lang='lat' dir='ltr'><em>sublatus</em></span> <span class='ocrx_word' id='word_1_182' title='bbox 590 1563 675 1604; x_wconf 88' lang='lat' dir='ltr'><em>est.</em></span> <span class='ocrx_word' id='word_1_183' title='bbox 735 1552 875 1620; x_wconf 85' lang='lat' dir='ltr'><em>(Alia</em></span> <span class='ocrx_word' id='word_1_184' title='bbox 909 1553 1131 1620; x_wconf 84' lang='lat' dir='ltr'><em>ratione)</em></span> <span class='ocrx_word' id='word_1_185' title='bbox 1169 1558 1492 1623; x_wconf 75' lang='lat' dir='ltr'><em>septuaginta</em></span> <span class='ocrx_word' id='word_1_186' title='bbox 1524 1554 1856 1603; x_wconf 79' lang='lat' dir='ltr'><em>hebdomades</em></span> <span class='ocrx_word' id='word_1_187' title='bbox 1884 1558 2030 1614; x_wconf 78' lang='lat' dir='ltr'><em>iuxta</em></span> <span class='ocrx_word' id='word_1_188' title='bbox 2059 1558 2142 1606; x_wconf 85' lang='lat' dir='ltr'><em>Iu-</em></span> 
     </span>
     <span class='ocr_line' id='line_1_21' title="bbox 315 1620 2145 1692; baseline 0.002 -20"><span class='ocrx_word' id='word_1_189' title='bbox 315 1624 559 1673; x_wconf 87' lang='lat' dir='ltr'><em>daeorum</em></span> <span class='ocrx_word' id='word_1_190' title='bbox 595 1625 817 1672; x_wconf 83' lang='lat' dir='ltr'><em>calculos</em></span> <span class='ocrx_word' id='word_1_191' title='bbox 852 1627 905 1672; x_wconf 85' lang='lat' dir='ltr'><em>in</em></span> <span class='ocrx_word' id='word_1_192' title='bbox 947 1627 1141 1674; x_wconf 76' lang='lat' dir='ltr'><em>Christi</em></span> <span class='ocrx_word' id='word_1_193' title='bbox 1177 1636 1373 1691; x_wconf 81' lang='lat' dir='ltr'><em>tempus</em></span> <span class='ocrx_word' id='word_1_194' title='bbox 1412 1625 1658 1678; x_wconf 87' lang='lat' dir='ltr'><em>desinunt.</em></span> <span class='ocrx_word' id='word_1_195' title='bbox 1731 1627 1820 1674; x_wconf 88' lang='lat' dir='ltr'><em>Illi</em></span> <span class='ocrx_word' id='word_1_196' title='bbox 1851 1620 2034 1692; x_wconf 80' lang='lat' dir='ltr'><em>quippe</em></span> <span class='ocrx_word' id='word_1_197' title='bbox 2067 1626 2145 1675; x_wconf 82' lang='lat' dir='ltr'><em>ad</em></span> 
     </span>
     <span class='ocr_line' id='line_1_22' title="bbox 313 1696 2140 1778; baseline 0.001 -34"><span class='ocrx_word' id='word_1_198' title='bbox 313 1700 544 1745; x_wconf 82' lang='lat' dir='ltr'><em>lunarem</em></span> <span class='ocrx_word' id='word_1_199' title='bbox 572 1713 779 1742; x_wconf 87' lang='lat' dir='ltr'><em>cursum</em></span> <span class='ocrx_word' id='word_1_200' title='bbox 803 1714 963 1743; x_wconf 88' lang='lat' dir='ltr'><em>annos</em></span> <span class='ocrx_word' id='word_1_201' title='bbox 991 1707 1316 1760; x_wconf 81' lang='lat' dir='ltr'><em>componunt,</em></span> <span class='ocrx_word' id='word_1_202' title='bbox 1354 1696 1479 1744; x_wconf 89' lang='lat' dir='ltr'><em>adeo</em></span> <span class='ocrx_word' id='word_1_203' title='bbox 1517 1707 1574 1745; x_wconf 90' lang='lat' dir='ltr'><em>ut</em></span> <span class='ocrx_word' id='word_1_204' title='bbox 1601 1714 1814 1744; x_wconf 89' lang='lat' dir='ltr'><em>mensem</em></span> <span class='ocrx_word' id='word_1_205' title='bbox 1833 1700 2027 1778; x_wconf 34' lang='lat' dir='ltr'><em>‘viginti</em></span> <span class='ocrx_word' id='word_1_206' title='bbox 2049 1716 2140 1746; x_wconf 89' lang='lat' dir='ltr'><em>no-</em></span> 
     </span>
     <span class='ocr_line' id='line_1_23' title="bbox 311 1765 2140 1833; baseline -0.002 -18"><span class='ocrx_word' id='word_1_207' title='bbox 311 1784 420 1815; x_wconf 64' lang='lat' dir='ltr'><em>vem</em></span> <span class='ocrx_word' id='word_1_208' title='bbox 446 1765 641 1813; x_wconf 88' lang='lat' dir='ltr'><em>dierum</em></span> <span class='ocrx_word' id='word_1_209' title='bbox 666 1784 779 1812; x_wconf 86' lang='lat' dir='ltr'><em>cum</em></span> <span class='ocrx_word' id='word_1_210' title='bbox 804 1765 965 1814; x_wconf 89' lang='lat' dir='ltr'><em>medio</em></span> <span class='ocrx_word' id='word_1_211' title='bbox 992 1767 1211 1831; x_wconf 77' lang='lat' dir='ltr'><em>expedite</em></span> <span class='ocrx_word' id='word_1_212' title='bbox 1237 1777 1495 1815; x_wconf 81' lang='lat' dir='ltr'><em>asserant:</em></span> <span class='ocrx_word' id='word_1_213' title='bbox 1533 1768 1694 1815; x_wconf 85' lang='lat' dir='ltr'><em>solari</em></span> <span class='ocrx_word' id='word_1_214' title='bbox 1712 1770 1958 1815; x_wconf 87' lang='lat' dir='ltr'><em>nimirum</em></span> <span class='ocrx_word' id='word_1_215' title='bbox 1971 1771 2140 1833; x_wconf 79' lang='lat' dir='ltr'><em>perio-</em></span> 
     </span>
     <span class='ocr_line' id='line_1_24' title="bbox 310 1835 2139 1903; baseline 0.002 -20"><span class='ocrx_word' id='word_1_216' title='bbox 310 1835 377 1883; x_wconf 89' lang='lat' dir='ltr'><em>do</em></span> <span class='ocrx_word' id='word_1_217' title='bbox 420 1835 597 1883; x_wconf 82' lang='lat' dir='ltr'><em>diebus</em></span> <span class='ocrx_word' id='word_1_218' title='bbox 633 1838 756 1890; x_wconf 84' lang='lat'><strong>365.</strong></span> <span class='ocrx_word' id='word_1_219' title='bbox 793 1854 906 1884; x_wconf 83' lang='lat' dir='ltr'><em>cum</em></span> <span class='ocrx_word' id='word_1_220' title='bbox 944 1836 1048 1884; x_wconf 87' lang='lat' dir='ltr'><em>diei</em></span> <span class='ocrx_word' id='word_1_221' title='bbox 1070 1847 1223 1902; x_wconf 79' lang='lat' dir='ltr'><em>parte</em></span> <span class='ocrx_word' id='word_1_222' title='bbox 1258 1839 1305 1892; x_wconf 82' lang='lat'><em>4.</em></span> <span class='ocrx_word' id='word_1_223' title='bbox 1344 1839 1595 1903; x_wconf 84' lang='lat' dir='ltr'><em>conflata.-</em></span> <span class='ocrx_word' id='word_1_224' title='bbox 1640 1841 1819 1886; x_wconf 86' lang='lat' dir='ltr'><em>lunari</em></span> <span class='ocrx_word' id='word_1_225' title='bbox 1849 1855 1963 1887; x_wconf 67' lang='lat' dir='ltr'><em>vero</em></span> <span class='ocrx_word' id='word_1_226' title='bbox 1994 1839 2139 1886; x_wconf 83' lang='lat' dir='ltr'><em>colli-</em></span> 
     </span>
     <span class='ocr_line' id='line_1_25' title="bbox 302 1904 2137 1972; baseline 0.002 -19"><span class='ocrx_word' id='word_1_227' title='bbox 302 1905 526 1971; x_wconf 77' lang='lat' dir='ltr'><em>gendae,</em></span> <span class='ocrx_word' id='word_1_228' title='bbox 561 1904 635 1954; x_wconf 90' lang='lat' dir='ltr'><em>ad</em></span> <span class='ocrx_word' id='word_1_229' title='bbox 662 1906 784 1960; x_wconf 82' lang='grc'><strong><em>354.</em></strong></span> <span class='ocrx_word' id='word_1_230' title='bbox 819 1909 1070 1971; x_wconf 79' lang='lat' dir='ltr'><em>impensis.</em></span> <span class='ocrx_word' id='word_1_231' title='bbox 1140 1911 1222 1955; x_wconf 84' lang='lat' dir='ltr'><em>Ex</em></span> <span class='ocrx_word' id='word_1_232' title='bbox 1252 1926 1350 1972; x_wconf 86' lang='lat' dir='ltr'><em>quo</em></span> <span class='ocrx_word' id='word_1_233' title='bbox 1373 1910 1447 1971; x_wconf 88' lang='lat' dir='ltr'><em>fit</em></span> <span class='ocrx_word' id='word_1_234' title='bbox 1484 1918 1543 1955; x_wconf 87' lang='lat' dir='ltr'><em>ut</em></span> <span class='ocrx_word' id='word_1_235' title='bbox 1579 1907 1654 1955; x_wconf 88' lang='lat' dir='ltr'><em>ad</em></span> <span class='ocrx_word' id='word_1_236' title='bbox 1681 1910 1911 1956; x_wconf 84' lang='lat' dir='ltr'><em>lunarem</em></span> <span class='ocrx_word' id='word_1_237' title='bbox 1943 1927 2137 1957; x_wconf 88' lang='lat' dir='ltr'><em>annum</em></span> 
     </span>
     <span class='ocr_line' id='line_1_26' title="bbox 298 1977 2138 2041; baseline 0.002 -18"><span class='ocrx_word' id='word_1_238' title='bbox 298 1986 420 2041; x_wconf 83' lang='lat' dir='ltr'><em>post</em></span> <span class='ocrx_word' id='word_1_239' title='bbox 436 1995 598 2024; x_wconf 88' lang='lat' dir='ltr'><em>annos</em></span> <span class='ocrx_word' id='word_1_240' title='bbox 620 1986 728 2024; x_wconf 86' lang='lat' dir='ltr'><em>octo</em></span> <span class='ocrx_word' id='word_1_241' title='bbox 754 1987 853 2024; x_wconf 88' lang='lat' dir='ltr'><em>tres</em></span> <span class='ocrx_word' id='word_1_242' title='bbox 868 1996 1054 2025; x_wconf 87' lang='lat' dir='ltr'><em>menses</em></span> <span class='ocrx_word' id='word_1_243' title='bbox 1068 1981 1314 2026; x_wconf 86' lang='lat' dir='ltr'><em>insititios</em></span> <span class='ocrx_word' id='word_1_244' title='bbox 1337 1997 1442 2026; x_wconf 89' lang='lat' dir='ltr'><em>una</em></span> <span class='ocrx_word' id='word_1_245' title='bbox 1467 1996 1583 2025; x_wconf 85' lang='lat' dir='ltr'><em>cum</em></span> <span class='ocrx_word' id='word_1_246' title='bbox 1598 1980 1806 2027; x_wconf 84' lang='lat' dir='ltr'><em>Graecis</em></span> <span class='ocrx_word' id='word_1_247' title='bbox 1825 1977 2005 2027; x_wconf 84' lang='lat' dir='ltr'><em>Iudaei</em></span> <span class='ocrx_word' id='word_1_248' title='bbox 2027 1979 2138 2027; x_wconf 86' lang='lat' dir='ltr'><em>ad·-</em></span> 
     </span>
     <span class='ocr_line' id='line_1_27' title="bbox 306 2047 2137 2100; baseline 0.004 -7"><span class='ocrx_word' id='word_1_249' title='bbox 306 2050 507 2095; x_wconf 77' lang='lat' dir='ltr'><em>iiciant.</em></span> <span class='ocrx_word' id='word_1_250' title='bbox 578 2047 801 2095; x_wconf 87' lang='lat' dir='ltr'><em>Secunda</em></span> <span class='ocrx_word' id='word_1_251' title='bbox 836 2047 958 2096; x_wconf 88' lang='lat' dir='ltr'><em>haec</em></span> <span class='ocrx_word' id='word_1_252' title='bbox 994 2049 1054 2096; x_wconf 88' lang='lat' dir='ltr'><em>de</em></span> <span class='ocrx_word' id='word_1_253' title='bbox 1085 2047 1485 2097; x_wconf 83' lang='lat' dir='ltr'><em>hebdomadibus</em></span> <span class='ocrx_word' id='word_1_254' title='bbox 1513 2049 1753 2098; x_wconf 86' lang='lat' dir='ltr'><em>sententia</em></span> <span class='ocrx_word' id='word_1_255' title='bbox 1781 2049 1992 2098; x_wconf 87' lang='lat' dir='ltr'><em>totidem</em></span> <span class='ocrx_word' id='word_1_256' title='bbox 2015 2067 2137 2100; x_wconf 84' lang='lat' dir='ltr'><em>ver-</em></span> 
     </span>
     <span class='ocr_line' id='line_1_28' title="bbox 305 2117 1357 2183; baseline 0.001 -17"><span class='ocrx_word' id='word_1_257' title='bbox 305 2117 381 2166; x_wconf 87' lang='lat' dir='ltr'><em>bis</em></span> <span class='ocrx_word' id='word_1_258' title='bbox 409 2118 469 2165; x_wconf 82' lang='lat' dir='ltr'><em>ab</em></span> <span class='ocrx_word' id='word_1_259' title='bbox 494 2117 727 2165; x_wconf 78' lang='lat' dir='ltr'><em>Africano</em></span> <span class='ocrx_word' id='word_1_260' title='bbox 754 2117 992 2166; x_wconf 82' lang='lat' dir='ltr'><em>scribitur</em></span> <span class='ocrx_word' id='word_1_261' title='bbox 1014 2136 1123 2183; x_wconf 86' lang='lat' dir='ltr'>pag.</span> <span class='ocrx_word' id='word_1_262' title='bbox 1151 2122 1272 2172; x_wconf 84' lang='grc'><strong><em>323.</em></strong></span> <span class='ocrx_word' id='word_1_263' title='bbox 1302 2120 1357 2171; x_wconf 89' lang='grc' dir='ltr'><strong><em>Β.</em></strong></span> 
     </span>
    </p>

    <p class='ocr_par' dir='ltr' id='par_1_5' title="bbox 308 2184 2139 2605">
     <span class='ocr_line' id='line_1_29' title="bbox 451 2184 2136 2256; baseline 0.002 -19"><span class='ocrx_word' id='word_1_264' title='bbox 451 2186 618 2255; x_wconf 82' lang='grc' dir='ltr'><strong><em>Μέχρι</em></strong></span> <span class='ocrx_word' id='word_1_265' title='bbox 657 2191 750 2254; x_wconf 79' lang='grc' dir='ltr'><em>τῆς</em></span> <span class='ocrx_word' id='word_1_266' title='bbox 783 2184 1078 2254; x_wconf 68' lang='grc' dir='ltr'><strong><em>Αὐγούστου</em></strong></span> <span class='ocrx_word' id='word_1_267' title='bbox 1111 2188 1196 2239; x_wconf 86' lang='grc' dir='ltr'><em>καὶ</em></span> <span class='ocrx_word' id='word_1_268' title='bbox 1225 2184 1488 2240; x_wconf 81' lang='grc' dir='ltr'><strong><em>Ἀντωνίου</em></strong></span> <span class='ocrx_word' id='word_1_269' title='bbox 1530 2188 1818 2256; x_wconf 68' lang='grc' dir='ltr'><strong><em>βασιλείας]</em></strong></span> <span class='ocrx_word' id='word_1_270' title='bbox 1873 2189 2136 2255; x_wconf 80' lang='lat' dir='ltr'><em>Quomodo</em></span> 
     </span>
     <span class='ocr_line' id='line_1_30' title="bbox 309 2258 2139 2324; baseline 0.003 -19"><span class='ocrx_word' id='word_1_271' title='bbox 309 2275 345 2305; x_wconf 87' lang='lat' dir='ltr'><em>a</em></span> <span class='ocrx_word' id='word_1_272' title='bbox 373 2276 524 2324; x_wconf 82' lang='lat' dir='ltr'><em>regno</em></span> <span class='ocrx_word' id='word_1_273' title='bbox 558 2258 801 2320; x_wconf 84' lang='lat' dir='ltr'><em>Antonii,</em></span> <span class='ocrx_word' id='word_1_274' title='bbox 841 2259 1014 2306; x_wconf 86' lang='lat' dir='ltr'><em>obiicit</em></span> <span class='ocrx_word' id='word_1_275' title='bbox 1040 2259 1283 2323; x_wconf 79' lang='lat' dir='ltr'><em>Scaliger:</em></span> <span class='ocrx_word' id='word_1_276' title='bbox 1319 2259 1542 2323; x_wconf 85' lang='lat' dir='ltr'><em>intelligo</em></span> <span class='ocrx_word' id='word_1_277' title='bbox 1566 2261 1629 2307; x_wconf 85' lang='lat' dir='ltr'><em>ad</em></span> <span class='ocrx_word' id='word_1_278' title='bbox 1652 2262 1756 2309; x_wconf 87' lang='lat' dir='ltr'><em>eius</em></span> <span class='ocrx_word' id='word_1_279' title='bbox 1788 2261 1939 2309; x_wconf 88' lang='lat' dir='ltr'><em>finem</em></span> <span class='ocrx_word' id='word_1_280' title='bbox 1960 2270 2009 2310; x_wconf 86' lang='lat' dir='ltr'><em>et</em></span> <span class='ocrx_word' id='word_1_281' title='bbox 2035 2262 2139 2310; x_wconf 89' lang='lat' dir='ltr'><em>An-</em></span> 
     </span>
     <span class='ocr_line' id='line_1_31' title="bbox 308 2296 2138 2418; baseline 0.003 -42"><span class='ocrx_word' id='word_1_282' title='bbox 308 2330 436 2376; x_wconf 88' lang='lat' dir='ltr'><em>tonii</em></span> <span class='ocrx_word' id='word_1_283' title='bbox 474 2329 682 2380; x_wconf 87' lang='lat' dir='ltr'><em>obitum.</em></span> <span class='ocrx_word' id='word_1_284' title='bbox 757 2296 949 2377; x_wconf 60' lang='lat' dir='ltr'><em>V&#39;ellem</em></span> <span class='ocrx_word' id='word_1_285' title='bbox 981 2338 1244 2395; x_wconf 84' lang='lat' dir='ltr'><em>propterea</em></span> <span class='ocrx_word' id='word_1_286' title='bbox 1271 2329 1357 2381; x_wconf 85' lang='grc' dir='ltr'><em>καὶ</em></span> <span class='ocrx_word' id='word_1_287' title='bbox 1382 2325 1650 2381; x_wconf 83' lang='grc' dir='ltr'><strong><em>Ἀντωνίου</em></strong></span> <span class='ocrx_word' id='word_1_288' title='bbox 1683 2339 2015 2418; x_wconf 84' lang='lat' dir='ltr'><em>expunctum.</em></span> <span class='ocrx_word' id='word_1_289' title='bbox 2053 2339 2138 2381; x_wconf 77' lang='lat' dir='ltr'><em>aut</em></span> 
     </span>
     <span class='ocr_line' id='line_1_32' title="bbox 309 2396 2137 2485; baseline 0.003 -37"><span class='ocrx_word' id='word_1_290' title='bbox 309 2399 666 2463; x_wconf 87' lang='lat' dir='ltr'><em>reponendum.</em></span> <span class='ocrx_word' id='word_1_291' title='bbox 725 2397 864 2467; x_wconf 80' lang='grc' dir='ltr'><strong><em>μέχρι</em></strong></span> <span class='ocrx_word' id='word_1_292' title='bbox 898 2398 1068 2460; x_wconf 81' lang='grc' dir='ltr'><strong><em>τέλους</em></strong></span> <span class='ocrx_word' id='word_1_293' title='bbox 1100 2404 1190 2466; x_wconf 85' lang='grc' dir='ltr'><em>τῆς</em></span> <span class='ocrx_word' id='word_1_294' title='bbox 1227 2396 1525 2485; x_wconf 70' lang='grc' dir='ltr'><strong><em>Αὐγούστου</em></strong></span> <span class='ocrx_word' id='word_1_295' title='bbox 1564 2399 1652 2451; x_wconf 81' lang='grc' dir='ltr'><em>καὶ</em></span> <span class='ocrx_word' id='word_1_296' title='bbox 1689 2397 1955 2453; x_wconf 78' lang='grc' dir='ltr'><strong><em>Ἀντωνίου</em></strong></span> <span class='ocrx_word' id='word_1_297' title='bbox 1991 2404 2137 2469; x_wconf 89' lang='grc' dir='ltr'><strong><em>βασι-</em></strong></span> 
     </span>
     <span class='ocr_line' id='line_1_33' title="bbox 309 2466 2136 2539; baseline 0.003 -20"><span class='ocrx_word' id='word_1_298' title='bbox 309 2470 469 2530; x_wconf 83' lang='grc' dir='ltr'><strong><em>λείας·</em></strong></span> <span class='ocrx_word' id='word_1_299' title='bbox 519 2477 604 2518; x_wconf 85' lang='lat' dir='ltr'><em>aut</em></span> <span class='ocrx_word' id='word_1_300' title='bbox 636 2469 851 2534; x_wconf 85' lang='lat' dir='ltr'><em>denique</em></span> <span class='ocrx_word' id='word_1_301' title='bbox 890 2468 1029 2538; x_wconf 84' lang='grc' dir='ltr'><strong><em>μέχρι</em></strong></span> <span class='ocrx_word' id='word_1_302' title='bbox 1061 2474 1151 2537; x_wconf 82' lang='grc' dir='ltr'><em>τῆς</em></span> <span class='ocrx_word' id='word_1_303' title='bbox 1184 2466 1483 2538; x_wconf 74' lang='grc' dir='ltr'><strong><em>Αὐγούστου</em></strong></span> <span class='ocrx_word' id='word_1_304' title='bbox 1523 2466 1686 2537; x_wconf 87' lang='grc' dir='ltr'><strong><em>μόνου</em></strong></span> <span class='ocrx_word' id='word_1_305' title='bbox 1725 2473 2005 2539; x_wconf 84' lang='grc' dir='ltr'><strong><em>βασιλείας,</em></strong></span> <span class='ocrx_word' id='word_1_306' title='bbox 2049 2471 2136 2524; x_wconf 73' lang='grc' dir='ltr'><em>καὶ</em></span> 
     </span>
     <span class='ocr_line' id='line_1_34' title="bbox 307 2534 838 2605; baseline 0.002 -16.006"><span class='ocrx_word' id='word_1_307' title='bbox 307 2534 572 2591; x_wconf 82' lang='grc' dir='ltr'><strong><em>Ἀντωνίου</em></strong></span> <span class='ocrx_word' id='word_1_308' title='bbox 594 2544 838 2605; x_wconf 84' lang='grc' dir='ltr'><strong><em>τελευτῆς.</em></strong></span> 
     </span>
    </p>

    <p class='ocr_par' dir='ltr' id='par_1_6' title="bbox 307 2605 2135 3446">
     <span class='ocr_line' id='line_1_35' title="bbox 448 2605 2133 2677; baseline 0.001 -18.007"><span class='ocrx_word' id='word_1_309' title='bbox 448 2605 572 2662; x_wconf 80' lang='grc' dir='ltr'><em>Ἀπο</em></span> <span class='ocrx_word' id='word_1_310' title='bbox 617 2608 672 2661; x_wconf 83' lang='grc' dir='ltr'><em>δὲ</em></span> <span class='ocrx_word' id='word_1_311' title='bbox 714 2612 918 2671; x_wconf 77' lang='grc' dir='ltr'><strong><em>κτίσεως</em></strong></span> <span class='ocrx_word' id='word_1_312' title='bbox 954 2605 1187 2677; x_wconf 85' lang='grc' dir='ltr'><strong><em>Ῥωμης.]</em></strong></span> <span class='ocrx_word' id='word_1_313' title='bbox 1251 2612 1411 2660; x_wconf 85' lang='lat' dir='ltr'><em>Recta</em></span> <span class='ocrx_word' id='word_1_314' title='bbox 1456 2613 1589 2660; x_wconf 85' lang='lat' dir='ltr'><em>ratio</em></span> <span class='ocrx_word' id='word_1_315' title='bbox 1608 2649 1623 2674; x_wconf 91' lang='lat'><em>,</em></span> <span class='ocrx_word' id='word_1_316' title='bbox 1669 2611 1844 2661; x_wconf 87' lang='lat' dir='ltr'><em>scribit</em></span> <span class='ocrx_word' id='word_1_317' title='bbox 1886 2612 1974 2660; x_wconf 83' lang='lat' dir='ltr'><em>ille</em></span> <span class='ocrx_word' id='word_1_318' title='bbox 2018 2611 2133 2662; x_wconf 67' lang='lat' dir='ltr'><em>Not„</em></span> 
     </span>
     <span class='ocr_line' id='line_1_36' title="bbox 308 2679 2135 2747; baseline 0.001 -20"><span class='ocrx_word' id='word_1_319' title='bbox 308 2696 419 2746; x_wconf 83' lang='lat' dir='ltr'><em>pag.</em></span> <span class='ocrx_word' id='word_1_320' title='bbox 456 2685 576 2733; x_wconf 84' lang='lat'><strong>260.</strong></span> <span class='ocrx_word' id='word_1_321' title='bbox 612 2683 857 2729; x_wconf 87' lang='lat' dir='ltr'><em>nimirum</em></span> <span class='ocrx_word' id='word_1_322' title='bbox 879 2679 954 2729; x_wconf 88' lang='lat' dir='ltr'><em>ad</em></span> <span class='ocrx_word' id='word_1_323' title='bbox 962 2684 1195 2746; x_wconf 78' lang='lat' dir='ltr'><em>primum</em></span> <span class='ocrx_word' id='word_1_324' title='bbox 1231 2700 1422 2730; x_wconf 86' lang='lat' dir='ltr'><em>annum</em></span> <span class='ocrx_word' id='word_1_325' title='bbox 1446 2682 1818 2747; x_wconf 79' lang='lat' dir='ltr'><em>Augustorum.</em></span> <span class='ocrx_word' id='word_1_326' title='bbox 1887 2682 1947 2731; x_wconf 90' lang='lat' dir='ltr'><em>A</em></span> <span class='ocrx_word' id='word_1_327' title='bbox 1976 2692 2135 2730; x_wconf 85' lang='lat' dir='ltr'><em>morte</em></span> 
     </span>
     <span class='ocr_line' id='line_1_37' title="bbox 308 2749 2131 2819; baseline 0.001 -22"><span class='ocrx_word' id='word_1_328' title='bbox 308 2759 479 2797; x_wconf 84' lang='lat' dir='ltr'><em>autem</em></span> <span class='ocrx_word' id='word_1_329' title='bbox 510 2749 733 2798; x_wconf 86' lang='lat' dir='ltr'><em>Antonii</em></span> <span class='ocrx_word' id='word_1_330' title='bbox 767 2755 892 2800; x_wconf 83' lang='lat' dir='ltr'><em>anni</em></span> <span class='ocrx_word' id='word_1_331' title='bbox 929 2758 1285 2817; x_wconf 82' lang='lat' dir='ltr'><em>Augustorum</em></span> <span class='ocrx_word' id='word_1_332' title='bbox 1343 2752 1529 2819; x_wconf 91' lang='lat' dir='ltr'><em>(verius</em></span> <span class='ocrx_word' id='word_1_333' title='bbox 1574 2753 1864 2818; x_wconf 83' lang='lat' dir='ltr'><em>protulisset</em></span> <span class='ocrx_word' id='word_1_334' title='bbox 1898 2751 2131 2819; x_wconf 86' lang='lat' dir='ltr'><em>Augusti)</em></span> 
     </span>
     <span class='ocr_line' id='line_1_38' title="bbox 308 2819 2134 2888; baseline 0.001 -19"><span class='ocrx_word' id='word_1_335' title='bbox 308 2819 519 2869; x_wconf 78' lang='lat' dir='ltr'><em>Actiaci</em></span> <span class='ocrx_word' id='word_1_336' title='bbox 544 2831 829 2884; x_wconf 78' lang='lat' dir='ltr'><em>putantur.-</em></span> <span class='ocrx_word' id='word_1_337' title='bbox 875 2823 1143 2887; x_wconf 87' lang='lat' dir='ltr'><em>scripserat</em></span> <span class='ocrx_word' id='word_1_338' title='bbox 1164 2823 1294 2871; x_wconf 88' lang='lat' dir='ltr'><em>linea</em></span> <span class='ocrx_word' id='word_1_339' title='bbox 1318 2824 1586 2888; x_wconf 84' lang='lat' dir='ltr'><em>superiore.</em></span> <span class='ocrx_word' id='word_1_340' title='bbox 1651 2823 1692 2870; x_wconf 91' lang='lat' dir='ltr'>F</span> <span class='ocrx_word' id='word_1_341' title='bbox 1694 2822 1844 2871; x_wconf 85' lang='lat' dir='ltr'><em>alsam</em></span> <span class='ocrx_word' id='word_1_342' title='bbox 1865 2829 2029 2870; x_wconf 83' lang='lat' dir='ltr'><em>tamen</em></span> <span class='ocrx_word' id='word_1_343' title='bbox 2049 2839 2134 2871; x_wconf 87' lang='lat' dir='ltr'><em>re·-</em></span> 
     </span>
     <span class='ocr_line' id='line_1_39' title="bbox 308 2891 2132 2957; baseline 0.001 -19"><span class='ocrx_word' id='word_1_344' title='bbox 308 2891 447 2957; x_wconf 88' lang='lat' dir='ltr'><em>perio</em></span> <span class='ocrx_word' id='word_1_345' title='bbox 485 2891 727 2939; x_wconf 84' lang='lat' dir='ltr'><em>rationem</em></span> <span class='ocrx_word' id='word_1_346' title='bbox 757 2893 1022 2956; x_wconf 87' lang='lat' dir='ltr'><em>eiusmodi,</em></span> <span class='ocrx_word' id='word_1_347' title='bbox 1059 2893 1162 2942; x_wconf 88' lang='lat' dir='ltr'><em>sive</em></span> <span class='ocrx_word' id='word_1_348' title='bbox 1203 2894 1266 2941; x_wconf 83' lang='lat' dir='ltr'><em>ad</em></span> <span class='ocrx_word' id='word_1_349' title='bbox 1299 2894 1524 2956; x_wconf 88' lang='lat' dir='ltr'><em>Eusebii,</em></span> <span class='ocrx_word' id='word_1_350' title='bbox 1558 2893 1663 2941; x_wconf 88' lang='lat' dir='ltr'><em>sive</em></span> <span class='ocrx_word' id='word_1_351' title='bbox 1702 2892 1765 2939; x_wconf 82' lang='lat' dir='ltr'><em>ad</em></span> <span class='ocrx_word' id='word_1_352' title='bbox 1799 2891 1995 2956; x_wconf 87' lang='lat' dir='ltr'><em>Georgii</em></span> <span class='ocrx_word' id='word_1_353' title='bbox 2019 2910 2132 2940; x_wconf 86' lang='lat' dir='ltr'><em>sen-</em></span> 
     </span>
     <span class='ocr_line' id='line_1_40' title="bbox 307 2961 2129 3028; baseline 0.002 -21"><span class='ocrx_word' id='word_1_354' title='bbox 307 2961 514 3008; x_wconf 84' lang='lat' dir='ltr'><em>tentiam</em></span> <span class='ocrx_word' id='word_1_355' title='bbox 536 2968 585 3008; x_wconf 86' lang='lat' dir='ltr'><em>et</em></span> <span class='ocrx_word' id='word_1_356' title='bbox 617 2962 837 3011; x_wconf 87' lang='lat' dir='ltr'><em>calculos</em></span> <span class='ocrx_word' id='word_1_357' title='bbox 865 2981 970 3011; x_wconf 80' lang='lat' dir='ltr'><em>eam</em></span> <span class='ocrx_word' id='word_1_358' title='bbox 1007 2963 1497 3013; x_wconf 81' lang='lat' dir='ltr'><em>accommodaverim.</em></span> <span class='ocrx_word' id='word_1_359' title='bbox 1568 2962 1648 3010; x_wconf 82' lang='lat' dir='ltr'><em>Ad</em></span> <span class='ocrx_word' id='word_1_360' title='bbox 1681 2961 1877 3010; x_wconf 90' lang='lat' dir='ltr'><em>Eusebii</em></span> <span class='ocrx_word' id='word_1_361' title='bbox 1913 2962 2129 3028; x_wconf 87' lang='lat' dir='ltr'><em>quidem,</em></span> 
     </span>
     <span class='ocr_line' id='line_1_41' title="bbox 310 3031 2132 3096; baseline 0.001 -17"><span class='ocrx_word' id='word_1_362' title='bbox 310 3031 400 3096; x_wconf 88' lang='lat' dir='ltr'><em>qui</em></span> <span class='ocrx_word' id='word_1_363' title='bbox 419 3032 622 3078; x_wconf 86' lang='lat' dir='ltr'><em>Romam</em></span> <span class='ocrx_word' id='word_1_364' title='bbox 646 3032 709 3079; x_wconf 83' lang='lat' dir='ltr'><em>ad</em></span> <span class='ocrx_word' id='word_1_365' title='bbox 738 3033 1170 3082; x_wconf 84' lang='lat' dir='ltr'><em>annum-Abrahae</em></span> <span class='ocrx_word' id='word_1_366' title='bbox 1202 3034 1354 3087; x_wconf 82' lang='grc'><strong><em>1264.</em></strong></span> <span class='ocrx_word' id='word_1_367' title='bbox 1381 3033 1657 3093; x_wconf 86' lang='lat' dir='ltr'><em>conditam,</em></span> <span class='ocrx_word' id='word_1_368' title='bbox 1692 3031 1899 3081; x_wconf 89' lang='lat' dir='ltr'><em>Antonii</em></span> <span class='ocrx_word' id='word_1_369' title='bbox 1918 3040 2132 3081; x_wconf 85' lang='lat' dir='ltr'><em>mortem</em></span> 
     </span>
     <span class='ocr_line' id='line_1_42' title="bbox 312 3101 2129 3168; baseline 0.001 -19"><span class='ocrx_word' id='word_1_370' title='bbox 312 3101 377 3150; x_wconf 83' lang='lat' dir='ltr'><em>ad</em></span> <span class='ocrx_word' id='word_1_371' title='bbox 417 3104 567 3156; x_wconf 81' lang='lat'><strong>1988.</strong></span> <span class='ocrx_word' id='word_1_372' title='bbox 599 3102 774 3164; x_wconf 89' lang='lat' dir='ltr'><em>refert,</em></span> <span class='ocrx_word' id='word_1_373' title='bbox 809 3102 910 3150; x_wconf 90' lang='lat' dir='ltr'><em>hoc</em></span> <span class='ocrx_word' id='word_1_374' title='bbox 938 3112 1009 3151; x_wconf 87' lang='lat' dir='ltr'><em>est</em></span> <span class='ocrx_word' id='word_1_375' title='bbox 1042 3104 1104 3151; x_wconf 84' lang='lat' dir='ltr'><em>ad</em></span> <span class='ocrx_word' id='word_1_376' title='bbox 1138 3103 1435 3168; x_wconf 85' lang='lat' dir='ltr'><em>posteriores</em></span> <span class='ocrx_word' id='word_1_377' title='bbox 1466 3102 1587 3156; x_wconf 84' lang='grc'><strong><em>724.</em></strong></span> <span class='ocrx_word' id='word_1_378' title='bbox 1612 3118 1793 3150; x_wconf 85' lang='lat' dir='ltr'><em>annos:</em></span> <span class='ocrx_word' id='word_1_379' title='bbox 1832 3103 1896 3150; x_wconf 86' lang='lat' dir='ltr'><em>ad</em></span> <span class='ocrx_word' id='word_1_380' title='bbox 1931 3102 2129 3166; x_wconf 87' lang='lat' dir='ltr'><em>Georgii</em></span> 
     </span>
     <span class='ocr_line' id='line_1_43' title="bbox 310 3171 2130 3237; baseline 0 -16"><span class='ocrx_word' id='word_1_381' title='bbox 310 3188 431 3221; x_wconf 81' lang='lat' dir='ltr'><em>vero</em></span> <span class='ocrx_word' id='word_1_382' title='bbox 450 3209 463 3233; x_wconf 91' lang='lat'><em>,</em></span> <span class='ocrx_word' id='word_1_383' title='bbox 502 3171 584 3236; x_wconf 90' lang='lat' dir='ltr'><em>qui</em></span> <span class='ocrx_word' id='word_1_384' title='bbox 616 3172 811 3235; x_wconf 84' lang='lat' dir='ltr'><em>vulgari</em></span> <span class='ocrx_word' id='word_1_385' title='bbox 831 3173 1006 3220; x_wconf 89' lang='lat' dir='ltr'><em>mundi</em></span> <span class='ocrx_word' id='word_1_386' title='bbox 1028 3174 1181 3227; x_wconf 82' lang='grc'><strong><em>4754.</em></strong></span> <span class='ocrx_word' id='word_1_387' title='bbox 1202 3173 1377 3237; x_wconf 87' lang='lat' dir='ltr'><em>positis</em></span> <span class='ocrx_word' id='word_1_388' title='bbox 1407 3173 1591 3219; x_wconf 83' lang='lat' dir='ltr'><em>Romae</em></span> <span class='ocrx_word' id='word_1_389' title='bbox 1623 3172 1983 3236; x_wconf 83' lang='lat' dir='ltr'><em>fundamentis,</em></span> <span class='ocrx_word' id='word_1_390' title='bbox 2019 3172 2130 3226; x_wconf 81' lang='lat' dir='ltr'><em>An·-</em></span> 
     </span>
     <span class='ocr_line' id='line_1_44' title="bbox 313 3242 2130 3306; baseline 0.001 -17"><span class='ocrx_word' id='word_1_391' title='bbox 313 3242 440 3290; x_wconf 88' lang='lat' dir='ltr'><em>tonii</em></span> <span class='ocrx_word' id='word_1_392' title='bbox 463 3258 631 3290; x_wconf 83' lang='lat' dir='ltr'><em>necem</em></span> <span class='ocrx_word' id='word_1_393' title='bbox 648 3279 661 3301; x_wconf 94' lang='lat'><em>,</em></span> <span class='ocrx_word' id='word_1_394' title='bbox 701 3242 850 3290; x_wconf 85' lang='lat' dir='ltr'><em>etiam</em></span> <span class='ocrx_word' id='word_1_395' title='bbox 883 3243 1105 3290; x_wconf 84' lang='lat' dir='ltr'><em>Africani</em></span> <span class='ocrx_word' id='word_1_396' title='bbox 1132 3242 1308 3291; x_wconf 84' lang='lat' dir='ltr'><em>maiori</em></span> <span class='ocrx_word' id='word_1_397' title='bbox 1340 3249 1533 3290; x_wconf 84' lang='lat' dir='ltr'><em>servato</em></span> <span class='ocrx_word' id='word_1_398' title='bbox 1568 3243 1790 3306; x_wconf 84' lang='lat' dir='ltr'><em>calculo,</em></span> <span class='ocrx_word' id='word_1_399' title='bbox 1829 3243 1890 3290; x_wconf 91' lang='lat' dir='ltr'><em>de</em></span> <span class='ocrx_word' id='word_1_400' title='bbox 1911 3259 2006 3306; x_wconf 86' lang='lat' dir='ltr'><em>qua</em></span> <span class='ocrx_word' id='word_1_401' title='bbox 2029 3259 2130 3290; x_wconf 87' lang='lat' dir='ltr'><em>no-</em></span> 
     </span>
     <span class='ocr_line' id='line_1_45' title="bbox 312 3312 2130 3378; baseline 0 -19"><span class='ocrx_word' id='word_1_402' title='bbox 312 3319 366 3359; x_wconf 84' lang='lat' dir='ltr'><em>ta</em></span> <span class='ocrx_word' id='word_1_403' title='bbox 405 3312 612 3378; x_wconf 87' lang='lat' dir='ltr'><em>septima</em></span> <span class='ocrx_word' id='word_1_404' title='bbox 642 3312 966 3378; x_wconf 88' lang='lat' dir='ltr'><em>praecedens,</em></span> <span class='ocrx_word' id='word_1_405' title='bbox 1015 3330 1146 3360; x_wconf 82' lang='lat' dir='ltr'><em>anno</em></span> <span class='ocrx_word' id='word_1_406' title='bbox 1184 3313 1338 3366; x_wconf 84' lang='grc'><strong><em>5472.</em></strong></span> <span class='ocrx_word' id='word_1_407' title='bbox 1375 3312 1602 3376; x_wconf 88' lang='lat' dir='ltr'><em>superius</em></span> <span class='ocrx_word' id='word_1_408' title='bbox 1637 3329 1750 3378; x_wconf 81' lang='lat' dir='ltr'><em>pag.</em></span> <span class='ocrx_word' id='word_1_409' title='bbox 1775 3315 1896 3366; x_wconf 87' lang='lat'>308.</span> <span class='ocrx_word' id='word_1_410' title='bbox 1921 3313 1983 3364; x_wconf 88' lang='lat' dir='ltr'><em>D.</em></span> <span class='ocrx_word' id='word_1_411' title='bbox 2013 3313 2130 3360; x_wconf 87' lang='lat' dir='ltr'><em>col-</em></span> 
     </span>
     <span class='ocr_line' id='line_1_46' title="bbox 311 3381 2127 3446; baseline 0 -17"><span class='ocrx_word' id='word_1_412' title='bbox 311 3381 461 3446; x_wconf 82' lang='lat' dir='ltr'><em>legit,</em></span> <span class='ocrx_word' id='word_1_413' title='bbox 497 3382 614 3430; x_wconf 86' lang='lat' dir='ltr'><em>solis</em></span> <span class='ocrx_word' id='word_1_414' title='bbox 648 3382 884 3438; x_wconf 78' lang='lat' dir='ltr'><em>videlicet</em></span> <span class='ocrx_word' id='word_1_415' title='bbox 917 3400 946 3430; x_wconf 88' lang='lat' dir='ltr'>a</span> <span class='ocrx_word' id='word_1_416' title='bbox 978 3383 1160 3430; x_wconf 88' lang='lat' dir='ltr'><em>Romae</em></span> <span class='ocrx_word' id='word_1_417' title='bbox 1194 3381 1400 3430; x_wconf 87' lang='lat' dir='ltr'><em>conditu</em></span> <span class='ocrx_word' id='word_1_418' title='bbox 1427 3386 1550 3436; x_wconf 86' lang='lat'><strong>718.</strong></span> <span class='ocrx_word' id='word_1_419' title='bbox 1579 3383 1735 3432; x_wconf 85' lang='lat' dir='ltr'><em>annis.</em></span> <span class='ocrx_word' id='word_1_420' title='bbox 1805 3381 2127 3430; x_wconf 84' lang='lat' dir='ltr'><em>Emendando</em></span> 
     </span>
    </p>
   </div>
   <div class='ocr_carea' id='block_1_5' title="bbox 151 3451 2127 3530">
    <p class='ocr_par' dir='ltr' id='par_1_7' title="bbox 151 3451 2127 3530">
     <span class='ocr_line' id='line_1_47' title="bbox 151 3451 2127 3530; baseline -0.003 -26"><span class='ocrx_word' id='word_1_421' title='bbox 151 3459 205 3504; x_wconf 83' lang='lat' dir='ltr'><em>P.</em></span> <span class='ocrx_word' id='word_1_422' title='bbox 234 3458 292 3505; x_wconf 81' lang='grc'><em>76</em></span> <span class='ocrx_word' id='word_1_423' title='bbox 318 3453 483 3518; x_wconf 85' lang='lat' dir='ltr'><em>itaque</em></span> <span class='ocrx_word' id='word_1_424' title='bbox 502 3452 693 3520; x_wconf 85' lang='lat' dir='ltr'><em>textui,</em></span> <span class='ocrx_word' id='word_1_425' title='bbox 729 3453 932 3506; x_wconf 85' lang='lat' dir='ltr'><em>observo</em></span> <span class='ocrx_word' id='word_1_426' title='bbox 955 3451 1171 3520; x_wconf 83' lang='lat' dir='ltr'><em>Augusti</em></span> <span class='ocrx_word' id='word_1_427' title='bbox 1193 3452 1486 3530; x_wconf 82' lang='lat' dir='ltr'><em>imperium,</em></span> <span class='ocrx_word' id='word_1_428' title='bbox 1522 3453 1583 3502; x_wconf 86' lang='lat' dir='ltr'><em>de</em></span> <span class='ocrx_word' id='word_1_429' title='bbox 1606 3469 1704 3519; x_wconf 86' lang='lat' dir='ltr'><em>quo</em></span> <span class='ocrx_word' id='word_1_430' title='bbox 1726 3451 1813 3502; x_wconf 84' lang='lat' dir='ltr'><em>hic</em></span> <span class='ocrx_word' id='word_1_431' title='bbox 1830 3468 2016 3516; x_wconf 85' lang='lat' dir='ltr'><em>sermo,</em></span> <span class='ocrx_word' id='word_1_432' title='bbox 2044 3451 2127 3503; x_wconf 82' lang='lat' dir='ltr'><em>vel</em></span> 
     </span>
    </p>
   </div>
  </div>
 </body>
</html>
