2222 3938
639 188 738 244 ET
770 187 1355 246 ANNOTATIONES.
1781 180 1905 243 541

0 308 5 378 J
85 319 198 405 biga
245 318 402 386 pullis
438 326 607 381 vecta;
658 319 855 390 τελείῳ,
883 321 1136 402 perfecte,
1173 320 1229 368 id
1267 329 1340 369 est
1377 276 1640 385 quadriga3
1678 327 1727 368 et
1766 320 1910 372 δεκα-

2 415 9 457 j
82 387 266 477 πωλῳ,
304 356 622 474 ᾱεοεηιίιιὲνεζ
643 391 890 439 Lucianus
928 392 982 439 in
1016 391 1220 439 Timone
1251 408 1422 440 versus
1453 391 1630 439 finem·
1680 393 1910 456 νενίκηκε

84 461 140 512 ἐν
161 442 375 530 ὀλυμπίοι
397 463 562 530 τελείῳ
588 454 794 528 ὅῖρματι,
832 460 917 511 καὶ
944 463 1183 528 συνωρίδι
1217 465 1428 532 πωλικῇ.
1466 462 1727 527 Interpres.
1770 463 1911 511 Vicit

85 532 293 579 solemni
332 511 624 596 quadriga,
686 534 995 596 equestrique
1031 535 1311 581 certamine.
1372 534 1623 598 συνωρίδα
1665 531 1911 598 πωλικην,

85 611 309 666 equestre
339 609 586 648 certamen
616 604 767 650 vettii.
798 602 909 650 ille:
949 620 1096 667 quam
1133 603 1402 652 correctius
1441 603 1616 677 bigam
1647 604 1912 668 posuisset.

3 691 15 701 ’
87 673 244 732 Quem
283 689 433 735 porro
467 673 671 735 legimus
695 672 781 720 hic
812 690 1013 721 currum
1046 668 1366 735 δεκαπωλον,
1406 666 1740 739 decemiugem
1773 675 1913 723 scri—

83 743 188 809 psit
212 742 474 790 Suetonius
496 743 705 790 Neronis
731 744 949 792 insaniei
952 761 1036 791 um
1062 753 1333 792 enarrator.
1404 743 1694 810 Aur-igavit
1717 751 1914 810 'quoque

76 814 452 877 plurifariam,
496 814 745 877 Olympiis
770 831 881 862 vero
906 817 1059 861 etiam
1086 813 1434 879 decemizcgem.

227 884 337 946 Pag
376 884 492 936 341.
532 882 674 934 Κατα
706 881 794 935 τὸν
839 880 994 935 αὐτον
1034 881 1258 951 καιρόν.]
1298 884 1562 947 Subiungit
1591 885 1740 940 Barb.
1776 884 1912 949 quod

86 958 192 1002 tu'm
229 953 284 1000 111
308 954 424 1016 Reg.
449 961 554 1001 tum
580 954 634 1002 in
655 956 819 1003 Perez.
846 955 998 1003 deest.
1037 954 1118 1006 ἐπὶ
1145 955 1383 1042 Νέρωνος
1417 954 1471 1006 ἐν
1505 952 1660 1045 Ῥωμῃ
1688 954 1913 1022 ἤκμαζον

85 1023 292 1107 ποιηταὶ
313 1020 627 1086 Λουκιανὸς,
663 1020 875 1088 Βύδιος,
914 1022 1180 1109 σατυρικος
1198 1021 1512 1086 Ἰουενᾶλιος,
1549 1025 1636 1076 καὶ
1670 1025 1912 1110 Πέρσιοςε

85 1089 396 1154 Σευκαστεος
431 1093 774 1161 στρατηγικός,
823 1092 1135 1156 Μουσίωνός
1160 1114 1239 1156 τε,
1284 1096 1368 1146 καὶ
1412 1091 1733 1163 Πλούταρχος
1767 1092 1914 1159 φιλό-

87 1165 636 1228 σοφοι.Ε111311(131111ἑ
688 1165 975 1214 scribuntur
1022 1162 1321 1228 Λουκανὸς,
1381 1160 1626 1231 Ὀβίδιος,
1683 1161 1913 1227 Στάτιος,

84 1230 405 1302 Σούρκουλος
435 1231 636 1303 ρήτωρε
684 1231 1016 1300 Μουσώνιος,
1055 1231 1408 1304 Ἰουβενάλιος,
1447 1237 1508 1286 de
1541 1237 1720 1303 quibus
1753 1238 1915 1287 Euse-

5 1351 9 1354 .
82 1305 192 1354 bius
217 1306 281 1354 ad
304 1306 402 1352 Ner
405 1306 512 1354 onis
535 1314 775 1371 tempora.

223 1376 423 1436 Λῖνος’
407 1375 487 1441 ε’τη
512 1396 563 1442 ιη
565 1374 612 1441 ’.]
651 1378 723 1424 Ita
758 1376 978 1425 leddunt
1007 1384 1186 1425 cuncta
1213 1376 1349 1428 MSS.
1385 1377 1640 1427 Exscribit
1669 1371 1750 1444 ιη’.
1787 1378 1912 1424 Sca-

78 1447 206 1511 ·liger
228 1463 338 1511 pag.
365 1455 535 1494 textus
565 1448 646 1501 65.
681 1448 878 1514 Ecquid
903 1448 1143 1497 Eusebius
1172 1448 1389 1496 Graecus
1416 1443 1496 1514 ιη’.
1543 1448 1721 1497 Latino
1754 1465 1912 1496 annos

82 1523 167 1572 11.
202 1517 451 1566 scribente
475 1517 664 1566 refert?

229 1586 467 1655 Νέρωνος
507 1589 721 1656 αἰσχρῶς
761 1584 844 1639 τὸν
882 1588 997 1653 βίον
1039 1571 1438 1650 καταλύσαντοςρ
1490 1582 1914 1652 Ουέσπασιανός.]

3 1675 6 1677 ·
83 1658 217 1707 Huic
242 1675 400 1706 annos
429 1658 624 1707 Author
650 1676 752 1707 non
779 1657 1017 1723 assignat:
1052 1675 1234 1708 novem
1255 1659 1587 1708 numerandos
1610 1677 1673 1708 ex
1696 1659 1803 1708 eius
1830 1676 1914 1707 13·-

81 1729 300 1778 tionibus
324 1729 520 1793 colligo.

228 1794 510 1860 Ουιτέλλιος
543 1802 716 1866 κρατεῖ
750 1800 912 1864 μῆνας
937 1819 999 1864 η.
971 1792 1026 1864 '.]
1066 1798 1284 1862 Scaliger
1308 1799 1486 1848 Latino
1509 1798 1722 1848 Eusebio
1745 1759 1912 1848 recla-

83 1876 250 1920 mante
279 1873 441 1935 μῆνας
465 1866 519 1928 ς’.
545 1869 719 1918 scribit
745 1885 853 1934 pag.
888 1870 971 1923 65.

223 1940 337 2004 Pag·
371 1941 492 1994 342
539 1935 848 2006 fflosssiov]
901 1938 1229 1988 Prolixiorem
1263 1939 1470 1988 titulum
1503 1939 1704 1990 Barber.
1752 1938 1914 1986 codex

83 2010 378 2076 praemittit.
450 2007 634 2071 ἅλωσις
675 2009 761 2061 καὶ
800 2011 1110 2076 αἰχμαλωσία
1152 2005 1329 2077 ἔσχατη
1376 2014 1477 2062 τῶν
1520 2006 1773 2063 Ἰουδαίων
1818 2006 1913 2059 συν
1979 2020 1985 2023 “

83 2099 110 2131 τ
181 2078 335 2132 πόλει.
1554 2098 1564 2112 ·

111 2085 149 2151 ᾗ
227 2144 574 2213 Κατασκάψας
598 2149 683 2201 καὶ
707 2145 989 2236 μυριάδας]
1027 2149 1242 2213 Scaliger
1269 2145 1323 2210 ξ’.
1351 2145 1610 2215 μυριάδας.

208 2217 392 2280 ’Ἔτους
418 2216 636 2287 Ἀβραὰμ
654 2219 803 2289 βσνε’
805 2220 837 2285 .]
866 2221 1102 2268 Praesens
1127 2220 1404 2268 emendatio
1429 2221 1570 2268 nullo
1591 2218 1788 2283 negotio
1804 2218 1913 2266 col-

82 2292 264 2356 ligetur
294 2308 404 2357 pag.
441 2294 525 2344 93.
562 2290 621 2339 A.

207 2357 368 2428 ’Έτη
369 2355 487 2411 «ἡδ’.
491 2360 511 2425 ]
549 2360 683 2408 Haec
704 2360 799 2408 alia
822 2359 1061 2425 probatur
1086 2376 1149 2408 ex
1169 2375 1281 2425 pag.
1312 2363 1428 2413 181.
1468 2360 1521 2410 C.
1563 2358 1712 2420 Quod
1743 2358 1912 2420 ἔξοδος

83 2431 158 2481 rei
194 2431 435 2496 cuiusque
473 2431 737 2480 exordium
770 2432 955 2480 referat
991 2431 1299 2479 communius
1338 2438 1411 2478 est
1455 2447 1605 2496 quam
1641 2430 1777 2496 quod
1819 2446 1912 2478 ex-

123 2509 319 2551 onatur.

82 2519 118 2568 P
214 2569 360 2623 ’Ήτοι
397 2570 631 2641 δευτέρου
669 2570 808 2632 ἔτους
844 2572 1062 2639 Δαρείου
1097 2569 1180 2637 ἔτη
1254 2608 1266 2619 .
1340 2608 1352 2619 .
1427 2608 1439 2618 .
1511 2571 1554 2636 .]
1594 2570 1913 2638 Reparanclae

83 2643 294 2691 lacunae
325 2642 541 2706 adiungo
579 2639 710 2708 φοδ’.
743 2643 803 2691 ab
842 2660 972 2690 anno
1016 2641 1202 2707 quippe
1224 2642 1359 2690 Darii
1387 2643 1607 2690 secundo
1644 2659 1743 2706 quo
1779 2650 1913 2690 tem-

83 2714 224 2779 plum
258 2721 570 2778 reparatum,
617 2713 736 2762 licet
775 2731 878 2761 non
914 2713 1224 2776 absolutum,
1277 2730 1305 2760 a
1342 2713 1520 2761 mundi
1555 2713 1713 2768 4993.
1753 2728 1913 2761 annos

85 2783 205 2837 574.
223 2784 406 2871 lapsos
443 2784 589 2832 docet
623 2801 731 2850 pag.
766 2785 886 2837 241.
923 2784 978 2833 B.

223 2848 345 2906 ’And
370 2851 433 2905 δὲ
445 2859 538 2920 τῆς
560 2850 622 2921 β’.
660 2854 974 2919 ἐπισκευῆς’
957 2852 1041 2919 ε’τη
1114 2889 1125 2901 .
1198 2890 1210 2901 .
1284 2848 1323 2918 .]
1361 2850 1592 2918 Adiungo
1623 2848 1752 2919 υ5η’.
1789 2853 1910 2905 498.
1938 2854 1990 2898 Ρ.
2014 2853 2069 2901 81

85 2941 114 2971 a
140 2924 317 2972 mundi
338 2924 574 2974 nimirum
598 2926 752 2980 5069.
780 2925 865 2990 qui
889 2924 984 2972 fuit
1015 2922 1307 2971 Artaxerxis
1334 2924 1623 2988 Longimani
1651 2941 1807 2972 annus
1829 2927 1912 2976 20.

84 3010 186 3058 quo
213 2995 468 3044 moenibus
502 2996 690 3058 cincta,
727 3003 777 3044 et
804 2994 1040 3043 aedificiis
1064 2993 1278 3059 publicis
1302 2993 1546 3042 instructa
1569 2994 1768 3042 civitate
1791 3001 1913 3041 tem-

83 3064 226 3129 plum
267 3064 442 3114 ultima
470 3083 621 3115 manu
657 3073 705 3115 et
737 3073 918 3115 ornatu
952 3071 1203 3130 postremo
1241 3081 1343 3112 non
1374 3064 1540 3129 potuit
1563 3082 1664 3112 non
1702 3062 1911 3113 absolvi.

86 3133 354 3195 Subtilior,
395 3153 542 3200 quam
565 3154 692 3202 quae
713 3137 847 3185 credi
872 3143 1043 3200 queat,
1082 3134 1327 3200 expositio
1355 3134 1477 3183 haec
1498 3134 1722 3185 videtur:
1759 3148 1914 3197 quare

86 3203 219 3267 quod
247 3204 406 3252 sentio
430 3207 614 3268 verius,
641 3207 862 3256 sincerus
885 3206 1118 3271 aperiam.
1156 3206 1430 3272 Corruptus
1454 3205 1509 3254 in
1534 3202 1783 3271 periochis
1804 3202 1911 3251 istis

85 3280 256 3322 textus
286 3274 355 3322 ita
377 3291 454 3324 me
480 3276 644 3326 iudice
664 3277 1060 3359 interpolandus.

222 3338 345 3395 Ἀπο
372 3342 426 3395 δὲ
449 3348 542 3411 τῆς
565 3343 740 3408 ἐξόδου
768 3347 819 3410 ἐξ
842 3343 1102 3413 Αἰγύπτου
1129 3345 1205 3396 ἔτε
1226 3340 1418 3431 ι’-αψνα

222 3407 342 3465 'Ami
376 3412 432 3467 δὲ
475 3419 567 3483 τῆς
605 3435 807 3485 πρωτης
852 3417 1119 3484 ἐπισκευῆς
1156 3433 1246 3469 του
1289 3417 1418 3469 ναοῦ
1461 3409 1544 3466 διαὶ
1587 3414 1912 3479 Σολομῶντος

84 3480 169 3549 ἔτη
208 3476 348 3551 α“>.δ’
