2222 3938
322 162 328 169 ’
342 166 468 227 242
936 172 1520 241 'EMENDATIONES

349 306 608 356 Phoroneo
625 343 640 368 ,
679 309 772 372 qai
805 304 976 354 dictus
996 314 1068 352 est
1076 307 1282 370 primus
1291 341 1305 366 ,
1346 312 1391 352 et
1418 302 1478 352 de
1501 304 1692 368 Neobe,
1730 314 1776 351 et
1797 323 1926 370 quae
1944 309 2162 370 fuerunt

346 386 464 442 post
487 375 750 428 diluvium.
825 377 1098 442 Exponunt
1127 376 1250 424 haec
1286 392 1406 440 quae
1431 392 1582 440 supra
1616 376 1677 424 de
1710 376 1840 439 Argo
1873 385 1922 425 et
1949 378 2161 443 Sicyone

351 447 674 513 Peloponnesi
695 447 924 509 urbibus,
962 464 1184 512 quaeque
1206 447 1338 495 infra
1364 446 1425 494 de
1447 446 1616 511 Ogygo
1643 454 1691 494 et
1722 446 1827 495 eius
1860 447 2069 498 diluvio.

491 541 636 595 Κατοέ
655 540 863 605 τούτους
882 542 1002 605 τούς
1025 542 1264 611 χρόνους]
1301 544 1474 592 Inachi
1497 545 1577 593 vel
1598 544 1846 593 Phoronei
1862 546 2162 595 Graecorum

354 615 685 679 antiquissimi
714 615 874 663 habiti
907 623 1128 680 tempore
1166 616 1377 663 celebres
1407 615 1542 663 viros
1567 616 1822 680 Ogygnm,
1859 614 2163 679 Thessalum,

355 688 545 734 Cretem
580 685 673 732 sibi
711 703 859 750 regna
885 686 1184 733 instaurasse
1221 686 1275 732 in
1302 685 1488 748 Attica,
1527 685 1803 747 Thessalia,
1843 687 2012 748 Creta,
2050 702 2163 733 me—

349 763 510 804 morat
539 754 737 804 Author
766 774 827 804 ex
861 757 1108 803 Clemente
1140 756 1493 805 Alexandrino,
1565 756 1736 804 Trium
1768 757 1974 804 illorum
2003 756 2165 821 prima

348 826 590 874 latercula
626 843 889 890 regnorum
919 826 1140 891 disponit
1177 827 1382 874 Iacobus
1418 827 1694 875 Auzolaeus
1725 827 1889 876 dictus
1928 828 1978 874 la
2013 828 2169 891 Peyre

347 897 401 943 in
425 895 754 960 Chronologia
777 904 946 946 sancta
976 915 1069 963 pat>
1046 914 1115 960 <mg
1150 899 1264 950 193.
1286 897 1405 951 255.
1436 905 1483 945 et
1507 899 1626 951 257.

483 989 568 1043 'Ev
601 991 863 1061 Τριτώνιδι
885 996 1052 1064 λίμνῃ
1069 995 1087 1059 ]
1126 995 1320 1060 Ecquid
1349 996 1567 1059 Scaliger
1591 996 1772 1060 absque
1803 994 2171 1081 praepositione

347 1063 599 1126 scribens,
640 1065 883 1112 coniectat
906 1066 1196 1128 legendum:
1241 1066 1476 1133 Τριτωνις
1505 1067 1654 1131 λίμνη
1683 1068 1884 1131 Ἀθηνᾶ
1912 1060 2039 1132 παρ’
2052 1061 2170 1115 ’Ἐλ-

346 1138 490 1198 λησιν
529 1129 825 1200 ω’νομάσθη.
898 1103 983 1183 Att>
997 1152 1156 1199 neque
1194 1137 1416 1183 Tritonia
1453 1137 1595 1200 palus
1635 1136 1770 1183 dicta
1804 1142 1878 1183 est
1915 1135 2170 1184 Minerva.

343 1221 507 1268 neque
538 1206 762 1254 Minerva
786 1204 1007 1253 Tritonia
1036 1207 1204 1270 palus,
1242 1206 1361 1253 licet
1393 1207 1610 1253 'lritonis
1635 1213 1721 1253 aut
1749 1205 1977 1254 Tritonia
2006 1222 2034 1252 a
2069 1222 2173 1270 pa·-

345 1275 465 1322 lude
499 1274 563 1321 sit
588 1283 889 1339 nuncupata.
964 1278 1166 1340 Repono
1202 1277 1475 1324 correctius
1510 1276 1573 1323 ad
1599 1275 1797 1323 Eusebii
1821 1275 1988 1322 Latini
2017 1275 2173 1332 verba

347 1345 412 1392 ad
436 1344 660 1392 Abrahae
683 1362 870 1393 annum
895 1346 1014 1398 225.
1070 1346 1326 1392 I’lzoronei
1357 1345 1662 1426 temporibus
1690 1343 1834 1409 apud
1856 1345 2030 1392 lacum
2066 1347 2173 1394 Tri—

346 1413 568 1462 tonidem
590 1418 734 1480 ιίνὲο
764 1418 1035 1479 αΡΡαιιιίι,
1074 1433 1231 1479 quam
1258 1417 1441 1463 Graeci
1471 1417 1756 1464 fflinervam
1787 1424 2169 1478 nuncuparunt.

345 1484 401 1536 ἐν
430 1481 693 1552 Τριτῶνιδι
709 1486 859 1556 λίμνῃ
883 1483 1137 1554 παρθένος
1164 1480 1346 1551 ἔφανη,
1373 1484 1412 1552 ἡ
1437 1484 1559 1553 παρ’
1570 1482 1806 1551 Ἑλλησιν
1825 1479 2018 1550 Ἀθηνᾶ
2052 1503 2172 1536 ωνο-

346 1552 536 1621 μάσθη.

497 1643 719 1704 Τελχῖνες
756 1637 843 1689 καὶ
879 1634 1193 1706 Καροιᾶται]
1249 1638 1488 1687 Eusebius
1525 1639 1747 1689 Latinus,
1841 1638 2096 1704 Teltaphis
2131 1649 2175 1686 et

353 1710 585 1758 Carsatis
611 1709 856 1759 adversas
882 1710 1202 1757 Phoroneum
1226 1710 1508 1756 instituant
1532 1710 1730 1759 hellam.
1778 1709 1891 1756 Non
1916 1710 2176 1758 nationum

346 1781 431 1829 vel
453 1780 697 1843 gentium,
728 1779 813 1827 sed
836 1780 1038 1844 propria
1064 1780 1288 1826 virorum
1311 1787 1427 1826 sunt
1448 1781 1581 1844 apud
1606 1797 1717 1827 eum
1741 1780 2012 1828 vocabula:
2053 1796 2176 1844 quo-

347 1867 462 1911 rum
488 1850 655 1898 variae
679 1850 915 1896 lectiones
940 1849 1072 1914 apud
1095 1851 1370 1897 Pontacum
1398 1850 1722 1913 singularium
1745 1850 1969 1898 virorum
1997 1851 2175 1914 appel-

346 1921 556 1968 lationes
583 1937 684 1969 esse
709 1919 1040 1969 subindicant.
1108 1918 1264 1967 Addit
1289 1927 1454 1968 tamen
1486 1920 1593 1984 ipse
1611 1922 1873 1968 Pontacus.
1945 1920 2177 1968 Straboni

348 1999 399 2038 et
431 1991 645 2038 Diodoro
685 1990 767 2041 lib.
809 1991 856 2043 5.
897 1990 991 2053 legi
1038 1989 1292 2036 Telchines
1302 2008 1319 2050 ,-
1359 1989 1557 2054 hocque
1599 1999 1745 2055 pacto
1782 1990 1983 2052 Georgii
2011 1992 2176 2039 nostri

349 2061 586 2109 Graecam
609 2060 873 2108 lectionem
898 2061 1154 2124 probatam
1180 2061 1430 2124 relinquit.
1502 2060 1603 2108 Hos
1628 2078 1778 2125 porro
1801 2060 2062 2108 Telchines
2088 2078 2174 2125 pa-

343 2131 442 2179 tria
471 2132 722 2178 Cretenses
750 2147 806 2177 ac
834 2131 930 2177 Cui
934 2138 1030 2177 etes
1060 2131 1313 2178 Strabonis
1340 2131 1425 2178 lib.
1465 2135 1548 2183 10.
1587 2130 1772 2178 deinde
1793 2130 2014 2178 Rhodios
2045 2131 2176 2178 eius-

345 2202 460 2248 dem
493 2202 581 2249 lib.
621 2206 701 2253 14.
741 2200 1011 2247 celebratos
1046 2200 1291 2248 existimo,
1362 2200 1576 2252 ἐκαλεῖτο
1606 2195 1656 2250 δ’
1679 2221 1712 2265 η
1735 2194 1899 2260 Ῥόδος
1928 2196 2174 2268 πρότερον

345 2266 589 2335 Ὀφιουσα
610 2271 694 2320 καὶ
721 2271 935 2331 Σταδία,
973 2266 1075 2320 εἶτα
1104 2270 1347 2335 Τελχινὶς,
1384 2266 1482 2321 οἷπὸ
1516 2273 1617 2320 τῶν
1652 2265 1965 2359 οἰκησάντων
2004 2272 2174 2336 Τελχί-

346 2361 453 2392 νων
488 2339 581 2406 τήν
623 2336 950 2406 manv-0153
984 2340 1036 2391 οἷ
1065 2338 1155 2406 μὲν
1197 2336 1483 2407 βασκανους
1517 2338 1643 2405 φασὶ
1681 2339 1774 2395 καὶ
1793 2336 1995 2408 γόητας·
2034 2342 2086 2391 οἱ
2117 2338 2173 2391 δὲ

347 2411 539 2476 τέχναις
566 2410 922 2478 διαφέροντας,
960 2407 1256 2462 τούναντίον
1290 2408 1391 2461 ’ὑπὸ
1418 2430 1519 2461 των
1553 2406 1849 2474 ἀντιτέχνων
1884 2412 2173 2495 βασκανθῆι-

347 2501 466 2543 ναι,
504 2481 590 2532 καὶ
622 2485 715 2546 τῆς
743 2481 1028 2545 δυσφημίας
1060 2486 1222 2565 τυχεῖν
1250 2477 1448 2546 ταύτης.
1496 2480 1664 2532 ἐλθεῖν
1697 2476 1749 2531 δ’
1774 2480 1828 2531 ἐκ
1858 2476 2060 2546 Κρήτης
2100 2481 2173 2541 εἰς

350 2547 563 2618 Κύπρον
589 2555 811 2618 πρῶτον,
849 2546 939 2601 εἰτ’
964 2552 1035 2610 εἰς
1061 2549 1527 2603 ‘1³66011.Rl20da.s·
1566 2553 1714 2597 initio
1747 2549 1890 2598 dicta
1921 2552 2170 2614 Ophiusa,

347 2631 504 2684 atque
544 2621 757 2670 Stadia:
794 2619 969 2668 deinde
1009 2622 1258 2671 Telchinis
1295 2622 1358 2670 ab
1389 2621 1796 2669 inhabitantibus
1829 2638 1939 2667 eam
1969 2621 2172 2668 Telchi-

349 2692 514 2741 nibus.
581 2694 687 2738 Hos
710 2693 807 2738 alii
823 2694 1171 2755 fascinatores
1194 2702 1239 2739 et
1262 2694 1685 2757 praestigiatores
1707 2688 2036 2756 praedicant:
2074 2692 2173 2737 alu:

352 2779 469 2808 cam
493 2763 774 2809 excellerent
801 2762 1024 2824 artibus,
1063 2765 1287 2810 invisam
1311 2765 1380 2809 iis
1403 2763 1466 2810 ab
1486 2780 1652 2809 eoram
1678 2761 1889 2808 aemulis
1908 2762 2084 2822 aiunt,
2125 2769 2173 2807 et

190 2835 241 2879 P.
269 2833 328 2880 43
354 2831 449 2878 ltoe
472 2834 718 2894 infamiae
741 2833 984 2882 retulisse.
1055 2835 1109 2880 Ε
1137 2834 1284 2881 Creta
1305 2850 1384 2880 eos
1394 2834 1624 2897 primum
1647 2834 1700 2878 in
1737 2832 1972 2894 QtPrum,
1996 2829 2172 2878 deinde

351 2901 593 2951 Rhodam
616 2904 817 2952 venisse.
889 2905 1213 2967 Peloponnesi
1239 2912 1404 2950 tamen
1432 2903 1564 2949 avito
1595 2902 1697 2949 solo
1736 2899 1997 2948 Telchinas
2033 2908 2170 2948 ortos

353 2972 573 3020 declarat
592 2972 785 3020 Author
809 2973 1013 3021 inferius
1041 2990 1150 3038 pag.
1178 2974 1295 3026 149.
1319 2974 1372 3022 B.
1403 2972 1487 3034 qui
1513 2973 1690 3018 eiectos
1717 2970 1950 3018 Rhodum
1977 2969 2170 3036 Ophiu-

351 3059 458 3089 sam
492 3042 612 3089 olim
651 3042 831 3089 dictam
867 3044 1081 3090 tenuisse
1112 3050 1334 3091 testatur.
1407 3043 1634 3088 Praesens
1666 3042 1830 3104 itaque
1865 3042 2002 3088 locus
2025 3039 2171 3089 alteri

351 3113 479 3161 belle
506 3119 760 3161 consonat.
833 3113 1091 3160 Telchines
1114 3112 1246 3159 enim
1272 3120 1320 3159 et
1347 3112 1492 3157 Cares
1523 3112 1627 3159 sive
1665 3111 1924 3158 Caraeatae
1965 3119 2012 3158 et
2046 3111 2170 3159 Par—

349 3182 506 3232 rhasii
535 3183 857 3246 Peloponnesi
889 3185 1090 3230 fuerunt
1111 3182 1317 3230 incolae.
1388 3181 1458 3227 De
1486 3181 1705 3243 Caraeis,
1743 3182 1848 3228 sive
1875 3181 2047 3244 Caryis
2076 3179 2169 3228 alia

351 3254 583 3302 observat
617 3252 830 3315 Scaliger
861 3252 1122 3301 Animadv.
1150 3267 1258 3316 pag.
1284 3248 1367 3305 20.
1439 3253 1669 3316 Duplices
1702 3251 1876 3298 statuit
1905 3250 2171 3298 Arcadicas

352 3331 403 3371 et
422 3323 691 3370 Laconicas
717 3322 895 3387 quibus
918 3322 1046 3368 addo
1073 3321 1305 3368 Chienses
1340 3321 1519 3370 Vicum
1544 3323 1606 3369 ad
1630 3339 1863 3386 passuum
1888 3321 1984 3368 duo
2013 3319 2170 3368 millia

353 3394 413 3440 ab
438 3394 560 3441 urbe
582 3392 703 3440 Chio
718 3431 733 3454 ,
772 3391 909 3441 cuius
941 3391 1134 3438 incolae
1163 3394 1444 3456 Καροιῶται
1459 3428 1472 3453 ,
1511 3393 1780 3456 eodemque
1803 3390 2005 3440 nomine
2026 3390 2170 3455 igno-

352 3463 475 3512 biles
501 3464 684 3529 quique
709 3462 850 3513 vanis
875 3479 933 3510 ac
957 3462 1181 3528 superbis
1205 3462 1315 3509 Chii
1339 3462 1529 3512 civibus
1551 3461 1700 3512 hodie
1728 3461 1865 3511 dicti.
