2222 3938
311 163 439 227 456
930 171 1508 258 EMENDATIONES
1570 198 1573 200 >

305 304 555 355 Abraham
592 305 656 355 ad
692 311 887 370 captam
920 299 1122 352 Troiam
1160 321 1223 352 ex
1259 304 1363 352 eius
1401 304 1596 353 calculo
1627 304 1981 371 interponendi
2002 316 2004 318 ·
2025 311 2143 354 sunt

309 378 430 431 835.
456 396 482 424 a
507 377 685 442 quibus
724 377 789 423 ad
820 375 975 428 4330.
1010 376 1096 423 alii
1119 372 1408 423 trecentum·
1432 383 1481 423 et
1514 377 1746 424 undecim
1778 377 2139 427 desiderantur.

152 455 204 501 V.
229 455 288 502 44
313 447 373 496 In
400 448 717 512 Assyriorum
740 462 910 508 regum
934 447 1075 493 annis
1109 447 1298 510 aliquot
1332 446 1538 494 deficere
1568 447 1809 513 superius.
1827 448 2142 494 demonstra-

308 519 386 567 vit
417 518 642 568 Author:
689 516 920 564 Petavius
969 516 1028 564 de
1069 517 1225 565 Doct.
1249 518 1419 597 Temp.
1456 517 1542 565 lib.
1580 523 1626 571 9.
1667 535 1773 582 cap.
1813 518 1893 570 14.
1933 519 2144 566 obeunte

149 584 202 629 P·
225 585 283 632 48
311 589 375 637 ad
401 588 652 651 sexaginta
678 586 946 635 desiderari
970 587 1215 649 concedit,
1252 587 1340 652 qui
1366 595 1497 635 certe
1516 587 1733 636 Authori
1763 588 1991 653 propriae
2013 605 2144 636 con-

307 659 581 707 stituendae
605 657 791 706 rationi
813 657 1037 705 nondum
1061 658 1333 706 sufficiunt.
1398 658 1774 706 Confirmandae
1798 676 1950 724 porro
1979 675 2146 706 emen-

309 729 504 778 dationi
528 723 652 779 τισί.
689 727 811 775 haec
839 726 962 775 mihi
988 745 1038 776 se
1065 728 1211 777 offert
1234 729 1330 776 via.
1407 729 1480 776 Ab
1518 745 1689 777 eversa
1721 730 1866 777 Troia
1896 729 1960 777 ad
1993 728 2143 778 Clui-

306 799 515 847 stianam
546 815 711 846 aeram
744 806 972 846 nume1at
995 799 1237 847 Eusebius
1276 802 1428 852 1180.
1471 816 1655 848 annos:
1694 817 1806 848 cum
1836 800 1966 848 enim
1995 799 2144 848 Chri-

306 878 455 917 stum⁴
477 877 591 935 post
617 868 752 917 orbis
781 869 1038 917 conditum
1077 887 1206 918 anno
1235 870 1386 923 5199.
1425 878 1627 931 natum,
1667 877 1716 918 et
1753 888 1780 918 a
1816 869 1991 918 mundi
2029 878 2146 918 ortu

306 940 369 987 ad
404 939 651 988 Abraham
694 940 850 993 3184.
889 947 939 988 et
979 940 1038 987 ab
1074 958 1130 988 eo
1172 940 1235 987 ad
1268 940 1538 988 Troianum
1573 941 1862 988 incendium
1901 941 1986 988 alii
2024 941 2143 993 835.

306 1011 426 1058 anni
462 1010 801 1072 intercedant,
856 1010 1036 1059 exinde
1071 1011 1134 1058 ad
1172 1010 1424 1059 Christum
1482 1015 1657 1064 1180.ι
1683 1011 1920 1058 interesse
1962 1011 2142 1074 liquet:

304 1081 505 1129 Author
535 1099 655 1130 vero
685 1082 747 1127 ad
774 1081 958 1130 Christi
985 1082 1203 1129 natalem
1233 1081 1363 1128 diem
1397 1089 1515 1146 post
1550 1081 1727 1129 Troiae
1758 1081 2144 1130 devastationem

304 1152 440 1199 solos
485 1157 635 1210 1170.
674 1151 872 1213 adiicit,
917 1150 1152 1217 (Aeneam
1196 1151 1326 1198 enim
1367 1152 1537 1198 decem
1578 1151 1767 1198 tardius
1809 1155 1949 1200 annis
1994 1168 2144 1216 quam

302 1223 529 1288 posuerit
550 1222 790 1269 Eusebius
811 1222 919 1286 ipse
942 1239 1170 1285 regnasse
1186 1220 1408 1288 censuit)
1431 1222 1597 1274 5500.
1636 1222 1954 1272 collecturus.
2008 1222 2146 1283 Quid

303 1300 412 1340 tum
429 1292 453 1339 ¹?
501 1293 575 1340 Ab
601 1292 801 1339 incensa
832 1293 979 1340 Troia
1017 1294 1080 1341 ad
1114 1292 1304 1339 Christi
1331 1292 1545 1338 natalem
1569 1291 1698 1339 diem
1723 1300 1955 1340 numerat
1977 1293 2146 1340 Euse-

304 1363 417 1411 bius
443 1366 595 1416 1180.
638 1363 877 1426 Georgius
910 1367 1061 1416 1170.
1099 1380 1282 1425 annos,
1319 1362 1535 1425 solisque
1562 1362 1731 1409 decem
1766 1363 1909 1410 annis
1950 1362 2143 1411 discre-

304 1440 454 1499 pant:
513 1433 599 1479 1110
635 1450 756 1481 vero
799 1441 917 1481 nato
957 1433 1152 1480 Christo
1201 1433 1375 1480 mundi
1417 1434 1571 1485 5199.
1619 1450 1778 1480 annos
1811 1433 2021 1497 requirit
2056 1433 2144 1481 1110

304 1506 460 1558 5500.
496 1510 930 1569 trecentorumque
958 1521 1204 1552 annorum
1243 1511 1292 1551 et
1326 1502 1476 1550 unius
1504 1501 1711 1568 insuper
1738 1503 1897 1568 spatio
1939 1504 2141 1566 distant,
2176 1527 2177 1530 ¹

306 1574 487 1638 quibus
513 1574 696 1621 additis
724 1575 892 1623 decem
915 1574 1014 1622 iam
1042 1575 1256 1636 notatis,
1293 1581 1634 1621 trecentorum
1662 1582 1710 1621 et
1735 1574 1969 1622 undecim
2007 1592 2145 1622 sum-

304 1662 385 1694 ma
413 1645 554 1692 nullo
582 1645 782 1709 negotio
809 1645 1083 1710 colligitur.
1155 1644 1300 1693 Unde
1325 1651 1522 1694 tantum
1548 1644 1815 1693 discrimen
1837 1652 2004 1693 ortum
2038 1661 2143 1694 non

306 1715 585 1763 dissimulat
613 1715 809 1764 Author
832 1716 1047 1781 propriis
1068 1716 1209 1764 locis.

446 1786 558 1848 Pag.
600 1789 715 1838 171.
761 1791 865 1837 Τοῦ
895 1785 949 1836 δὲ
982 1783 1175 1852 κόσμου
1215 1780 1367 1855 δήθ’
1372 1785 1406 1851 .]
1451 1786 1692 1834 Numerus
1719 1803 1746 1833 a
1771 1786 1996 1835 Libraiio
2030 1804 2142 1839 ma-

304 1855 485 1905 nifeste
517 1863 802 1921 corruptus.
878 1858 1110 1921 Sequutis
1152 1857 1397 1920 siquidem
1427 1858 1749 1921 Mycenarum
1785 1858 1976 1922 regibus
2011 1859 2164 1922 Pen-v

302 1926 431 1974 thilo
464 1934 514 1973 et
543 1927 781 1974 Comete
766 1944 821 1974 1n
846 1927 1145 1976 laterculum
1169 1928 1229 1974 ab
1262 1927 1487 1976 Autbore
1518 1945 1623 1975 non
1647 1928 1813 1975 relatis
1839 1895 1996 1976 0nulla
2029 1923 2159 1990 lux.

303 2014 400 2061 qua
422 2013 651 2061 praesens
672 2006 930 2062 reparetur
953 1998 1216 2060 mendum,
1252 1998 1472 2061 affulget.
1546 1999 1713 2058 Quare
1742 2006 2027 2063 perseverat
2051 2016 2141 2046 us-

302 2084 595 2131 quequaque
625 2068 856 2131 dubium,
894 2086 958 2116 an
993 2069 1284 2132 Aegisthum
1327 2077 1560 2116 octavum
1596 2086 1653 2116 ac
1689 2068 1937 2117 decimum
1973 2085 2138 2132 regem

300 2137 428 2187 velit
455 2137 653 2185 Author
679 2139 899 2203 quinque
936 2140 1180 2187 duntaxat
1208 2157 1363 2187 annos
1390 2139 1657 2203 tyrannide
1693 2139 1935 2204 potitum,
1973 2141 2058 2187 vel
2076 2140 2141 2188 ad

300 2224 481 2256 novem
507 2225 663 2272 usque
693 2210 959 2275 imperium
990 2210 1336 2275 protendisse?
1374 2211 1499 2257 Dato
1524 2210 1694 2274 priore
1716 2227 1948 2271 numero,
1988 2227 2142 2258 men-

300 2279 420 2326 dum
451 2277 537 2325 hic
574 2287 743 2328 extare
785 2282 1050 2329 confestim
1087 2282 1369 2329 fatendum:
1420 2281 1558 2344 quod
1593 2280 1856 2343 Aegisthus
1894 2281 2141 2329 nimirum

298 2348 476 2397 mundi
511 2349 1069 2413 4330.‘Agamemnone
1100 2351 1295 2402 sublato
1320 2367 1528 2414 regnum
1554 2359 1874 2414 assequutus,
1915 2352 2140 2400 debuerit

302 2419 466 2467 Oresti
489 2420 663 2467 mortis
689 2421 884 2469 authori
901 2440 1031 2469 anno
1054 2422 1210 2475 4335.
1237 2422 1545 2486 relinquere:
1585 2422 1681 2469 alio
1706 2438 1905 2486 quoque
1927 2439 2136 2472 numero

299 2490 541 2551 admisso,
579 2490 645 2537 ad
667 2491 820 2545 4339.
857 2509 1088 2556 regnasse
1115 2492 1404 2555 Aegisthum
1440 2492 1704 2539 dicendum
1734 2500 1832 2554 est,
1872 2501 1921 2540 et
1955 2510 2135 2541 erran-

298 2566 378 2607 ter
402 2577 429 2605 a
456 2560 680 2608 Librario
703 2563 834 2610 solos
860 2563 1083 2643 quinque
1108 2580 1262 2610 annos
1288 2563 1392 2612 eius
1425 2562 1635 2627 imperio
1668 2562 1962 2642 imputatos.
2022 2565 2134 2622 Qua

299 2628 451 2691 igitur
489 2631 758 2696 interpoles
793 2634 997 2698 penitus
1036 2634 1302 2682 incertum.
1382 2634 1631 2681 Pontacus
1663 2633 1717 2680 in
1760 2633 1902 2680 Notis
1948 2650 2136 2712 paucos

300 2699 524 2762 Aegisthi
546 2719 702 2750 annos
726 2703 1037 2768 suspicatur,
1071 2705 1275 2768 eiusque
1301 2703 1498 2752 monitu
1518 2711 1714 2769 plaeter
1738 2720 1893 2750 annos
1918 2704 2136 2767 quinque

299 2767 520 2832 Aegisthi
541 2789 692 2835 regno
724 2774 1082 2823 adiudicandos
1106 2793 1207 2822 11011
1239 2776 1468 2824 arbitror.
1543 2775 1614 2821 01
1618 2774 1731 2821 estis
1757 2791 1912 2821 annos
1939 2774 2137 2823 Author

302 2842 390 2893 23.
430 2840 629 2903 definit,
669 2861 696 2890 a
729 2845 907 2892 mundi
932 2846 1087 2898 4335.
1128 2845 1190 2893 ad
1226 2846 1382 2913 4358.
1430 2843 1661 2893 Ρο1111111ο
1689 2843 1976 2908 Cometique
2005 2846 2135 2892 Ore-

301 2910 367 2957 sti
400 2912 690 2959 successisse
715 2915 909 2963 assertis
934 2917 1054 2963 anni
1086 2933 1190 2964 non
1212 2933 1310 2963 mm
1321 2934 1375 2963 us
1410 2923 1595 2979 septem
1620 2914 1875 2961 tribuendi
1900 2932 1939 2962 a
1957 2916 2134 2963 mundi

303 2979 460 3035 4358.
498 2981 561 3028 ad
596 2982 748 3036 4365.
787 2986 847 3032 de
886 2987 1065 3049 quibus
1101 3003 1212 3051 pag.
1267 2987 1384 3038 125
1421 2985 1478 3034 A.
1526 2984 1786 3048 Pelopidas
1831 2993 2135 3049 exceperunt

301 3049 618 3112 Heraclidae,
658 3060 706 3099 et
731 3062 788 3101 ut
817 3054 886 3103 ait
914 3056 1154 3119 Georgius
1186 3057 1325 3103 annis
1358 3054 1444 3107 58.
1480 3070 1690 3117 regnum
1715 3062 1984 3103 tenuerunt
2016 3072 2130 3121 pag.

301 3121 409 3171 ead.
449 3122 566 3174 125
604 3122 660 3170 B.
700 3140 727 3168 a
763 3126 941 3172 mundi
974 3127 1129 3180 4365
1172 3126 1235 3173 ad
1282 3125 1436 3177 4423.
1488 3141 1586 3188 quo
1628 3125 2130 3174 Lacedaemoniorum

301 3198 350 3240 et
376 3191 745 3247 Corinthiorum
768 3210 916 3258 regna
941 3196 1002 3244 de
1027 3195 1209 3259 quibus
1233 3211 1340 3259 pag.
1369 3197 1486 3246 178.
1520 3195 1574 3243 D.
1602 3202 1648 3242 et
1681 3200 1797 3248 179-
1818 3196 1875 3244 B·
1901 3197 1992 3245 sub
2021 3198 2130 3245 Eu-

302 3261 526 3325 rystheo
539 3270 587 3310 et
618 3263 759 3310 Alete
782 3265 959 3328 primis
986 3267 1183 3328 regibus
1205 3271 1528 3329 sumpserunt
1548 3266 1822 3317 exordium.
1865 3267 1996 3314 Alios
2023 3268 2130 3315 cal-¹

303 3334 444 3380 culos
462 3333 685 3397 sequitur
698 3335 914 3398 Scaliger
927 3336 1110 3383 Canon.
1135 3336 1272 3399 [sago
1290 3340 1338 3388 9.
1366 3335 1555 3386 libr09.
1569 3337 1788 3383 secundo
1812 3337 1988 3400 pagina
2013 3338 2127 3390 159.

450 3400 647 3454 Ίούτου
686 3401 810 3455 κατά
848 3425 902 3457 το
947 3403 1190 3491 miron]
1217 3405 1460 3454 Emendat
1507 3406 1752 3471 Scaliger,
1801 3414 1849 3455 et
1890 3409 2125 3472 Excerpt.

302 3490 409 3540 pag.
448 3476 532 3528 31.
565 3475 741 3526 merito
770 3475 970 3542 leponit
993 3472 1115 3529 κατοὶ
1140 3471 1193 3529 τὸ
1218 3471 1304 3544 λγ’.
