2112 3854
201 181 284 243 24
839 189 908 245 G.
946 187 1016 244 G.
1049 188 1391 248 BREDOVII

202 321 510 388 putationem
554 319 609 371 A.
656 320 722 370 M.
770 323 927 377 3312.
1007 320 1327 384 Septuaginta
1372 321 1586 385 quinque
1622 336 1865 368 annorum
1900 326 2019 382 erat,

203 410 355 457 quum
383 392 442 440 de
473 391 639 439 Haran
665 391 991 454 egrederetur,
1031 390 1203 440 Genes.
1241 395 1332 452 12,
1369 391 1428 452 43
1469 392 1645 453 Georg.
1681 407 1790 454 pag.
1829 390 1896 443 95
1932 389 2022 438 A.:

204 480 318 525 ergo
342 463 393 510 in
419 460 836 509 Canaantransiit
861 459 918 507 A.
941 459 1004 506 M.
1027 463 1180 513 3387.
1253 461 1327 508 Ab
1349 460 1448 508 hoc
1473 477 1602 508 anno
1621 463 1760 513 3387
1776 460 2018 522 ,Georgius

205 533 438 598 opinatur
473 549 627 579 annos
659 531 773 578 illos
817 530 920 583 430
956 530 1317 595 computandos
1356 547 1485 592 esse,
1529 547 1653 594 quos
1693 529 1936 577 israelitas
1967 530 2023 578 in

202 602 425 667 Aegypto
449 600 692 649 habitasse
711 601 766 647 in
791 599 964 647 Exodo
990 617 1095 665 cap.
1124 604 1204 654 12.
1216 602 1437 653 ver8.40.
1459 601 1657 664 legitur,
1683 599 1820 664 apud
1845 599 2022 662 Georg.

203 689 315 738 pag.
341 677 440 725 117
467 679 515 719 et
542 675 667 724 118:
695 687 808 733 ergo
827 672 1100 734 Aegyptum
1122 671 1367 719 Israelitac
1387 671 1677 733 relinquunt
1697 670 1756 718 A.
1774 669 1838 718 M.
1862 671 2020 723 3817.

203 743 313 790 Hoc
339 759 467 788 anno
491 741 663 802 Moses,
687 740 1020 789 Israelitarum
1044 741 1163 803 dux,
1191 741 1440 804 octoginta
1461 757 1714 788 annorum·
1730 746 1859 788 erat:
1899 755 2025 787 con-

199 813 330 860 feras
368 812 712 859 Deuteronom.
750 810 847 872 34,
884 815 918 864 7
945 828 1056 858 cum
1079 817 1140 872 2,
1177 815 1239 868 7,·
1282 812 1404 859 Acta
1431 811 1650 875 Apostol.
1675 814 1723 869 7,
1760 812 1827 862 23
1855 816 1903 856 et
1923 808 2022 871 30⁸3

205 883 382 943 Georg.
413 882 447 932 l.
474 898 517 929 c.
568 881 636 929 Ei
637 897 696 944 go
724 882 899 928 Mosen
918 891 1099 928 natum
1124 899 1225 928 esse
1245 899 1431 928 neeesse
1454 880 1601 930 estA.
1633 880 1698 928 M.
1721 882 1941 932 3817—
1954 882 2024 932 80

199 970 261 996 ==
296 954 461 1004 3737·
501 950 576 999 uti
614 953 667 998 in
691 951 900 1024 Georgio
927 968 1034 1016 pag.
1067 955 1182 1004 126.
1209 951 1266 1001 D.
1290 952 1485 1015 legitur.
1553 951 1614 998 In
1643 949 1774 997 linea
1801 948 2026 1012 sequenti

201 1037 415 1069 eriorem
452 1021 643 1069 scribae
674 1038 775 1069 esse
797 1029 957 1086 patet,
994 1030 1044 1069 et
1067 1038 1258 1069 mecum
1284 1022 1494 1069 scribas.
1539 1024 1620 1071 Τω
1642 1014 1784 1104 γωιζ’
1814 1018 1908 1069 ε’τει
1933 1038 2022 1069 του

199 1086 425 1175 κόσμου,
479 1090 707 1151 Μωσέως
752 1087 800 1141 π’
848 1090 1162 1158 πληρωθέντι
1209 1092 1292 1142 καὶ
1331 1072 1596 1160 ἀρξαμένω
1626 1070 1724 1140 πα’.
1801 1088 2026 1155 (Saepius

201 1157 264 1228 β’,
287 1155 325 1218 ς’
329 1198 343 1223 ,
361 1157 394 1220 ζ
419 1169 467 1209 et
489 1163 680 1225 signum
702 1161 977 1213 dimidiiQ
1011 1162 1062 1209 in
1086 1161 1338 1210 codicibus
1353 1169 1649 1210 commutata
1661 1157 1807 1224 vidi).
1819 1187 1890 1198 —-
1905 1159 2028 1207 Dein

200 1247 312 1296 pag.
337 1235 451 1284 121.
481 1232 689 1294 legitur:
725 1232 941 1293 „Omnes
974 1230 1220 1293 historici,
1255 1239 1360 1280 tum
1385 1231 1576 1279 Iudaici
1608 1238 1716 1278 tum
1742 1229 2026 1288 Christiani,

200 1317 304 1355 uno
335 1317 574 1349 consensu
594 1308 852 1364 testantur,
880 1301 1055 1349 Ilios-en
1077 1309 1259 1348 natum
1286 1320 1385 1348 esse
1409 1318 1540 1348 anno
1565 1298 1781 1347 secando
1805 1300 2028 1359 Amo-sis,

200 1371 329 1434 regis
353 1371 589 1436 Aegypti,
628 1371 721 1418 filii
742 1375 833 1421 τοῦ
851 1369 1052 1419 Ascth.'’
1124 1371 1189 1418 Et
1212 1388 1322 1435 pag.
1344 1365 1433 1424 ⁴68.
1458 1371 1590 1418 inter
1608 1370 1761 1418 lineas
1792 1388 1821 1417 a
1851 1370 2026 1418 scribis

202 1440 493 1506 depravatas
517 1441 807 1488 haec'sunt:
831 1441 1142 1503 „secundum
1164 1441 1380 1505 plurima
1406 1448 1453 1488 et
1477 1440 1754 1488 accuratius
1776 1441 2027 1505 descripta

202 1511 502 1575 exemplaria
535 1514 608 1579 τῷ
638 1509 791 1558 Aseth
816 1512 946 1576 patri
970 1511 1150 1574 viginti
1179 1519 1375 1560 tantum
1400 1528 1554 1559 annos
1586 1511 1821 1573 concedi,
1858 1510 2029 1559 Amosi

200 1581 304 1629 filio
343 1589 505 1628 autem
543 1562 663 1635 26.”
736 1581 824 1629 His
860 1581 1036 1646 positis
1074 1581 1236 1628 omnia
1273 1581 1368 1629 sibi
1408 1588 1654 1645 constant.
1724 1582 1849 1629 Nam
1875 1581 2029 1629 Aseth

202 1651 306 1699 ad
291 1651 556 1715 imperium
582 1651 796 1702 venitA.
818 1653 881 1701 M.
909 1656 1077 1713 3716,
1113 1668 1224 1716 pag.
1254 1655 1370 1706 123.
1403 1653 1484 1715 C.;
1523 1651 1667 1700 annis
1694 1651 1875 1715 viginti
1905 1669 2029 1700 exa-

201 1721 296 1770 ctis
322 1721 514 1769 Amosis
539 1722 776 1769 successit
812 1725 976 1776 3736·
964 1756 978 1781 ‚
1016 1729 1065 1770 et
1085 1722 1244 1771 Moses
1269 1723 1489 1772 secundo
1513 1721 1704 1771 Amosis
1727 1722 1853 1787 regis
1878 1739 2027 1786 anno,

201 1808 317 1856 ergo
347 1792 406 1841 A.
440 1792 504 1842 M.
528 1795 667 1845 3737
692 1800 836 1840 natus
865 1801 955 1843 est.

344 1862 511 1922 Quum
546 1862 697 1926 igitur
731 1862 853 1911 haec
882 1863 938 1910 in
977 1861 1323 1912 diversissimis
1358 1862 1551 1928 paginis
1587 1862 1720 1912 inter
1745 1878 1797 1912 se
1816 1875 2029 1911 consen..

198 1931 360 1994 tiunt,
402 1931 582 1980 Critico
618 1933 695 1981 ius
725 1950 829 1983 esse
852 1933 1064 1996 videtur,
1102 1941 1174 1995 ut,
1204 1951 1325 1997 quae
1349 1935 1408 1982 ab
1434 1934 1512 1982 his
1537 1933 1846 1996 dissentiant,
1881 1933 2028 1982 etiam

202 2001 489 2051 durioribus
513 2002 791 2052 rationibus
829 2004 885 2051 in
914 2004 1230 2052 concordiam
1251 2012 1415 2069 cogat:
1453 2012 1502 2053 et
1533 2005 1731 2053 iamiam
1759 2004 1881 2053 iuris
1911 2021 2030 2071 spe-

203 2072 304 2121 cies
327 2072 578 2121 audaciam
601 2081 761 2138 auget.
812 2075 1021 2140 Capesso
1049 2074 1343 2141 periculum.
1395 2076 1449 2126 P.
1475 2079 1557 2129 68.
1583 2076 1635 2124 C.
1708 2104 1710 2106 v

389 2160 445 2190 ex
483 2142 695 2192 editione
734 2144 912 2195 G‘oari.

199 2215 347 2264 τοῦτο
380 2233 474 2280 γαρ
508 2212 635 2300 ῄμῖν
671 2214 894 2266 ἐνταῦθα
928 2212 1090 2302 πρού-

198 2302 347 2346 κειτο,
374 2303 498 2333 κατα
508 2281 734 2373 ’Ἄμωσιν
760 2283 868 2350 μὲν,
893 2282 982 2337 τὸν
1003 2285 1089 2337 καὶ

204 2352 497 2419 Τέθμωσιν,
534 2351 645 2406 υἷόν
663 2350 822 2442 Ἀσηθ·
840 2359 932 2407 τοῦ
954 2351 1088 2423 πρώ-

197 2442 288 2474 του
317 2423 553 2508 βασιλέως
579 2428 668 2490 τῆς
691 2421 805 2476 κατ’
828 2427 1087 2493 Αἴγυπτον

197 2488 620 2558 ὅκτωκαιδεκατης
646 2497 951 2559 δυναστείας,
987 2499 1084 2548 δεῖ-

198 2564 281 2624 ξαι
310 2560 403 2628 τὴν
443 2565 670 2625 Μωσέως
692 2565 949 2632 γέννησιν,
987 2568 1085 2653 εἴγε

196 2627 238 2682 λ’
262 2632 342 2698 ε’τη
361 2630 684 2721 λογισώμεθα
690 2640 759 2704 τῷ
774 2633 910 2705 αὐτῷ
930 2633 1084 2701 Ἀμώ-

198 2717 303 2764 σει,
351 2703 436 2753 καὶ
495 2700 556 2760 ις’
610 2724 677 2772 τῳ
735 2707 887 2792 πατρὶ
929 2705 1084 2758 αὐτοῦ

194 2767 371 2857 Λσήθ.
411 2773 456 2823 εἰ
482 2770 560 2836 δὲ,
598 2794 668 2834 ως
693 2772 754 2824 τα
776 2780 975 2826 πλεῖστα
998 2775 1086 2827 καὶ

196 2837 518 2930 ἀκριβέστερα
537 2847 637 2894 τῶν
665 2863 1001 2929 αντιγραφων,
1038 2841 1085 2896 κ’

196 2910 289 2977 μὲν
322 2917 390 2980 τῷ
421 2908 603 2979 Ἀσήθ,
639 2911 711 2972 σις’
756 2913 809 2966 δὲ
833 2913 915 2966 τὸν
924 2913 1085 2981 ’Ἁμω

198 2997 310 3045 σιν,
349 2983 482 3034 ἔσται
515 2984 780 3070 γεννηθεις
812 3005 935 3036 κατα
958 2981 1086 3046 κζ”’“
1048 3007 1081 3052 η

196 3048 271 3110 κς’
310 3053 414 3113 ἔτος
447 3058 539 3104 τοῦ
563 3050 722 3106 αὐτοῦ
741 3051 913 3120 Ἀσήθ.
962 3053 1082 3122 όπερ

194 3121 322 3188 ’ἡμῖν
367 3119 571 3192 εὕρηται
608 3144 738 3209 μετα
767 3129 957 3192 πολλῆς
993 3130 1084 3191 τῆς

198 3189 455 3261 ἀκριβείας
495 3190 870 3283 συντρεχόντων
922 3191 1084 3263 γψλβ’

200 3262 295 3314 ἔτει
334 3284 422 3316 του
453 3259 668 3332 κόσμου,
713 3261 780 3317 νε’
816 3263 871 3317 δὲ
895 3261 1084 3332 Ἰναχου

198 3338 292 3384 τοῦ
315 3354 522 3422 πρωτου
566 3335 806 3403 βασιλέως
835 3330 1084 3424 Ἀργείων,

197 3399 330 3454 καθ’
373 3425 463 3466 ους
492 3401 765 3493 Ἀσσυρίων
800 3404 891 3470 μὲν
921 3411 1085 3470 Σφαι-

198 3471 345 3537 δρὸς,
381 3477 676 3530 Συκιωνίων
713 3473 766 3529 δὲ
787 3472 1084 3546 Ὀρθόπολις

197 3542 500 3608 ἐβασίλευον.

1413 2165 1438 2194 e
1472 2148 1773 2195 coniectura.

1143 2218 1291 2267 τοῦτο
1326 2212 1422 2283 γοῖρ
1440 2214 1587 2305 ᾗμῖν
1620 2216 1844 2267 ἐνταῦθα
1869 2233 2033 2302 πρου-

1144 2305 1291 2349 κειτο,
1327 2306 1452 2338 κατα
1459 2285 1685 2376 ’Ἄμωσιν
1708 2305 1815 2351 μεν,
1840 2282 1924 2337 τόν
1944 2284 2034 2336 καὶ

1152 2356 1430 2422 Τέθμωσιν,
1456 2356 1572 2410 υἱόν
1589 2352 1752 2443 Ἀσὴθ
1776 2359 1869 2407 τοῦ
1895 2351 2031 2423 πριό-
2110 2412 2112 2415 ⁴

1148 2446 1237 2478 του
1263 2427 1500 2494 βασιλέως
1522 2431 1612 2494 τῆς
1633 2422 1747 2478 κατ’
1773 2426 2032 2493 Αἴγυπτον

1144 2492 1570 2563 οκτωκαιδεκατης
1597 2497 1906 2558 δυναστείας,
1931 2497 2032 2546 δεῖ-

1142 2570 1219 2631 ξαι
1252 2566 1345 2630 τὴν
1368 2567 1596 2628 Μωσέως
1618 2566 1876 2653 γέννησιν,
1915 2566 2029 2634 εἴγε,

1143 2659 1212 2698 ως
1248 2659 1310 2688 τα
1355 2643 1554 2688 πλεῖστα
1586 2636 1672 2687 καὶ
1690 2633 2032 2724 ἀκριβέστεροι

1139 2712 1241 2758 τῶν
1281 2703 1624 2793 οἷντιγραφων,
1660 2701 1703 2756 κ’
1728 2726 1818 2772 μεν
1843 2707 1923 2772 ε’τη
1950 2711 2030 2758 λο-

1139 2775 1427 2864 γισεόμεθα
1436 2780 1507 2847 τῷ
1541 2771 1729 2842 Ἀσὴθ,
1765 2774 1839 2835 κς’
1877 2776 1932 2828 δὲ
1957 2781 2033 2865 τῷ

1142 2842 1363 2912 Αμωσει.
1401 2829 1519 2911 όπερ
1546 2845 1670 2912 ἡμῖν
1687 2842 1887 2915 εὕρηται
1908 2867 2029 2913 μετα

1139 2920 1326 2982 πολλῆς
1349 2920 1438 2980 τῆς
1473 2914 1728 2983 ακριβείας
1746 2917 2029 3002 συντρέχον

1139 2990 1207 3052 τῷ
1252 2983 1402 3070 γψλζ
1443 2986 1536 3037 ε’τει
1569 2991 1659 3038 τοῦ
1695 2984 1916 3053 κόσμου,
1955 2984 2028 3053 με’

1143 3055 1207 3108 δὲ
1228 3052 1418 3122 Ἰναχου
1449 3061 1542 3108 τοῦ
1559 3077 1765 3145 πρωτου
1789 3058 2029 3124 βασιλέως

1136 3122 1395 3193 Ἀργείων,
1442 3122 1573 3178 καθ’
1617 3125 1707 3189 οὓς
1752 3123 2027 3215 Ἀσσυρίων

1141 3216 1232 3280 μεν
1258 3202 1501 3262 Σφαῖρος,
1523 3199 1820 3251 Σικυωνίων
1844 3197 1900 3251 δὲ
1922 3194 2026 3268 ’-Ορ

1141 3262 1347 3330 θόπολις
1369 3267 1670 3335 ἐβασίλευον.
