2222 3938
327 168 453 230 474
833 224 837 226 .
927 177 1508 236 EMENDATIONES

325 310 593 357 certamine
619 310 800 359 vicisse
813 327 829 358 .·
862 315 911 358 et
934 308 1066 357 infra
1089 307 1211 363 765.
1240 309 1489 357 Hercules
1514 321 1826 360 consummat
1853 317 2147 368 certamina.

323 379 581 429 Antaeum
615 381 879 445 interficit.-
916 379 1012 427 Hic
1047 396 1110 427 ex
1141 380 1374 445 propria,
1412 381 1481 429 ibi
1509 397 1570 429 ex
1599 383 1759 432 aliena
1793 385 2038 433 sententia
2066 386 2152 434 lo-

322 458 531 515 quutum
558 451 823 499 Eusebium
843 450 1012 498 nullus
1040 450 1268 514 ambiget.
1333 451 1543 515 Georgio
1569 452 1797 501 nonnihil
1829 454 1989 503 simile
2011 455 2151 503 acci-

322 522 426 583 dit3
463 529 513 569 et
544 522 808 586 proprium
833 521 1033 585 quidem
1067 537 1267 568 sensum
1288 523 1544 586 proferens
1567 523 1832 573 Herculem
1858 525 1999 574 annis
2026 526 2149 579 436.

321 592 533 657 primam
559 591 905 657 Olympiadem
925 592 1250 657 praecessisse
1272 609 1384 656 pag.
1416 593 1528 647 174.
1552 594 1612 645 A.
1645 595 1874 661 scripsit:
1909 594 1996 643 hic
2015 596 2148 644 alio..

321 679 434 710 rum
458 677 656 709 sensum
682 670 917 727 sequutus
947 670 996 710 et
1016 662 1206 728 pariter
1238 679 1348 728 pag.
1379 667 1496 717 162.
1522 671 1571 713 et
1597 668 1714 720 163.
1749 673 1863 715 ante
1885 673 2148 715 sexcentos

322 748 478 779 annos
503 732 687 780 vixisse
709 741 897 782 narrat.
1166 750 1171 756 ·

462 802 577 866 Pag.
619 808 734 857 196.
763 797 829 852 Ὦ
857 797 1289 882 Πελοποννήσου]
1341 803 1522 853 Versus
1559 805 1644 853 isti
1680 805 1891 855 Librarii
1925 806 2148 856 Poetices

320 872 482 936 ignari
508 891 658 921 manu
682 874 848 922 vitiati
883 890 998 921 cum
1025 873 1088 921 iis
1115 873 1295 936 quibus
1326 878 1579 925 scatebant
1612 877 1850 924 mendis
1835 894 1890 924 m
1921 878 2148 942 praelum

317 942 497 991 referri
519 944 792 1008 nequibant
807 962 819 1006 3
861 944 1093 1009 quocirca
1119 945 1354 1009 Scaligeri
1381 963 1474 1012 ope
1503 964 1611 1013 pag.
1638 955 1805 996 textus
1832 951 1916 1001 37.
1957 964 2148 1014 expur-

317 1014 417 1077 gati
443 1021 493 1060 et
515 1015 738 1063 restituti
762 1016 1014 1079 leguntur.

443 1079 608 1136 ’Ὅθεν
632 1085 718 1136 καὶ
741 1091 845 1146 τοῖς
876 1085 1330 1150 ἐκκλησιαστικοῖς.]
1362 1085 1438 1134 Ab
1462 1086 1571 1134 istis
1595 1086 1851 1151 propriam
1883 1087 1945 1135 de
1971 1087 2146 1152 Olym-

315 1153 543 1219 piadibus
574 1156 773 1219 Georgii
812 1156 1094 1221 opinionem
1133 1156 1461 1205 referentibus
1498 1157 1835 1205 exscribendis
1868 1158 2146 1222 prudenter

316 1225 557 1274 abstinuit
591 1227 836 1290 Scaliger:
875 1225 1192 1290 sequentibus
1230 1245 1259 1273 a
1294 1227 1487 1290 verbiS,
1539 1222 1914 1292 οὕκ“ὄῖμουσον,
1961 1245 2146 1276 nomen

316 1301 367 1341 et
398 1296 748 1345 authoritatem
779 1297 1031 1361 Africani,
1070 1313 1161 1344 ceu
1197 1298 1258 1346 ab
1293 1299 1349 1346 eo
1385 1298 1548 1362 primo
1584 1298 1947 1363 prodeuntibus
1984 1316 2145 1364 prae-

314 1365 439 1428 figit.

460 1439 577 1501 Pag.
614 1441 732 1492 197.
768 1434 978 1504 Ἡμέρας
999 1432 1190 1507 αυξα’.]
1215 1437 1402 1498 Quater
1423 1437 1634 1503 repetita
1648 1438 1766 1491 365.
1786 1437 1977 1486 dierum
2001 1455 2141 1488 sum-

316 1522 397 1553 ma
426 1508 581 1562 1460.
610 1507 882 1572 componit.

459 1575 773 1644 Νυχθήμεροι
804 1570 956 1647 αυιζ.
959 1576 978 1641 ]
1039 1579 1239 1625 Summa
1286 1576 1436 1632 1417.
1480 1576 1630 1625 semel
1665 1577 1933 1640 geminata,
1983 1578 2140 1632 2834.

258 1672 259 1675 ¹
316 1649 629 1697 solummodo
655 1650 756 1697 dies
785 1629 1049 1712 producit.
1084 1649 1169 1696 cui
1200 1648 1264 1696 ad
1289 1649 1624 1713 reparandum
1657 1647 1775 1695 solis
1804 1655 1852 1695 et
1877 1614 2024 1696 ltinae
2050 1666 2141 1696 oc-

317 1736 518 1767 cursum
549 1719 653 1767 dies
687 1718 995 1766 embolimaei
1022 1721 1104 1771 88.
1144 1720 1574 1783 superadduntur3
1612 1734 1674 1765 ex
1714 1717 1889 1782 quibus
1928 1735 2140 1767 consur-

153 1801 206 1845 P.
229 1798 285 1843 55
315 1797 439 1853 gunt
462 1797 585 1852 quot
610 1790 663 1836 in
688 1789 989 1836 octoeteride
1011 1789 1164 1836 solari
1192 1789 1295 1837 dies
1319 1794 1474 1844 2922.
1498 1806 1687 1837 menses
1711 1793 1801 1845 99.
1834 1789 2140 1838 Arcessenda

313 1859 417 1908 huc
441 1859 630 1908 Petavii
654 1859 742 1908 lib.
776 1864 823 1912 1.
852 1861 1020 1923 Temp.
1045 1860 1300 1907 Doctiina.

461 1924 608 1981 Τοῦτ’
627 1929 759 1980 ἐστιν
785 1925 885 1979 dm}
912 1932 1004 1980 τοῦ
1028 1926 1113 1994 με’.
1143 1929 1282 1989 ἔτους
1304 1924 1503 1993 Ὀζίου]
1541 1930 1637 1976 Tot
1673 1929 1863 1977 mendis
1889 1947 1915 1976 a
1940 1947 2138 1978 memo-

307 2000 424 2051 ‘rato
450 2000 680 2065 superius
710 1999 958 2064 Aeschylo
989 2000 1051 2046 ad
1086 1997 1238 2061 haec,
1278 2016 1403 2064 quae
1439 2000 1783 2061 illustrantur,
1820 2000 1972 2049 verba
2011 2018 2138 2058 con·-

315 2079 606 2150 spurcatum
644 2077 718 2118 est
755 2070 955 2131 Georgii
992 2070 1092 2118 MS.
1126 2078 1186 2118 ut
1221 2088 1321 2118 non
1361 2070 1456 2118 nisi
1495 2087 1686 2117 summo
1713 2070 1882 2118 labore
1906 2078 1954 2118 et
1981 2071 2136 2118 animi

315 2141 619 2199 attentione,
657 2140 804 2187 etiam
828 2139 1046 2187 adhibita
1076 2140 1310 2203 Scaliger-i
1340 2157 1448 2205 pag.
1473 2144 1559 2193 37.
1593 2140 1911 2203 castigatione
1947 2141 2136 2204 integre

312 2211 536 2278 potuerit
564 2211 826 2259 emendaii.
899 2212 964 2258 Pi
967 2218 1094 2258 ostat
1115 2211 1171 2258 111
1193 2218 1338 2259 textu
1361 2210 1577 2259 fideliter
1596 2211 1789 2258 reddita
1814 2211 2131 2276 depravatio.

312 2282 455 2330 euius
475 2281 766 2347 expurgatio
794 2280 1151 2344 subiungenda.
1187 2284 1287 2331 τῶν
1315 2279 1369 2331 δὲ
1391 2277 1527 2345 παροέ
1547 2286 1651 2341 τοῖς
1671 2276 1961 2346 Ἀθηναίοις
1991 2281 2134 2348 (scri-

310 2353 395 2401 bat
415 2353 502 2416 qui
525 2354 662 2401 volet
684 2348 910 2416 Ἠλείοις)
927 2346 1274 2416 Ὀλυμπιαδων
1300 2346 1385 2401 οἷνε
1389 2349 1654 2418 γράφησαν
1674 2353 1977 2402 σταδιονῖκαι
2001 2349 2130 2417 σμη’.

312 2419 486 2488 μόνοι,
525 2423 682 2474 ἔτεσιν
718 2419 880 2508 ssyr&
912 2417 1207 2507 ἀρξαμένοις
1233 2418 1330 2473 οἷπὸ
1362 2426 1453 2472 τοῦ
1477 2425 1759 2472 καθολικοῦ
1788 2422 1928 2482 ε’τους
1952 2419 2130 2490 δψκςῖ

312 2493 406 2552 ἕως
426 2496 517 2544 τοῦ
537 2489 697 2561 εψιζᾌ
735 2488 876 2543 τοῦτ’
905 2492 1034 2543 ἐστιν
1073 2487 1170 2543 oin&
1199 2497 1294 2542 τοῦ
1323 2488 1413 2558 με’.
1453 2492 1591 2553 ε’τους
1614 2489 1788 2552 Ὀζίου.
1862 2493 2011 2540 Oziae
2044 2510 2129 2540 re·-

311 2563 396 2627 gni
423 2564 624 2628 quintus
656 2580 806 2629 supra
833 2562 1260 2627 quadragesimum
1286 2580 1444 2611 annus
1469 2564 1598 2611 vidit
1623 2564 1833 2628 primam
1865 2563 2129 2637 Olympia-

314 2634 426 2681 dem
449 2635 740 2683 institutam.
810 2634 1041 2682 Affirmat
1064 2633 1116 2680 id
1139 2633 1360 2695 Author,
1399 2641 1446 2681 et
1471 2634 1689 2681 dilucide
1715 2628 1974 2681 confirmat
1998 2633 2128 2681 scri-

312 2703 434 2751 bens
462 2722 572 2768 pag.
606 2710 721 2759 199.
757 2705 810 2754 B.
849 2724 1018 2771 πρωτη
1040 2699 1307 2769 Ὀλυμπιοές
1339 2701 1565 2784 ἤρξατο’
1550 2704 1640 2754 ε’τει
1659 2699 1819 2763 Ὀζίου
1844 2699 1929 2767 με’.
1965 2704 2128 2751 Euse-

312 2774 450 2821 bium
474 2775 668 2822 demum
697 2775 917 2823 Ioatham
944 2775 1161 2840 tempori
1192 2775 1394 2823 eandem
1419 2775 1572 2822 serius
1598 2774 1921 2821 ascribentem
1950 2791 2125 2839 repre-

313 2843 490 2892 hendit
513 2846 676 2894 verbis
708 2846 1034 2910 sequentibus,
1106 2845 1249 2894 Ozias
1276 2853 1453 2908 autem,
1491 2844 1662 2893 scribit
1685 2844 1783 2905 ille,
1818 2843 2000 2906 regiam
2024 2862 2125 2909 po—

312 2922 543 2964 testatem
568 2933 595 2962 a
623 2917 798 2963 mundi
834 2916 988 2964 natali
1014 2934 1142 2964 anno
1171 2916 1324 2970 4682.
1353 2916 1581 2980 adeptus3
1624 2930 1774 2977 eaque
1811 2913 1895 2966 45.
1933 2915 2124 2978 potitus

313 2985 455 3032 annis
481 2986 653 3033 mundi
677 2987 831 3051 4726.
858 2987 1068 3051 primam
1103 2986 1444 3050 Olympiadem
1473 2984 1663 3032 audivit
1687 2984 1956 3034 numerari.
2002 2986 2123 3033 ,Ρο-

313 3055 408 3103 sita
435 3054 724 3103 huiusmodi
759 3057 1105 3121 Olympiadum
1135 3056 1399 3120 epocham,
1434 3062 1546 3119 post
1571 3058 1688 3108 989.
1718 3071 1902 3116 ann03,
1940 3055 2121 3119 quibus

315 3125 518 3174 ducenti
540 3127 860 3190 quadraginta
896 3135 944 3174 et
975 3135 1088 3175 octo
1127 3125 1461 3185 Stadionicae,
1493 3125 1713 3188 intellige
1752 3141 1925 3172 cursus
1960 3133 2122 3173 certa-

313 3196 603 3260 minumque
638 3196 876 3258 victores,
928 3214 1145 3244 consono
1186 3195 1535 3259 Olympiadum
1573 3212 1778 3243 numero
1821 3195 2121 3257 claruerunt,

314 3268 456 3314 nullo
493 3266 690 3330 negotio
726 3283 914 3314 summa
946 3268 1101 3320 5717.
1141 3283 1382 3313 annorum
1431 3265 1656 3314 advenit:
1698 3265 1909 3314 maxime
1937 3265 1977 3313 si
2017 3274 2120 3314 tres

316 3354 469 3385 annos
495 3346 700 3385 octavae
724 3354 875 3401 supra
910 3337 1325 3400 quadragesimam
1366 3344 1414 3383 et
1445 3336 1827 3384 ducentesimam
1860 3337 2122 3401 complen-

316 3408 406 3456 dae
441 3407 726 3474 Olympiadi
765 3407 1015 3456 adieceris.
1069 3423 1178 3454 cum
1213 3407 1296 3470 qui
1333 3406 1452 3461 248.
1490 3407 1763 3455 victoribus
1800 3405 2117 3454 numerandis

314 3485 434 3526 sunt
463 3479 579 3528 satis
605 3477 722 3528 anni
754 3481 873 3535 989.
911 3477 1289 3544 olympiadibus
1325 3477 1534 3526 totidem
1569 3494 1673 3527 non
1717 3476 1992 3540 sufficiant,
2028 3474 2117 3524 sed
